4467 6192
552 756 612 813 178
1073 753 1114 806 Dc
1132 752 1354 821 Proportionihus

634 927 676 985 X.
699 927 733 985 In
755 945 861 1004 genere
883 944 967 986 omne
990 936 1113 987 octavae
1136 937 1264 1006 systema
1287 937 1331 989 est
1352 932 1571 1002 inconcinnum,
1601 930 1680 1005 quod
1702 946 1762 988 non
1789 932 1891 989 statuit

550 1024 580 1076 et
600 1013 779 1090 diatessaron
802 1024 831 1075 et
853 1014 990 1091 diapente
1013 1017 1094 1075 inira.

634 1102 747 1163 Harum
767 1103 865 1179 legam
886 1103 1043 1179 pleraeque
1062 1104 1125 1178 jam
1148 1104 1232 1163 nobis
1255 1106 1383 1163 servient
1404 1106 1432 1161 in
1451 1103 1653 1163 constituendo
1668 1118 1790 1163 numero
1807 1109 1893 1161 tono·

550 1208 614 1249 rum
635 1208 699 1267 cap.
723 1193 865 1267 sequenti,
1355 1252 1357 1259 ,

634 1277 732 1339 Sexto.
756 1277 903 1353 Quantum
916 1278 1020 1336 attinet
1042 1277 1080 1335 ed
1092 1277 1164 1335 illud
1175 1279 1335 1337 membrum
1348 1277 1531 1351 definitionis,
1554 1277 1674 1337 darona
1688 1279 1803 1335 cursim
1824 1288 1897 1349 per·

550 1366 693 1440 uoliwaa,
720 1369 755 1423 in
776 1370 912 1425 amonis
934 1368 1113 1443 immoratae,
1142 1368 1195 1423 etsi
1218 1374 1341 1425 nonest
1365 1368 1489 1423 instituti
1510 1368 1567 1423 mei
1590 1367 1618 1421 iu
1642 1380 1729 1439 opera
1751 1367 1830 1435 isto,
1861 1362 1896 1421 de

550 1454 691 1512 mensuris
721 1452 883 1529 disputare,
913 1451 985 1509 illud
1007 1460 1103 1512 tamea
1133 1456 1161 1509 in
1184 1470 1290 1527 genere
1312 1469 1430 1526 moneo,
1462 1454 1648 1528 praecipuam
1672 1470 1736 1511 esse
1767 1452 1896 1527 gratiam

551 1549 652 1599 cantus
673 1539 832 1599 harmonici
852 1543 883 1597 in
905 1544 1128 1601 mensuratione.
1174 1540 1248 1599 Nam
1271 1542 1351 1616 quod
1372 1541 1590 1615 generalissima
1614 1540 1722 1600 dictum
1745 1548 1812 1610 est,
1836 1538 1898 1596 dia-

550 1644 625 1686 tono
654 1630 765 1685 cursim
788 1636 858 1699 eta,
888 1626 917 1684 id
946 1629 975 1683 in
1004 1630 1100 1703 specie
1132 1628 1174 1685 sic
1205 1645 1304 1687 verum
1332 1628 1463 1687 efficitur.
1511 1628 1638 1685 Primum
1662 1626 1760 1685 batim
1785 1626 1899 1685 hahent

555 1713 769 1775 distinctionem
791 1718 865 1773 inter
886 1714 1004 1790 longam
1027 1724 1057 1773 et
1079 1716 1197 1774 brevem
1219 1716 1378 1791 syllabam,
1408 1732 1530 1790 quarum
1561 1715 1636 1773 hanc
1658 1715 1769 1772 iaciunt
1801 1716 1901 1789 nnius,

551 1801 633 1860 illam
642 1801 765 1862 duorum
775 1810 937 1878 temporum
950 1810 978 1861 et
990 1803 1031 1860 sic
1043 1801 1232 1877 longitudinis
1244 1802 1359 1878 duplae.
1397 1802 1570 1878 Quanquam
1586 1794 1674 1860 hodia
1690 1817 1748 1859 non
1768 1803 1902 1859 carmina

551 1895 672 1963 tantum,
694 1889 747 1949 sed
769 1892 857 1950 etiam
878 1906 965 1965 prosa
987 1892 1113 1960 canitur,
1143 1892 1172 1947 in
1196 1907 1254 1965 qna
1276 1894 1391 1965 penitus
1413 1890 1570 1966 negligitur
1596 1889 1633 1947 ab
1657 1887 1809 1947 hodiernis
1834 1906 1902 1946 mn·

551 1978 620 2035 sicis
643 1976 788 2055 distinctio
811 1976 915 2052 longae
939 1985 968 2035 ct
989 1977 1085 2034 brevis
1107 1977 1248 2053 syllabae,
1272 1980 1423 2053 respicitur
1448 1995 1514 2036 vero
1532 1979 1615 2035 unice
1639 1976 1808 2035 admoram
1832 1992 1903 2051 pro-

551 2063 716 2136 nunciandi,
740 2068 873 2139 quamvis
896 2066 920 2120 is
936 2062 1023 2123 hodic
1046 2067 1084 2122 sit
1097 2073 1257 2140 corruptus,
1281 2065 1463 2141 habeturque
1478 2082 1531 2140 pro
1547 2064 1635 2139 longa
1650 2062 1777 2140 syllaba,
1804 2080 1905 2139 quae-

554 2168 667 2227 cunque
691 2169 756 2210 cum
778 2160 902 2237 accentu¹
923 2163 1009 2209 acuto
1033 2151 1107 2209 solet
1128 2154 1255 2227 proferri,
1279 2171 1331 2228 pro
1356 2154 1445 2223 brevi,
1469 2169 1545 2227 quae
1567 2169 1633 2210 cum
1655 2154 1746 2226 gravi.

637 2237 673 2295 Id
695 2255 752 2297 nou
775 2242 878 2297 mirum
901 2241 929 2295 in
953 2239 1044 2297 latina
1067 2239 1167 2312 lingua
1189 2241 1263 2309 lieri,
1295 2256 1359 2301 curn
1383 2239 1460 2299 idern
1483 2242 1571 2298 etiam
1591 2238 1695 2297 Graeci
1717 2239 1906 2313 posteriores

554 2326 689 2398 iecerint,
719 2329 770 2402 qui
798 2328 931 2401 quamvis
960 2344 1031 2401 pure
1060 2328 1234 2403 scriberent,
1261 2330 1527 2402 pronuntiationem
1555 2336 1651 2385 tamen
1674 2328 1905 2385 vitiosissimam

553 2407 784 2489 contemplere,
812 2416 842 2471 iu
865 2431 924 2489 qua
954 2412 1034 2470 nulla
1056 2414 1180 2488 amplius
1209 2423 1253 2472 cst
1276 2414 1421 2473 distinctio
1450 2422 1587 2475 accentus
1610 2416 1688 2471 acuti
1719 2430 1737 2469 a
1761 2413 1909 2489 syllabae

554 2499 742 2575 longitudine,
765 2504 863 2577 gravis
886 2519 904 2558 a
926 2502 1077 2572 brevitate,
1101 2518 1165 2559 cum
1181 2509 1275 2560 tamen
1299 2502 1337 2559 ud
1352 2502 1409 2560 hoc
1430 2504 1520 2577 signia
1537 2500 1691 2571 abundent,
1716 2516 1798 2575 qnae
1823 2498 1908 2576 apud

556 2586 676 2647 Latinos
705 2605 764 2646 non
794 2597 853 2647 tam
882 2590 1023 2664 frequenti
1054 2590 1081 2644 in
1112 2606 1167 2645 usu
1191 2589 1339 2649 habentur.
1384 2590 1488 2664 ltaque
1510 2587 1616 2647 Gracci
1645 2590 1794 2663 abrogato
1824 2604 1909 2645 more

555 2674 700 2750 pangendi
730 2693 844 2735 carmen
874 2676 911 2735 ab
934 2676 1060 2749 aliquot
1071 2676 1134 2749 jam
1156 2676 1262 2734 seculis
1285 2688 1442 2752 coeperunt
1464 2677 1590 2735 scribere
1618 2690 1734 2745 versus,
1759 2674 1909 2751 politicos

487 2794 493 2802 ·
557 2759 666 2835 dictos,
697 2763 855 2839 inquibus
886 2762 1018 2838 syllabae
1040 2774 1242 2836 numerantur,
1272 2780 1328 2822 non
1351 2771 1567 2836 mensurantur,
1601 2764 1773 2837 obtinetque
1802 2778 1911 2821 versus

556 2849 753 2925 penultimam,
776 2867 833 2908 non
856 2868 932 2925 quae
955 2858 1058 2908 natura
1080 2850 1169 2925 longa
1191 2859 1243 2923 est,
1265 2852 1319 2910 sed
1340 2868 1417 2926 qnae
1440 2858 1561 2910 accentu
1577 2853 1691 2909 acuitur
1712 2851 1741 2911 iu
1765 2865 1913 2909 sermone

557 2936 702 3015 populari.
746 2937 782 2997 Id
803 2939 891 3013 igitur
912 2939 1060 2995 imitantur
1082 2939 1170 2995 etiam
1200 2940 1228 2995 ia
1251 2937 1344 2997 latina
1365 2942 1454 2996 nostri
1478 2940 1596 3008 musici,
1623 2937 1697 2996 adeo
1720 2943 1751 2993 ut
1777 2952 1819 2996 na
1842 2954 1913 2995 car-

555 3024 682 3084 minibus
710 3025 844 3101 quidem,
875 3027 930 3081 nisi
959 3040 1074 3099 perraro
1102 3042 1156 3082 nec
1187 3042 1323 3099 nuquam*
1342 3028 1371 3082 in
1402 3033 1510 3097 totum,
1543 3031 1680 3101 parcant3
1708 3022 1800 3083 creda
1837 3026 1915 3100 qnia

558 3111 649 3187 dupla
670 3120 700 3171 et
722 3112 971 3188 tripla'perpetna
993 3113 1021 3168 in
1045 3112 1177 3169 cantibus
1201 3124 1245 3170 est
1266 3120 1396 3190 recepta,
1420 3130 1484 3171 curn
1507 3114 1635 3171 carmina
1656 3111 1709 3169 baa
1731 3112 1915 3187 inaequali-

558 3206 601 3258 ter
623 3200 777 3271 misceant,
808 3208 929 3274 excepto
952 3199 1135 3271 hexametro,
1167 3199 1244 3275 quod
1268 3202 1453 3277 proportione
1475 3200 1662 3275 aequalitatis
1686 3202 1716 3256 in
1738 3198 1916 3275 spondaeo,

558 3294 588 3345 et
609 3285 698 3361 dupla
720 3287 847 3362 perfecta
869 3288 896 3341 in
920 3284 1036 3362 dactylo
1060 3294 1225 3345 contentum
1249 3296 1301 3345 est
1346 3288 1572 3362 Brevem-igitur
1587 3286 1730 3363 syllabam
1752 3294 1811 3343 aut
1831 3304 1916 3362 qnae

560 3382 605 3433 est
626 3372 692 3433 loco
715 3373 820 3445 brevis,
844 3372 961 3448 quando
984 3372 1149 3449 spondaeus
1172 3376 1301 3433 srrccedit
1319 3374 1430 3449 jamho,
1455 3383 1484 3433 et
1501 3377 1530 3432 in
1546 3390 1650 3449 genere
1665 3372 1817 3450 syllabam
1843 3390 1917 3433 cum

559 3467 679 3519 accentu
701 3459 901 3536 proferendam
922 3462 1027 3518 musici
1048 3459 1189 3536 deputant
1211 3461 1327 3520 dissono
1351 3478 1438 3533 sono,
1462 3466 1485 3519 si
1509 3478 1560 3537 per
1583 3458 1662 3518 illum
1685 3462 1723 3518 sit
1744 3468 1917 3520 transenn-

560 3545 643 3620 dum,
665 3546 783 3623 longam
805 3548 938 3606 consonis
962 3547 1008 3605 vel
1031 3550 1123 3621 quasi.

645 3632 779 3693 Secundo
801 3634 919 3709 linguae
935 3633 1067 3704 donicae,
1092 3652 1167 3709 quac
1190 3634 1324 3712 rhythmo
1348 3641 1475 3707 utuntur,
1499 3634 1668 3707 Teutonica,
1695 3632 1827 3707 Gallice,
1855 3635 1919 3693 Hi-

560 3722 689 3798 apanica,
714 3722 817 3781 Italica
839 3724 948 3780 iaciunt
969 3720 1017 3780 vel
1039 3723 1170 3781 ultimam
1194 3724 1328 3780 carminis
1350 3732 1464 3781 acutam
1489 3722 1535 3781 vel
1551 3722 1739 3798 penultimam
1763 3722 1921 3782 efferunt-

562 3823 618 3884 que
639 3816 733 3866 totum
756 3811 951 3881 versunam,
982 3826 1017 3867 ac
1039 3812 1064 3867 si
1087 3808 1204 3867 alternis
1234 3818 1321 3867 acuta
1342 3809 1390 3867 vel
1412 3810 1510 3884 gratis
1539 3808 1653 3887 'syllaba
1678 3826 1710 3868 se
1730 3817 1847 3869 mutuo
1872 3814 1923 3867 irr-

562 3904 729 3969 sequantar,
753 3898 814 3955 sive
837 3896 969 3968 sithoc,
993 3903 1026 3953 ut
1046 3899 1074 3953 in
1097 3905 1166 3972 apto
1190 3895 1350 3955 Teutonico
1373 3914 1475 3969 versu,
1500 3899 1563 3955 sive
1586 3914 1643 3954 non
1666 3900 1720 3969 sit,
1746 3906 1780 3955 ut
1802 3898 1921 3957 crebro

473 4060 477 4067 .
561 3984 591 4038 iu
614 3980 747 4041 Gallicis·
791 3983 895 4059 ltaque
919 3986 1012 4043 omnis
1034 3984 1150 4042 illorum
1173 4000 1272 4042 versus
1303 3996 1353 4043 aut
1380 3984 1526 4043 trochaico
1553 3984 1655 4042 similis
1679 3992 1722 4043 est
1752 3991 1806 4042 aut
1830 3984 1923 4060 jam-

562 4071 637 4140 nica,
659 4071 754 4145 iisque
776 4081 826 4127 aur
848 4073 1032 4130 acatalectis:
1065 4068 1214 4151 &bibliot
1236 4067 1382 4154 binarii
1408 4071 1467 4134 unt
1494 4072 1541 4133 ber
1563 4067 1665 4134 baben
1709 4066 1785 4133 nun
1818 4068 1923 4137 bitias

562 4151 618 4219 tait
639 4157 692 4218 ben
713 4153 841 4238 balgen
863 4153 960 4239 (sitiit,
991 4169 1042 4216 arn
1064 4159 1227 4218 cersiacus:
1256 4156 1323 4240 ibet
1351 4156 1400 4239 [idn
1429 4158 1560 4221 uitabat
1587 4155 1642 4221 olle
1663 4154 1749 4221 abrit.
1798 4154 1851 4222 (ξι
1884 4156 1923 4237 iit

562 4244 609 4306 bet
630 4238 856 4326 hitorgtnfttttte.
901 4245 994 4320 Igitur
1014 4248 1116 4303 musici
1141 4249 1219 4304 sonis
1242 4246 1366 4305 dissonis
1390 4245 1487 4305 sedern
1510 4250 1538 4304 iu
1554 4247 1692 4323 gravibus
1716 4246 1762 4305 vel
1785 4263 1922 4324 correp·

563 4333 601 4389 tls
624 4330 745 4407 syllabis
767 4330 873 4405 figant,
898 4335 1032 4390 consonis
1055 4334 1083 4389 in
1106 4336 1209 4393 acutis.

649 4416 758 4491 Tertio,
781 4435 845 4477 curn
868 4436 937 4477 vero
961 4426 1062 4477 cantus
1084 4422 1191 4495 accipit
1212 4438 1376 4479 mensuram
1405 4437 1461 4478 non
1485 4439 1503 4477 a
1525 4418 1646 4496 syllabis
1668 4427 1779 4491 textus,
1811 4422 1877 4481 sed
1903 4441 1924 4481 a

563 4512 656 4578 tactu,
687 4513 775 4582 atque
798 4508 823 4563 is
845 4506 892 4565 vel
916 4505 1033 4584 duplam
1062 4510 1192 4583 sequitur
1215 4510 1428 4586 proportionem
1461 4508 1506 4566 vel
1531 4506 1658 4583 triplam,
1690 4509 1813 4583 primam
1844 4512 1923 4586 qni-

564 4591 629 4650 dem
652 4600 746 4651 tactus
767 4600 879 4669 partem
902 4596 1052 4662 consonis,
1081 4596 1268 4670 posteriorem
1292 4601 1320 4653 et
1343 4597 1370 4651 in
1394 4592 1479 4673 tripla
1507 4596 1681 4667 breviorem,
1711 4612 1788 4670 quae
1810 4599 1925 4672 signi-

563 4678 666 4737 ficatur
680 4679 843 4740 elevatione
858 4698 970 4750 manus,
997 4680 1121 4739 dissonis
1138 4684 1320 4759 potissimum
1336 4690 1483 4741 reservant
1498 4690 1668 4758 caveatque,
1685 4690 1831 4758 quantum
1849 4683 1923 4743 lieri

564 4772 668 4840 potest,
691 4784 726 4827 ne
748 4770 871 4843 primum
894 4777 989 4827 tactus
1010 4770 1159 4827 semissem
1182 4768 1241 4828 alia
1263 4776 1385 4845 occupet
1407 4768 1530 4846 syllaba,
1554 4786 1641 4846 quam
1660 4778 1798 4845 quaeest
1820 4782 1924 4832 acuta

559 4852 749 4927 proterenda,
771 4873 845 4916 neve
869 4855 973 4933 longae
996 4856 1083 4916 binae
1105 4859 1134 4914 iu
1158 4856 1288 4917 ultimam
1311 4863 1537 4933 transpartana
1560 4856 1751 4916 intrudantur.
