4467 6192
1067 1589 1132 1671 ro.
1158 1587 1393 1667 uurruunr
1448 1696 1450 1702 Ι

852 1751 1157 1866 niloticis
1192 1752 1342 1868 iiiiii
1379 1749 1525 1866 iiiiii
1560 1753 1611 1867 ii.

690 1941 696 1948 ’
751 1913 836 2027 'ne
871 1955 1105 2045 congruentia
1142 1955 1345 2044 Figuratum
1377 1957 1673 2066 ‘Harmonicurum

1129 2203 1335 2221 u*-

1012 2425 1016 2430 ’
1068 2391 1388 2496 intolliiii.

568 2573 573 2581 ’
647 2570 812 2633 mmmm
825 2569 1004 2649 singularum
1016 2569 1176 2648 ligurum
1190 2571 1369 2650 regularium
1387 2569 1545 2633 mentalem
1563 2587 1621 2632 acu
1641 2563 1752 2650 καρῇ
1764 2567 1903 2629 iremus

563 2657 726 2741 explicavi:
747 2661 880 2736 munitur
900 2676 999 2720 cuum
1017 2658 1184 2736 junctarum
1198 2661 1371 2737 proprietas,
1393 2667 1425 2720 et
1445 2655 1537 2720 veluti
1553 2658 1672 2720 edemus
1686 2660 1763 2718 inira
1784 2671 1904 2734 geome-

562 2748 731 2824 telamoni
754 2754 799 2807 eat
820 2749 1010 2824 congruentia
1033 2745 1081 2806 rel
1102 2747 1326 2809 insociabiliter.
1369 2746 1436 2807 lion
1457 2753 1527 2806 eunt
1548 2745 1626 2808 euim
1648 2737 1780 2821 ejusdem
1801 2743 1903 2804 latitu-

563 2831 640 2894 dinia
668 2833 935 2895 demonstrabilitaa
962 2841 993 2894 et
1022 2836 1225 2911 congruentia,
1252 2851 1318 2896 curn
1345 2832 1398 2894 ilia
1423 2832 1604 2910 singulorum
1633 2834 1672 2892 sit
1690 2838 1730 2893 -et
1752 2848 1823 2892 cum
1845 2833 1905 2908 lpas

563 2919 763 2999 duplicatione
784 2923 921 2982 continua
943 2919 1066 2982 laterum
1096 2923 1183 2982 nnius
1212 2921 1322 2999 dgurac
1349 2923 1379 2980 iu
1401 2920 1544 2981 inlinitum
1566 2927 1713 2994 unumst,
1741 2920 1801 2980 iata
1825 2919 1906 2980 ceris

563 3016 695 3070 connis
715 3008 846 3086 legibue,
870 3009 978 3086 quibua
999 3009 1098 3085 piures
1120 3008 1230 3087 figurae
1253 3011 1282 3068 iu
1305 3026 1393 3070 uuam
1413 3010 1585 3070 sedentem
1606 3014 1763 3081 recautur,
1791 3006 1834 3067 ob
1856 3021 1907 3066 en-

562 3096 698 3173 gulornm
719 3098 896 3158 incrementa
917 3113 950 3157 ee
972 3097 1066 3174 ipsam
1087 3096 1288 3175 praepediens,
1312 3097 1371 3158 cito
1394 3095 1517 3158 desinat
1561 3095 1600 3157 Et
1621 3095 1756 3172 quamvis
1778 3092 1907 3180 deiectus

562 3185 602 3244 eit
623 3182 767 3260 graduum
787 3185 926 3245 scientiae
948 3182 1260 3262 demonstrationisque
1283 3191 1312 3244 et
1332 3183 1486 3260 plurimum
1501 3183 1634 3244 differant
1655 3181 1811 3243 nobilitate
1833 3179 1907 3253 illae,

564 3287 639 3348 qnae
662 3288 717 3331 nos
738 3270 958 3348 explicavimus,
973 3271 1012 3331 ab
1026 3273 1071 3345 iia,
1095 3287 1169 3349 quas
1183 3271 1344 3331 dimisimus
1367 3273 1430 3333 sine
1451 3271 1583 3332 nomine:
1605 3286 1664 3330 non
1678 3275 1776 3330 tamen
1790 3285 1831 3329 ue
1846 3284 1909 3328 cum

565 3358 623 3418 irae
644 3358 763 3436 quidem
785 3357 1040 3421 demonstrationis
1062 3359 1215 3421 nobilitate
1238 3363 1429 3436 congruentia
1456 3355 1543 3437 plano
1564 3359 1629 3434 pari
1650 3374 1740 3436 passu
1762 3354 1908 3429 mbulet,

565 3445 700 3522 adeoque
722 3464 813 3506 unnm
834 3445 956 3506 alterius
978 3463 1068 3506 cauae
1088 3463 1148 3507 nou
1162 3453 1216 3522 eat,
1238 3444 1292 3507 sed
1305 3452 1460 3524 utrumqne
1482 3462 1519 3506 ex
1534 3443 1636 3506 cadem
1657 3445 1808 3507 communi
1823 3457 1910 3504 cause

565 3527 659 3616 (qnae
681 3541 726 3593 est
747 3533 919 3611 angulorum
941 3531 1052 3609 figurae
1066 3529 1224 3617 aptitudo),
1248 3531 1385 3611 qnodque
1405 3541 1503 3594 nmen
1524 3533 1587 3594 suis
1608 3531 1732 3609 legibus,
1755 3528 1909 3609 dependet.

566 3617 753 3698 Quantopere
777 3638 846 3682 vero
868 3623 1033 3682 ueoemaria
1054 3622 1095 3680 ait
1114 3621 1201 3683 nobis
1221 3621 1296 3682 Meo
1317 3637 1434 3699 qnoque
1455 3619 1664 3698 speculationis
1684 3636 1763 3698 pare,
1786 3635 1825 3679 ex
1848 3621 1908 3696 ipso

566 3708 658 3767 totius
680 3709 777 3786 operis
799 3709 931 3769 instituto
953 3706 1054 3768 ridere
1076 3715 1130 3768 est
1165 3707 1239 3769 (lum
1260 3710 1337 3784 emm
1353 3711 1493 3786 originem
1514 3707 1697 3768 harmonicen
1719 3706 1846 3784 ejusque
1867 3704 1909 3766 ei·

565 3794 661 3856 ieetna
683 3799 713 3853 in
743 3801 806 3856 toto
828 3795 937 3856 mundo
966 3797 1232 3872 praestantissimos
1258 3795 1447 3873 explicandos
1468 3797 1673 3870 sumserimus,
1701 3791 1853 3871 quomodo
1876 3790 1910 3852 de

478 3939 482 3948 .
566 3883 756 3959 congruentia
784 3881 959 3960 ligurum
994 3899 1070 3960 quae
1099 3889 1168 3944 annt
1196 3885 1417 3961 proportionum
1443 3882 1676 3944 harmonicerum
1706 3882 1910 3959 scaturigines,

565 3969 657 4030 verbu
678 3969 761 4030 uuila
779 3970 944 4031 isumus?
966 3986 1032 4030 cum
1055 3968 1131 4032 idem
1145 3979 1231 4033 sonet
1245 3969 1359 4032 Latinis
1381 3985 1538 4049 magunum
1553 3977 1584 4030 et
1601 3971 1813 4047 congruentia,
1833 3964 1912 4046 qnod
1961 3983 1967 3994 ·

567 4054 688 4118 Graecia
709 4051 863 4136 nipparene
883 4065 914 4118 ot
934 4052 1075 4136 dpuoean,
1109 4075 1176 4119 cum
1204 4057 1253 4119 hic
1280 4057 1439 4137 flgmarum
1468 4051 1587 4119 enectus
1616 4058 1692 4118 iutra
1719 4057 1912 4136 geometriam

566 4145 700 4221 meaque
721 4143 960 4206 mahitectouicee
981 4153 1093 4222 partem
1107 4145 1197 4221 iiiam,
1219 4163 1296 4222 qnae
1312 4143 1577 4224 urcenmchetypoa
1592 4151 1733 4220 rasator,
1756 4147 1797 4205 nit
1818 4159 1912 4222 quae·

567 4231 634 4294 deut
657 4231 739 4294 velun
759 4233 858 4310 imago
886 4239 916 4294 et
936 4230 1120 4309 praeludium
1142 4229 1300 4295 effectuum
1328 4240 1410 4294 extra
1431 4235 1622 4311 geometriam
1643 4239 1784 4310 unaque
1806 4229 1912 4292 mentia

566 4327 724 4397 conceptus
745 4320 776 4378 in
798 4321 870 4396 ipsis
889 4319 978 4381 rebus
1000 4319 1184 4381 naturalius
1206 4327 1237 4382 et
1257 4319 1448 4397 coelestibus,
1471 4336 1536 4381 cnm
1557 4321 1721 4398 proprietas
1742 4320 1820 4380 haec
1841 4334 1912 4380 eon·
1952 4335 1959 4352 ·

566 4407 726 4485 mantiae,
749 4424 826 4484 qnae
848 4408 878 4464 iu
900 4413 1075 4468 snucturam
1095 4413 1127 4470 et
1147 4409 1380 4485 corporationem
1401 4407 1530 4485 aliquam
1552 4409 1625 4482 exit,
1648 4405 1716 4468 talis
1738 4409 1786 4482 sit,
1810 4413 1846 4466 ut
1866 4402 1914 4466 rel

567 4497 634 4573 ipae
654 4501 780 4557 mentem
801 4493 1023 4572 speculatricem
1044 4497 1150 4555 inritet
1172 4494 1211 4556 ad
1232 4493 1345 4572 aliquid
1361 4487 1450 4560 eiiam
1463 4493 1534 4556 ioris
1547 4493 1721 4571 ledendum,
1745 4492 1913 4568 meandum,

567 4581 793 4660 corporandum,
821 4590 913 4659 utque
939 4579 1035 4642 lenna
1061 4580 1129 4642 inde
1159 4584 1197 4644 ab
1228 4589 1347 4645 aeterno
1375 4585 1407 4643 in
1427 4581 1670 4661 superbenedicta
1691 4588 1789 4643 mente
1813 4581 1914 4641 dirius

566 4686 620 4747 per
639 4669 771 4731 idearum
793 4669 909 4730 ordines
931 4676 1073 4747 uuquam
1094 4669 1204 4731 bonurn
1225 4687 1379 4747 summum,
1401 4666 1449 4732 eni
1463 4673 1746 4744 communicativum,
1771 4669 1914 4730 condueri

566 4757 598 4815 in
619 4771 674 4816 sus
695 4759 891 4819 mamedune
911 4774 971 4818 non
992 4758 1137 4836 potuerit,
1160 4761 1231 4836 quin
1253 4759 1283 4818 in
1306 4759 1460 4838 oreadonis
1482 4774 1556 4836 opus
1577 4764 1777 4836 prorumperet
1798 4755 1915 4818 Deum·

567 4859 626 4921 que
654 4851 813 4905 omnnem
840 4844 966 4908 eiiicerct
995 4861 1150 4923 corporum
1177 4847 1233 4907 snb
1260 4845 1364 4908 iisdem
1398 4845 1498 4925 liguris
1525 4845 1737 4906 conclusorum.
1781 4843 1830 4906 De
1860 4842 1915 4904 inae

567 4932 656 5008 igitur
677 4929 834 5007 figurarum
854 4935 1043 5012 congruentia
1064 4935 1168 5012 paucis
1190 4951 1294 5012 agaim
1325 4951 1392 4996 cum
1418 4934 1681 4994 demonstrationes
1703 4929 1839 4993 difficiles
1861 4947 1914 4992 ne·

567 5034 715 5098 quaquam
735 5019 803 5093 siut,
824 5037 880 5082 uec
901 5020 960 5082 aiio
981 5036 1056 5099 pene
1078 5027 1232 5100 apparatu,
1255 5039 1344 5102 quam
1358 5024 1425 5101 ipsa
1438 5019 1597 5100 ugrum
1618 5017 1914 5100 pieturaindigeent.
