4467 6192
740 727 744 735 -
854 686 938 743 Liber
953 687 1001 744 IV.
1020 687 1111 757 Caput
1126 686 1160 743 V.
1621 696 1683 757 243

338 863 388 918 des
407 872 573 932 congruum
596 864 739 935 praecellit
761 864 868 933 trigono
892 864 1063 932 bexsgonus,
1088 864 1153 933 qnia
1174 862 1399 931 perfectissimum
1422 864 1579 919 obtinetis
1603 863 1684 934 pleno

339 943 548 1012 congruentium,
577 945 644 1000 solis
662 961 700 998 sc.
719 943 804 997 ternis
822 941 940 1011 angulia;
967 941 1139 1010 praecellunt
1165 941 1242 995 ambo
1262 941 1450 1010 dodecagoni»,
1477 945 1541 1014 quia
1559 945 1640 999 etiam
1657 945 1685 999 in

338 1020 418 1075 solido
436 1023 590 1090 congruunt
613 1024 655 1077 illi
678 1039 740 1077 cnm
762 1022 857 1089 liguris
880 1020 956 1089 aliis,
984 1018 1057 1089 qnod
1081 1035 1136 1075 non
1161 1026 1253 1087 potest
1278 1018 1477 1088 dodecagonus.
1513 1024 1550 1076 At
1568 1022 1685 1079 vicissim

339 1098 471 1167 praecellit
487 1100 600 1169 reliquis
619 1101 811 1168 dodecagouus
830 1099 991 1155 effabilitste
1007 1113 1104 1161 areae,
1129 1096 1316 1152 camillorum
1335 1113 1414 1152 erese
1437 1100 1492 1153 sint
1510 1100 1639 1155 mediales
1658 1109 1686 1155 et

339 1178 374 1231 sio
389 1177 576 1246 ignobiliorem
594 1196 665 1251 quae
683 1196 808 1235 aresrma
826 1179 987 1246 differentia,
1006 1185 1037 1231 ut
1051 1178 1109 1244 jem
1127 1176 1206 1231 modo
1221 1176 1330 1245 dictum,
1348 1176 1482 1234 redundat
1496 1179 1524 1233 in
1536 1196 1684 1249 congruen-

338 1257 612 1326 imperfectionem.
650 1261 694 1314 Sic
719 1260 799 1314 etiam
826 1258 950 1327 trigonus
974 1254 1116 1327 praecellit
1142 1272 1249 1311 rursum
1267 1256 1423 1326 irexagono,
1450 1274 1482 1312 eo
1501 1258 1574 1327 quod
1593 1274 1685 1315 seeum

336 1336 391 1403 ipsa
406 1336 540 1404 trigonica
557 1338 664 1406 species
682 1338 712 1391 in
730 1337 817 1391 solido
836 1337 961 1406 congruit
978 1336 1051 1390 varie
1070 1334 1208 1404 gignitque
1230 1335 1282 1388 tris
1301 1350 1416 1403 corpora
1434 1336 1582 1409 regulariag
1602 1338 1684 1391 hera·

337 1430 416 1482 gonm
433 1423 540 1469 tantum
558 1433 619 1472 curn
630 1416 731 1485 ·fignris
749 1416 812 1471 aliis
831 1416 963 1484 congruit·
995 1416 1043 1469 >Ita
1065 1414 1187 1484 pensatis
1208 1413 1279 1469 inter
1297 1429 1326 1469 se
1349 1412 1515 1471 diversarum
1533 1418 1684 1485 proprieta-

337 1500 389 1547 tum
404 1494 587 1563 ponderibus,
610 1496 800 1563 congruentia,
825 1511 895 1565 quae
912 1496 1029 1563 primum
1056 1503 1083 1547 et
1101 1494 1277 1562 praecipuum
1296 1492 1457 1547 elementum
1476 1504 1519 1549 est
1537 1496 1683 1567 efficaciae,

337 1588 414 1640 penes
437 1573 489 1627 bos
508 1583 563 1628 tres
581 1575 777 1643 propemodum
802 1574 837 1629 ad
855 1571 1043 1643 aequilibrium
1067 1572 1237 1643 perducitur.
1270 1572 1301 1626 In
1328 1568 1471 1628 soibiiitste
1489 1575 1589 1643 primns
1610 1585 1685 1632 tenet

337 1652 519 1720 sexangulum,
537 1653 617 1720 cujus
635 1654 708 1707 latus
727 1653 853 1719 effabile,
871 1652 1004 1708 secundas
1021 1652 1155 1721 trigonus,
1173 1651 1370 1722 occupatenim
1388 1651 1503 1708 eundem
1518 1670 1583 1707 cum
1600 1663 1683 1711 tetra·

337 1745 400 1797 gono
417 1731 543 1802 gradum
567 1733 763 1787 busensiacus
782 1732 1044 1800 effabilepotentia,
1069 1733 1158 1787 viliori
1179 1740 1271 1787 tumen
1295 1732 1485 1801 proportione;
1509 1733 1619 1789 ultimus
1639 1735 1685 1791 hic

337 1819 375 1863 est
399 1810 606 1880 dodecagonns,
632 1809 737 1865 habens
764 1812 836 1865 latus
859 1809 1005 1866 ineffabile.
1042 1812 1143 1865 Verum
1165 1811 1296 1866 scibilium
1322 1826 1372 1865 nec
1389 1812 1565 1879 praecipuum
1584 1823 1626 1870 est
1649 1818 1684 1873 ad

336 1889 478 1943 sidrudem
496 1898 701 1957 argumentum,
719 1905 772 1945 nec
789 1890 817 1943 io
835 1889 924 1957 ligura
941 1889 1098 1960 praecipua,
1125 1890 1178 1945 hoc
1194 1898 1237 1944 est
1254 1888 1502 1959 cmunsercmins,
1532 1894 1684 1949 considere-

336 1973 383 2033 tur,
400 1968 448 2023 scd
466 1976 575 2023 mutum
592 1968 620 2021 in
638 1967 753 2021 centruli
769 1968 860 2023 minus
877 1967 1032 2036 praecipua
1068 1968 1146 2035 Quae
1165 1967 1188 2023 si
1206 1968 1271 2036 quid
1288 1976 1388 2037 potest,
1407 1969 1506 2025 trinum
1524 1973 1606 2039 paulo
1624 1977 1684 2031 red·

337 2046 373 2100 dit
388 2045 570 2102 efficaciorem
589 2046 694 2114 sextili,
715 2046 779 2115 quia
796 2046 897 2107 trinum
913 2044 1013 2099 formet
1031 2047 1148 2114 ungulus
1166 2047 1302 2115 hexagoni
1322 2048 1351 2101 in
1368 2056 1474 2116 centm3
1497 2050 1578 2119 puulo
1596 2053 1684 2108 minus

336 2125 451 2195 utrisque
470 2124 611 2180 efficacem
630 2125 813 2195 semisextum,
831 2140 911 2195 quem
929 2126 1039 2179 metitur
1056 2127 1174 2196 angulus
1193 2126 1288 2181 stellae
1302 2127 1518 2199 dodecagonicsc
1536 2131 1563 2185 in
1582 2142 1683 2194 centro.

335 2204 384 2257 Est
399 2213 491 2259 umen
509 2204 609 2259 ceteris
628 2204 805 2271 sequentibus
823 2203 940 2259 nobilior
958 2204 1072 2261 scientie
1089 2204 1244 2273 semisexti‚
1265 2205 1330 2274 quis
1347 2206 1420 2260 latus
1438 2208 1563 2264 centralis
1581 2210 1685 2281 figurae

335 2282 555 2337 inineffabilibns
572 2280 759 2339 nobilissimae
775 2287 819 2336 est
835 2280 952 2350 speciei,
978 2297 1015 2337 se.
1034 2281 1210 2351 binominum,
1236 2290 1264 2338 ct
1280 2284 1310 2336 in
1327 2298 1418 2337 earum
1437 2284 1619 2343 subdivisione
1637 2290 1685 2347 du-

334 2362 392 2429 plici
416 2354 527 2431 semper
544 2361 649 2430 priores
667 2368 755 2425 tenet,
782 2360 900 2416 adsoni
924 2377 986 2415 cum
1004 2360 1083 2415 socia
1096 2376 1161 2430 sua,
1188 2361 1280 2416 latere·
1296 2362 1551 2418 circumferentialis
1573 2366 1683 2435 figurae,

332 2441 516 2511 rectangnlum
533 2437 641 2514 effabile
659 2439 768 2502 formet.
785 2439 857 2510 qnod
877 2450 920 2495 est
938 2448 1004 2499 uota
1016 2438 1192 2509 perfectionis
1204 2456 1275 2509 pene
1288 2440 1443 2511 ahsolutum
1463 2442 1684 2513 adeoquetetium

335 2535 390 2573 cnm
406 2521 516 2589 trigono
534 2527 562 2573 ct
580 2519 724 2588 hexagono
742 2520 813 2575 banc
830 2519 944 2586 figuram
959 2518 1105 2575 scibilitate
1123 2518 1190 2574 iecit
1207 2518 1380 2589 oscendere,
1399 2528 1512 2590 propter
1529 2522 1601 2579 banc
1618 2540 1683 2593 pen·

333 2598 461 2653 udonem
479 2596 677 2652 ineffabilitatis
696 2614 776 2666 suae,
791 2597 976 2667 ponderosam
992 2596 1147 2658 admodum.

412 2688 633 2765 Propositio
655 2686 744 2746 Xlll.
790 2688 918 2763 Quartus
947 2692 976 2747 in
1007 2690 1181 2750 efficacitate
1211 2690 1474 2767 corrigurationnm
1504 2691 1613 2767 gradus
1640 2702 1686 2755 est

335 2778 474 2853 quintilis,
498 2773 660 2851 biqulntilis
683 2784 712 2832 et
734 2777 916 2851 quincuncis.

413 2862 463 2914 His
487 2858 561 2913 enim
583 2858 732 2911 communia
757 2865 799 2912 est
823 2860 1001 2926 congruentia
1026 2858 1173 2926 figurarum
1196 2858 1383 2928 primariorum
1407 2865 1525 2915 totorum
1548 2860 1575 2914 in
1593 2862 1684 2933 plano,

335 2955 383 2992 non
398 2949 493 2993 tamen
511 2934 678 3004 singularum
696 2936 847 3005 specierum
866 2946 959 2992 secum
976 2939 1057 3008 ipsis,
1081 2938 1130 2993 sed
1149 2939 1295 3007 primarum
1313 2938 1428 2992 duarum
1445 2938 1516 2993 inter
1534 2954 1564 2995 se
1583 2949 1685 3010 mutuo,
1784 2966 1788 2971 ·

334 3016 437 3073 ultim
455 3032 519 3072 cum
537 3015 598 3072 eliis
616 3014 668 3068 sibi
686 3016 816 3084 cognatis.
852 3016 1026 3072 Praecellunt
1045 3018 1099 3071 duo
1118 3018 1223 3088 priores
1236 3024 1363 3088 aspectus
1381 3032 1422 3086 eo,
1441 3019 1515 3088 quod
1533 3030 1686 3089 congruunt

332 3093 444 3164 figurae,
468 3100 641 3164 pentagonus
660 3102 688 3146 et
707 3094 786 3148 stelle
804 3094 862 3162 ejus
882 3097 963 3150 etiam
981 3096 1008 3151 in
1027 3095 1115 3150 solido
1133 3096 1292 3167 iaciuntque
1316 3094 1383 3150 dues
1402 3095 1503 3165 figuras
1522 3098 1623 3153 solidas
1641 3114 1683 3154 re-

334 3173 442 3241 gnlnres,
462 3190 518 3241 qua
535 3160 676 3226 nobilitat'e
694 3188 765 3241 pene
782 3176 920 3229 associant
937 3181 1066 3245 aspectus
1085 3188 1150 3228 suos
1169 3174 1240 3228 trino
1260 3180 1287 3228 et
1298 3171 1449 3243 quadrat03
1469 3174 1549 3230 stelle
1567 3174 1682 3233 dodeca-

334 3254 423 3317 gonica
439 3253 469 3306 in
488 3251 575 3306 solido
594 3266 649 3305 non
667 3254 799 3320 congruit,
818 3261 847 3307 at
858 3254 976 3309 vicissim
994 3252 1135 3323 praecellit
1153 3258 1181 3307 et
1193 3252 1393 3319 dodecagonioa
1405 3254 1582 3321 congruentia
1594 3255 1684 3324 plana,

334 3344 409 3397 quam
425 3330 512 3384 babet
534 3330 744 3386 continuabilem
767 3334 795 3386 in
812 3333 959 3401 infinitum,
984 3350 1045 3388 cnm
1062 3332 1126 3386 illae
1154 3348 1207 3386 non
1229 3331 1309 3400 longe
1333 3330 1484 3386 continuari
1501 3334 1608 3402 possint
1626 3334 1685 3389 sine

333 3408 444 3462 mixtura
461 3410 632 3477 irregulari'
650 3410 719 3464 Vide
737 3411 805 3466 haec
824 3413 914 3467 omnis
931 3412 1001 3466 libro
1019 3412 1056 3466 Π.

413 3488 496 3557 Quod
519 3488 690 3543 scibilitatem
713 3491 811 3544 attinet
835 3492 950 3545 laterum
972 3490 1117 3557 infigaris
1141 3488 1319 3559 neutralibus,
1342 3490 1387 3545 hic
1412 3488 1494 3544 etiem
1517 3468 1684 3545 medioloco

333 3568 481 3621 condatum
499 3567 588 3621 latere
605 3567 737 3637 decagoni
754 3578 782 3622 et
800 3571 928 3624 tridecilis
948 3576 976 3623 et
995 3570 1171 3638 dodecagoni,
1190 3570 1260 3639 quae
1279 3576 1343 3625 sunt
1362 3570 1415 3624 hac
1433 3569 1461 3623 ln
1473 3570 1559 3629 elcese
1579 3579 1683 3625 senua·

338 3644 382 3714 les,
398 3647 470 3701 inter
489 3646 563 3700 latus
581 3646 680 3714 trigoni
699 3649 889 3715 praecedentis
908 3655 937 3702 et
954 3647 1041 3701 latera
1058 3649 1207 3717 pentagoni
1224 3646 1374 3717 stellaeque
1392 3649 1600 3719 pentagonioae,
1624 3665 1685 3705 oen-

332 3724 435 3778 tralium
453 3724 605 3794 figurarum
622 3726 651 3779 in
668 3725 756 3780 classe
774 3728 907 3797 sequenti.
943 3727 1012 3779 Nam
1036 3724 1106 3780 hbro
1125 3726 1145 3779 1.
1171 3725 1384 3782 demonstratum
1404 3730 1457 3791 est,
1483 3728 1559 3798 prius
1578 3730 1686 3783 cassin

334 3804 441 3857 mancia
461 3804 658 3872 decagouionm
675 3804 749 3859 latus
764 3807 957 3876 pentagonico‚
980 3804 1102 3861 trideoile
1121 3806 1224 3861 stellari
1241 3808 1432 3876 pentagonioo.
1469 3807 1568 3875 Itaque
1587 3815 1615 3862 et
1633 3808 1684 3863 sci·

334 3880 418 3937 bilitas
437 3885 536 3938 eodem
553 3884 641 3951 ducit,
669 3900 723 3952 quo
742 3893 770 3940 et
787 3886 973 3955 congruentia,
997 3898 1050 3953 per
1067 3899 1106 3953 pr.
1129 3886 1159 3953 7,
1183 3900 1253 3953 quae
1276 3886 1357 3955 huJus
1382 3886 1552 3955 potissimum
1576 3888 1685 3942 demon-

333 3966 467 4019 strationis
492 3980 575 4031 cause
598 3963 650 4017 fuit
671 3964 884 4033 praemittenda,
913 3977 947 4018 ne
971 3963 1063 4018 decilis
1085 3964 1128 4018 sel
1151 3960 1281 4021 tridecilis
1304 3966 1506 4035 praeferrentur
1528 3967 1634 4036 quintili
1658 3976 1685 4023 et

333 4043 471 4113 biquintiii.
509 4044 539 4097 Si
562 4057 626 4098 rero
651 4044 711 4113 quis
735 4044 818 4097 missu
839 4044 926 4111 figure
950 4043 1064 4096 centrali
1087 4043 1260 4099 scibilitatnm
1282 4045 1373 4114 potins
1395 4046 1423 4099 in
1448 4044 1684 4101 circumferentiali

334 4138 457 4192 quserere
476 4123 550 4191 velit,
570 4139 624 4177 non
642 4124 729 4177 minus
748 4140 829 4194 quarn
847 4118 1071 4192 congruentium,¹
1086 4122 1137 4177 etsi
1148 4122 1289 4177 fatendum
1301 4132 1352 4192 est,
1370 4124 1423 4179 hoo
1436 4131 1516 4194 pacto
1533 4124 1685 4192 praelatum

333 4200 361 4254 iri
378 4202 492 4258 decssem
511 4202 626 4273 quintili,
645 4202 794 4258 tridecilem
812 4202 959 4272 biquintili‚
979 4208 1008 4254 ct
1026 4202 1178 4256 meminerit
1195 4202 1232 4272 is,
1251 4204 1412 4273 praecipuas
1431 4216 1492 4258 esse
1511 4210 1603 4271 portes
1622 4218 1685 4259 con·

334 4280 477 4350 gmendae,
499 4289 529 4334 ut
547 4281 715 4334 ostendimus
733 4298 773 4350 pr.
791 4282 815 4335 i.
832 4280 923 4347 ,majus
941 4280 1076 4349 igiturest
1094 4288 1122 4336 et
1134 4282 1197 4350 plns
1216 4282 1250 4336 ed
1269 4282 1456 4338 efficacitatem
1476 4286 1574 4350 potest,
1594 4295 1685 4335 creare

332 4358 440 4427 figuram
465 4359 581 4415 solidam
606 4361 688 4429 (quae
711 4370 754 4414 est
776 4360 861 4414 veluti
886 4360 949 4414 idea
971 4359 1103 4429 quaedem
1129 4360 1319 4416 mathematica
1345 4360 1514 4416 efficacitatis
1537 4359 1685 4429 physicae),

333 4452 407 4507 quam
429 4438 505 4493 lctus
530 4437 632 4494 hebere
654 4438 811 4509 perfectiori
835 4440 922 4506 gradu
947 4438 1051 4495 scibile.
1085 4440 1173 4494 Latus
1197 4440 1306 4510 quidem
1331 4438 1498 4509 dodecagoni
1525 4439 1576 4492 hoc
1603 4446 1684 4506 puoto

333 4517 430 4572 confert
449 4525 592 4585 aspectum
609 4532 688 4574 snum
710 4520 738 4572 in
756 4517 871 4573 eandem
896 4518 1012 4573 classem
1035 4534 1096 4572 oum
1122 4518 1259 4574 subtensis
1283 4518 1404 4574 decimae
1427 4517 1498 4587 parti
1522 4516 1615 4570 circuli
1639 4517 1684 4571 tri-

332 4596 432 4665 busque
451 4596 573 4664 decimis,
592 4597 656 4667 quia
675 4597 843 4651 contendunt
859 4597 931 4651 inter
948 4611 978 4651 se
995 4598 1166 4667 praestantis
1183 4597 1342 4653 scibilitetis.
1377 4600 1447 4653 Nam
1460 4596 1530 4650 sicut
1548 4598 1686 4653 sociantur

331 4674 397 4729 inter
413 4692 443 4729 se
463 4676 536 4730 duae
553 4676 618 4730 illae
633 4676 784 4745 subtensse
807 4676 894 4744 fitque
913 4676 1001 4731 minor
1018 4677 1129 4745 majoris
1153 4692 1217 4745 pers
1240 4676 1268 4730 in
1286 4678 1461 4747 proportione
1480 4674 1570 4729 divina
1587 4678 1685 4732 sectio.

333 4752 369 4805 nis
386 4756 539 4811 secundnm
563 4764 685 4810 extrema
708 4763 736 4810 et
758 4754 888 4825 medium,
915 4756 955 4810 sic
978 4757 1059 4811 etiam
1084 4756 1156 4810 latus
1175 4756 1343 4825 dodecagoni
1366 4762 1393 4808 ct
1416 4754 1488 4809 latus
1513 4755 1571 4823 ejus
1590 4756 1685 4812 stellae
1752 4814 1757 4829 x

333 4834 465 4889 sociantur
490 4842 520 4890 et
537 4835 591 4889 hoc
609 4835 689 4888 etiem
713 4842 839 4904 respectu
857 4834 985 4889 sectionis
1010 4843 1038 4889 ct
1060 4832 1263 4903 compositionis
1288 4831 1416 4901 alicujus,
1442 4848 1496 4886 non
1514 4840 1605 4887 tamen
1623 4850 1685 4903 pro·

334 4912 496 4979 portionalis.
533 4912 571 4965 Et
590 4911 658 4966 haec
676 4912 784 4981 quidem
802 4914 864 4980 biga
882 4913 1016 4983 posterior
1028 4913 1100 4967 cadit
1118 4914 1146 4966 in
1159 4910 1270 4981 primam
1284 4912 1401 4980 speciem
1413 4908 1596 4985 ineffabilium,
1616 4928 1685 4982 quae

334 4992 514 5062 complectitur
532 4991 682 5045 binominea
701 4999 729 5043 et
748 5000 902 5060 apotomas3
922 4999 950 5046 at
966 4991 1084 5045 vicissim
1102 4989 1150 5044 ills.
1162 4990 1237 5059 prior
1249 4990 1311 5057 bigs
1329 4990 1444 5059 acquirit
1457 5006 1552 5045 novam
1564 4993 1684 5061 proprie-

308 5093 311 5100 ·
333 5076 409 5126 tatem
428 5070 561 5127 sectionis
577 5068 730 5123 secundum
754 5077 876 5127 extrema
893 5080 921 5126 et
939 5070 1072 5139 medium,
1097 5077 1128 5124 nt
1152 5068 1243 5126 videre
1261 5077 1303 5126 est
1324 5069 1369 5124 llb.
1388 5070 1410 5125 1.
1447 5070 1536 5139 Quare
1554 5087 1609 5143 non
1624 5079 1685 5126 tan-

331 5155 386 5205 tum
402 5157 556 5221 pensantur
573 5149 602 5203 hi
619 5149 729 5219 gradus,
747 5150 796 5205 sed
815 5150 899 5205 etiam
916 5148 1058 5219 praecellit
1075 5150 1199 5207 nonnihil
1217 5150 1361 5221 decengnii
1378 5150 1460 5207 latus.
1497 5152 1582 5205 Recte
1602 5150 1686 5222 igitur

1463 5242 1529 5305 16·
