4467 6192
550 650 615 715 384
1068 637 1216 699 Ptolemaei
1235 636 1390 701 mus

551 840 649 901 nsque
669 823 718 885 hic
740 822 841 900 aliqu
862 823 994 887 umatus
1017 821 1244 885 omuinotltds
1264 838 1372 901 mma
1387 825 1417 883 iu
1439 836 1533 901 genus
1546 821 1599 906 ¹¹¹)
1621 836 1741 903 propter
1764 835 1891 889 rmor-

493 983 495 987 .
550 914 805 988 penuutatiouom,
836 927 930 989 neque
961 910 1022 970 illic
1051 913 1210 988 percipitur
1237 910 1338 987 aitqua
1365 911 1516 971 sensibilis
1542 912 1739 989 &inqualitss
1762 932 1891 975 ωιιιιι

549 1006 667 1077 propter
687 1000 867 1061 secesaloues
890 1001 920 1057 in
942 997 1127 1061 latitudinem
1142 994 1196 1079 w).
1242 998 1465 1075 comparandus
1495 1006 1594 1061 sutem
1626 1018 1662 1060 er
1692 1002 1776 1062 hisee
1803 1001 1894 1062 doura

549 1094 647 1166 tonus,
669 1088 718 1162 qui
742 1086 829 1164 plane
852 1084 966 1146 medius
989 1093 1048 1159 est,
1081 1084 1190 1145 mediis·
1209 1087 1376 1146 accessibus
1399 1101 1489 1146 causa
1513 1086 1691 1160 latitudiuis,
1719 1098 1750 1148 st
1773 1091 1829 1164 iis,
1851 1092 1892 1169 qui

549 1174 705 1233 secuudum
729 1171 973 1251 aequinoctialem
1002 1174 1030 1231 in
1061 1172 1253 1251 rmcqnalihet
1283 1172 1473 1251 sphaerarum
1495 1183 1565 1234 sant
1586 1170 1729 1251 ordinati,
1764 1176 1893 1254 mixtlly·

549 1259 613 1320 dlue
638 1278 706 1323 vero
730 1271 760 1323 et
781 1258 971 1340 hypodorius,
995 1270 1027 1320 ot
1050 1264 1186 1331 extremi,
1207 1260 1418 1321 borealissimis
1442 1270 1471 1323 ct
1492 1262 1723 1335 australissimls,
1747 1280 1827 1341 quos
1848 1280 1893 1325 re·

549 1346 600 1409 luti
625 1348 784 1409 secuudum
806 1351 934 1427 tropicos
956 1349 1155 1425 concipimue3
1180 1357 1306 1425 quatuor
1330 1366 1399 1409 aero
1423 1347 1545 1427 reliqui,
1568 1350 1621 1426 qui
1642 1358 1711 1410 sunt
1734 1352 1813 1411 inter
1837 1350 1894 1411 dic-

548 1445 603 1507 tos,
626 1436 768 1499 renuendi
790 1436 918 1497 suntad
942 1443 1054 1506 motos,
1079 1438 1132 1512 qni
1154 1445 1223 1496 suut
1244 1434 1406 1500 secondum
1427 1436 1586 1514 parallelos
1608 1437 1800 1501 intermedias
1826 1442 1893 1499 inter

548 1526 688 1601 uoplcos.
704 1534 734 1585 et
762 1524 1007 1600 aequinoctialem
1032 1520 1074 1603 V).
1119 1522 1196 1583 llam
1225 1534 1256 1583 et
1282 1522 1385 1585 horum
1413 1532 1482 1585 sunt
1504 1528 1539 1598 t,
1571 1534 1690 1603 propter
1718 1525 1894 1587 divisione·

547 1610 720 1673 circulorum
743 1610 927 1687 obliquorum
945 1614 988 1671 ⁴iu
1011 1619 1109 1687 partes
1136 1614 1189 1684 it,
1224 1620 1438 1687 cousequenter
1468 1613 1561 1688 ipsius
1589 1612 1703 1673 rodim
1728 1616 1769 1671 ii
1792 1615 1892 1691 signis

546 1698 620 1758 Nam
643 1700 819 1778 tropicarum
841 1698 932 1759 veluti
955 1700 1104 1775 signorum
1127 1700 1271 1759 utrumvis
1293 1714 1384 1758 annm
1403 1699 1492 1758 isaim
1513 1698 1702 1777 parallelum
1724 1717 1807 1777 qnae
1828 1718 1893 1761 reru

547 1786 707 1863 emuniter
735 1786 774 1846 ab
804 1784 944 1846 alterutro
974 1786 1078 1845 horum
1110 1784 1213 1846 versus
1235 1783 1360 1845 alterum
1380 1782 1529 1845 nhehtuut
1550 1787 1620 1846 hina
1641 1790 1761 1865 punctu,
1783 1804 1894 1849 mm
1969 1841 1970 1874 ,

547 1891 636 1933 onom
659 1882 688 1934 et
710 1872 835 1938 eundem
856 1872 1029 1951 parallelum
1052 1872 1172 1946 dabunt,
1195 1880 1229 1931 ut
1251 1875 1293 1932 ita
1317 1874 1335 1932 5
1359 1875 1573 1933 constituantur
1594 1874 1716 1953 copulae
1736 1874 1894 1936 somdm

547 1962 692 2023 unciariae
714 1960 867 2021 dimuntias
890 1966 920 2023 ct
941 1959 1101 2022 secuudum
1124 1977 1175 2020 eas
1201 1961 1219 2017 5
1242 1962 1330 2019 etiarn
1353 1958 1496 2037 paralleli,
1520 1969 1549 2020 et
1571 1964 1787 2022 connumeratis
1812 1965 1894 2023 οιίιιιι

547 2048 624 2110 hluis
645 2050 765 2126 tropicis
790 2051 822 2123 t,
854 2064 974 2109 mrmoro
1004 2046 1107 2109 eodem
1138 2064 1204 2107 cnm
1233 2054 1368 2111 tonorum
1398 2048 1617 2109 mutationibus.
1664 2050 1896 2111 Arsociahuntm

548 2144 646 2199 autem
669 2138 703 2211 ii,
737 2138 875 2217 quisunt
903 2138 1048 2196 acutiores
1077 2134 1176 2198 dorio.
1206 2143 1324 2213 propter
1345 2145 1448 2196 cautus
1470 2134 1655 2196 altitudinem
1677 2153 1743 2195 cunr
1767 2138 1895 2197 motibus

547 2222 586 2285 ad
607 2218 880 2303 polum'elevstum
903 2232 932 2283 et
955 2221 1053 2285 veluti
1069 2224 1201 2296 aestivis,
1223 2222 1252 2285 h.
1276 2241 1301 2283 e.
1326 2224 1376 2284 uhi
1398 2224 1484 2304 polus
1507 2223 1613 2286 horsus
1635 2222 1781 2300 elevatur,
1808 2228 1894 2286 moti·

548 2310 602 2374 hos
622 2309 918 2390 septentrionalibus,
943 2312 993 2371 uhi
1015 2308 1169 2380 annualis,
1192 2311 1352 2387 oppositis;
1378 2313 1528 2388 graviores
1551 2328 1621 2371 vcro
1644 2314 1822 2389 tanlquam
1846 2311 1896 2373 do·

546 2401 605 2459 rius
639 2406 757 2477 propior
779 2406 883 2461 cantus
905 2397 1099 2464 humilitatam
1123 2398 1251 2458 motlhus
1274 2394 1333 2457 iliis
1355 2397 1593 2477 applicabuntur,
1624 2400 1677 2475 qui
1698 2407 1769 2458 aunt
1792 2418 1894 2461 susas

546 2484 646 2563 polsrnr
667 2488 887 2564 inconspicuum
910 2494 941 2547 et
963 2486 1054 2550 veluti
1069 2486 1208 2560 hibernis,
1230 2484 1261 2544 h.
1273 2503 1297 2545 e.
1312 2484 1363 2545 uhi
1378 2486 1485 2547 boreus
1500 2484 1586 2562 polus
1600 2484 1756 2560 attollitur,
1779 2497 1896 2547 susm·

549 2572 679 2648 iioribus,
703 2574 754 2634 uhi
776 2572 924 2647 casualis,
947 2572 1277 2653 septentrionaliorihos.

631 2675 705 2733 licta
722 2676 744 2729 Ι.
779 2675 822 2730 Ne
841 2690 912 2730 nuuc
931 2674 1039 2744 qnidam
1058 2688 1088 2729 se
1106 2672 1218 2742 respicit
1233 2670 1413 2736 Ptolemaeus.
1437 2673 1556 2731 Tertiam
1575 2680 1696 2730 motuum
1714 2676 1850 2745 specium
1872 2678 1896 2731 ia

544 2754 642 2823 latum,
669 2754 860 2822 denominat,
881 2744 959 2808 'acui
977 2768 1032 2809 non
1050 2751 1163 2822 primaru
1181 2756 1302 2813 mutum,
1328 2748 1377 2804 red
1393 2760 1421 2803 et
1449 2753 1595 2809 secundam
1622 2768 1656 2807 ex
1673 2753 1771 2808 eodem
1800 2771 1896 2825 genere

544 2839 633 2888 motus
651 2830 729 2902 primi
748 2832 936 2897 detumuisset,
961 2844 1023 2885 cum
1048 2838 1140 2887 tamen
1167 2828 1289 2885 secunda
1314 2826 1397 2884 merit
1414 2844 1449 2883 cx
1468 2832 1585 2887 modhm
1603 2832 1744 2889 secundis.
1772 2840 1802 2887 et
1821 2834 1897 2905 piane

544 2911 660 2967 multum
677 2910 779 2966 reform
797 2910 831 2973 ad
850 2912 1067 2982 comparationes
1085 2910 1183 2981 cepitis
1203 2910 1249 2978 10‘,
1277 2910 1379 2964 maneri
1396 2910 1425 2963 in
1442 2909 1539 2967 eodem
1555 2927 1667 2981 gauere,
1690 2913 1756 2982 quta
1772 2928 1847 2981 qaas
1863 2912 1896 2967 rhi

544 2990 763 3047 consideraverat
780 2989 971 3059 longitudines,
991 2989 1056 3046 illoc
1072 2997 1151 3047 mant
1167 2997 1293 3060 respectu
1312 2988 1471 3054 horizontis,
1489 2996 1520 3045 ut
1536 2998 1565 3044 et
1581 2988 1748 3057 latitudines,
1767 3006 1840 3059 quas
1857 2990 1897 3044 hir

543 3070 712 3137 considerat,
741 3077 805 3145 sunt
823 3076 949 3139 respectu
967 3071 1091 3140 eiusdem
1108 3068 1256 3124 horizontis
1273 3076 1303 3123 et
1325 3068 1383 3137 poti
1400 3067 1493 3123 mundi
1510 3074 1539 3123 st
1555 3067 1690 3137 sphaeras
1706 3068 1794 3125 motui
1813 3069 1897 3139 prino

544 3146 708 3216 destinatae,
744 3154 840 3203 contr-t
866 3147 1025 3203 altitudines
1050 3148 1150 3220 capitis
1175 3150 1219 3202 11.
1244 3162 1299 3201 non
1326 3152 1405 3201 eraut
1431 3152 1558 3216 respectu
1588 3145 1739 3201 horizontis
1766 3156 1817 3201 aut
1845 3144 1898 3216 puli

451 3278 456 3287 ,
544 3228 685 3297 sphaerae,
704 3226 752 3282 aed
770 3234 898 3297 respectu
916 3227 1003 3282 senui
1022 3227 1130 3282 Terrae.

629 3324 754 3381 Natali.
789 3326 985 3395 Argumentum
1003 3325 1056 3381 hoc
1074 3320 1284 3392 comparationis
1295 3318 1375 3376 udde
1387 3329 1429 3377 est
1446 3322 1582 3393 generale,
1601 3337 1651 3376 uec
1663 3322 1773 3377 serium.
1792 3322 1896 3383 Dicam.

543 3404 616 3475 quod
632 3403 760 3460 hahuerit
779 3402 854 3459 aliud
871 3400 1080 3473 comparationis
1099 3404 1287 3469 argumentum
1305 3399 1333 3453 in
1352 3398 1472 3465 occulto,
1489 3401 1543 3455 hoc
1561 3389 1612 3469 ab,
1630 3409 1662 3455 ut
1681 3400 1757 3457 nulls
1774 3401 1816 3460 illi
1835 3418 1897 3473 pars

542 3483 658 3539 musices
677 3481 803 3551 supersit,
822 3496 892 3551 quae
912 3498 965 3536 nou
984 3480 1137 3551 reperiatur
1153 3479 1181 3533 iu
1202 3477 1293 3546 coelo,
1312 3478 1385 3549 qnod
1403 3477 1523 3555 insinuat
1538 3495 1605 3536 soce
1625 3481 1777 3536 «residua».
1816 3480 1897 3551 Atqui

543 3563 565 3617 si
583 3558 913 3617 tonorumdeflnitlonem
932 3566 1051 3630 spectes,
1080 3574 1111 3613 ea
1130 3566 1189 3615 tota
1207 3575 1224 3613 a
1241 3567 1337 3627 cautu,
1363 3566 1393 3613 ut
1412 3554 1581 3630 cautus'est,
1601 3558 1750 3629 dependet,
1770 3576 1787 3614 a
1806 3559 1897 3615 dreuli

542 3638 606 3696 iero
624 3646 723 3695 natura
741 3653 789 3692 seu
808 3654 825 3692 a
841 3639 1011 3707 planetarum
1031 3636 1247 3707 separationrhus
1266 3645 1310 3692 est
1326 3636 1498 3693 alienissima.
1535 3638 1619 3707 Quasi
1637 3652 1703 3693 vero
1720 3636 1792 3692 uihil
1812 3638 1897 3708 possit

541 3717 672 3775 secedere
691 3717 785 3773 cantui
801 3724 865 3787 post
883 3718 1016 3789 principia
1035 3718 1169 3772 rationum
1188 3732 1223 3772 ex
1241 3716 1343 3773 circulo
1362 3716 1497 3788 desumto,
1517 3718 1590 3787 quod
1607 3734 1662 3772 non
1680 3716 1775 3772 itidem
1795 3734 1829 3774 ex
1846 3718 1896 3773 cie

542 3798 603 3855 culo
621 3795 785 3855 desumator.
828 3796 962 3867 Quaeram
980 3798 1074 3867 igitur,
1093 3812 1148 3867 qrra
1165 3796 1282 3867 imagine
1300 3804 1404 3862 textus,
1430 3798 1476 3867 qui
1495 3798 1530 3856 ad
1547 3798 1692 3853 melodiam
1711 3798 1833 3861 canitur,
1850 3794 1895 3851 de

542 3876 661 3947 scriptus
679 3880 716 3932 sit
732 3876 760 3931 in
778 3875 914 3932 zodiaco?
950 3876 1019 3932 Toni
1038 3876 1143 3933 vomant
1160 3876 1255 3933 ordine
1273 3876 1466 3933 continuorum
1492 3870 1542 3934 seu
1569 3878 1676 3933 diuerso
1699 3878 1895 3934 comemmorans

542 3954 645 4015 ordinis
663 3952 755 4025 initio,
783 3962 810 4010 et
828 3954 852 4011 si
869 3957 939 4011 bene
956 3956 1077 4027 percipio
1095 3957 1295 4024 Ptolemaeum,
1323 3956 1398 4012 nullo
1422 3956 1476 4013 alia
1499 3974 1530 4013 re
1554 3976 1572 4015 a
1594 3958 1740 4029 speciebus
1764 3956 1895 4026 diapason
1969 3971 1970 3980 ¹

542 4026 685 4103 dliimunt,
713 4050 794 4104 qnam
821 4033 964 4089 altitudine
990 4035 1017 4089 iu
1045 4037 1168 4106 perfecto
1196 4045 1351 4107 systemate.
1387 4035 1553 4093 Mrrtatioues
1570 4034 1745 4107 propriarum
1764 4035 1895 4105 euinque

541 4104 713 4169 lttitndlnum
731 4114 771 4179 (ut
788 4118 896 4169 maneat
913 4113 992 4168 nohis
1010 4112 1082 4171 idem
1100 4130 1188 4180 rerum
1207 4114 1448 4187 comparandarum
1468 4130 1566 4186 genus,
1585 4114 1660 4186 quod
1675 4114 1825 4179 hactenus)
1841 4125 1894 4165 nos

542 4192 647 4249 variaut
664 4193 785 4248 ordinem
803 4199 972 4262 aspectuum,
991 4196 1130 4250 concinnis
1148 4193 1380 4270 respondentium,
1400 4194 1446 4250 aad
1465 4194 1589 4250 ridemur
1606 4193 1709 4263 proprii
1728 4193 1894 4261 singulorum

541 4279 631 4329 motos
649 4270 677 4325 in
695 4270 788 4339 latum,
805 4286 821 4325 a
841 4278 963 4325 creatore
984 4272 1011 4326 iu
1029 4272 1056 4328 id
1076 4272 1240 4342 comparati,
1260 4280 1290 4328 ut
1308 4286 1436 4328 successu
1455 4272 1607 4328 seculorum
1626 4272 1713 4325 omnis
1732 4269 1893 4341 superficies

494 4366 502 4381 ¹
541 4350 681 4423 sphaerae,
700 4350 798 4421 cuique
816 4348 944 4423 planetae
960 4350 1127 4420 assignatae,
1145 4357 1364 4420 percurreretur3
1382 4352 1476 4423 imaue
1492 4348 1604 4423 planeta
1622 4345 1771 4406 crebritate
1789 4363 1893 4406 comm

541 4434 628 4485 torum
647 4436 784 4485 meatuum
803 4426 946 4500 sphaeram
966 4428 1016 4483 sihi
1035 4430 1154 4501 undique
1173 4430 1326 4488 conclusam
1345 4438 1450 4487 texerat
1466 4431 1553 4487 instar
1569 4431 1718 4500 bombycis.
1738 4437 1768 4483 et
1780 4438 1811 4485 nt
1827 4431 1894 4487 haee

541 4508 597 4577 iilo,
616 4509 656 4565 sic
673 4510 720 4567 illo
739 4514 860 4564 motuum
880 4506 1000 4577 uestigiis
1018 4508 1140 4579 corporis
1158 4512 1216 4565 cari
1236 4502 1595 4582 speciem'reprseseutoret.

627 4587 713 4644 Paulo
731 4587 848 4642 fortasse
865 4587 966 4641 rectius
985 4590 1182 4658 comparaverit
1209 4589 1307 4658 aliquis
1325 4588 1432 4645 diverat
1458 4589 1669 4659 planetariorum
1688 4588 1893 4659 separationu-

541 4664 637 4731 initia,
662 4665 736 4721 verbi
754 4681 854 4733 causa,
882 4665 904 4717 ai
925 4682 995 4720 unus
1014 4667 1049 4721 sit
1068 4673 1148 4723 uatus
1175 4682 1247 4723 auno
1266 4667 1335 4724 16113
1354 4666 1405 4721 suh
1423 4666 1615 4737 corrjuuetione
1631 4668 1744 4723 Saturni
1763 4674 1792 4723 et
1807 4663 1891 4730 ioris,

540 4742 610 4799 nlius
627 4738 696 4801 '¹607
715 4743 765 4799 suh
784 4742 891 4811 sextili,
920 4745 1016 4799 tertius
1034 4758 1104 4800 anuo
1124 4745 1194 4800 1601Ι
1212 4746 1264 4800 auh
1282 4745 1433 4815 quadrato,
1460 4754 1573 4816 quartus
1596 4762 1669 4801 auno
1689 4747 1760 4802 1609
1777 4745 1827 4802 suh
1841 4744 1891 4798 tri

541 4840 628 4896 gono,
654 4825 766 4893 quintus
784 4840 855 4881 anno
877 4826 944 4880 1612
962 4824 1014 4879 suh
1033 4824 1159 4893 opposito
1177 4831 1229 4884 etc.
1266 4823 1373 4879 Primus
1389 4824 1473 4894 igitur
1490 4822 1805 4881 riuorstrerslrrtiouu
1820 4822 1893 4878 aas·

540 4904 644 4961 uariam
660 4904 740 4961 aliter
757 4912 953 4975 comparatam,
971 4918 1052 4972 qrrsur
1071 4903 1216 4971 amundus,
1236 4914 1262 4957 et
1281 4904 1325 4957 hic
1342 4904 1436 4972 aliam,
1455 4920 1535 4973 qaam
1554 4903 1663 4971 tertius,
1682 4908 1712 4956 et
1729 4916 1820 4958 corum
1835 4900 1891 4953 sin·

541 4981 612 5053 gulis
639 4982 733 5039 ordine
759 4982 866 5054 quidem
894 4985 1004 5048 eodem,
1018 4981 1080 5039 =aad
1099 4980 1153 5036 alio
1180 4989 1262 5051 etque
1288 4981 1342 5039 alio
1367 4982 1472 5053 periodi
1490 4982 1584 5051 initio,
1610 4980 1670 5035 aliia
1689 4988 1719 5035 ct
1735 4980 1797 5035 alhs
1812 4976 1891 5033 mnis

541 5060 639 5116 aeuus
657 5062 780 5118 renuent
795 5060 967 5133 planetamm
986 5069 1123 5132 aspectus.
1159 5057 1233 5133 Idem
1257 5058 1399 5117 dicendum
1418 5060 1452 5117 de
1471 5059 1579 5119 diversa
1595 5066 1688 5116 aetate
1704 5058 1811 5131 nume,
1831 5069 1889 5122 an

543 5156 587 5199 res
606 5140 746 5213 quaelihet
764 5138 858 5213 oritur,
877 5148 905 5195 at
925 5142 964 5197 alc
982 5143 1063 5198 etiam
1083 5138 1117 5194 da
1137 5138 1244 5195 cetaria
