4467 6192
528 676 591 739 390
673 716 675 721 .
1042 668 1191 726 Ptolemaei
1208 668 1365 724 Harmonia.

529 852 759 925 remittunturve,
782 849 958 927 seligemus3
983 864 1106 925 cumque
1128 848 1248 927 plancta
1270 858 1300 908 et
1320 851 1445 926 primum
1468 850 1567 910 orbern
1589 850 1698 912 habeat
1720 857 1752 911 et
1773 851 1876 909 subor-

529 940 660 1011 dinatos,
690 946 819 1017 systema
841 955 910 997 vero
934 944 963 997 et
985 937 1105 997 stabiles
1130 937 1237 996 dictos'
1256 952 1344 996 sonos
1367 946 1396 997 et
1417 938 1559 998 mobiles:
1589 937 1709 999 stabiles
1741 938 1877 1015 equidem

530 1027 763 1105 comparabimus
785 1027 884 1104 primis
907 1024 1043 1103 orbibus,
1077 1023 1200 1083 mobiles
1227 1024 1342 1083 circulis
1365 1024 1581 1101 subordinatis3
1614 1028 1794 1085 sicutenim
1817 1042 1877 1084 mo-

528 1114 610 1175 biles·
627 1115 690 1173 soni
713 1118 781 1172 sunt
802 1119 920 1193 propter
942 1128 1050 1189 genera
1072 1118 1191 1183 cantus,
1224 1113 1266 1169 sie
1290 1112 1328 1169 ob
1351 1110 1380 1168 id
1403 1114 1508 1188 ipsum,
1531 1120 1564 1171 ut
1586 1113 1723 1191 planetae
1748 1114 1824 1171 finnt
1846 1131 1878 1172 ex

529 1200 678 1261 altissimis
703 1198 868 1274 humlllimi‚
892 1200 1011 1259 orbibus
1035 1199 1100 1258 aliis
1124 1215 1198 1277 opus
1220 1206 1264 1257 est
1287 1207 1316 1257 et
1337 1206 1419 1258 motu
1442 1190 1566 1276 per'eos
1589 1201 1676 1276 inque
1699 1209 1802 1279 partes
1826 1203 1878 1257 cir·

530 1289 661 1349 culorum
684 1290 843 1366 oppositas.
875 1286 912 1346 Et
935 1283 1043 1347 dictum
1067 1296 1112 1345 est
1134 1303 1231 1361 supra,
1254 1288 1310 1344 tria
1332 1304 1439 1362 genera
1463 1296 1565 1349 cantus
1588 1288 1766 1366 respondere
1790 1288 1879 1346 tribus

530 1375 747 1437 intervallorum
770 1382 961 1451 motuumque
983 1375 1139 1450 generibus
1152 1370 1229 1451 v¹¹¹).
1404 1442 1409 1448 ,
1435 1450 1439 1457 Ι

615 1462 653 1523 Ει
675 1466 785 1539 primae
808 1460 925 1538 quidem
947 1462 1004 1521 hoc
1026 1470 1112 1538 paeto
1137 1461 1246 1522 electae
1261 1460 1404 1539 sphaerae
1427 1470 1495 1521 sunt
1513 1462 1606 1527 istae:
1630 1461 1761 1537 Saturni,
1784 1460 1879 1532 Jovis,

530 1548 648 1624 Martis,
672 1548 766 1622 Solia,
790 1548 930 1623 Veneris,
954 1548 1105 1623 Mercurii,
1135 1548 1246 1609 Lunae.
1290 1546 1421 1607 Primum
1444 1552 1521 1609 enim
1542 1550 1652 1610 mobile
1672 1567 1733 1610 non
1757 1549 1882 1627 sphaera

518 1639 559 1699 “in
581 1636 707 1713 mundo,
738 1635 791 1695 sed
813 1635 938 1697 mundus
962 1638 1024 1714 ipse
1047 1645 1091 1695 est
1113 1645 1268 1713 motusque
1291 1636 1356 1712 ejus
1379 1638 1482 1697 ceteris
1504 1638 1640 1698 omuibus
1661 1639 1829 1699 eommunis
1852 1645 1881 1696 et
1929 1708 1935 1719 .

530 1730 559 1787 in
583 1724 700 1802 plagam
723 1726 897 1783 contrariam
919 1726 976 1798 eis,
1000 1741 1075 1799 quos
1094 1723 1159 1798 jam
1178 1723 1418 1797 consideramus,
1447 1741 1502 1784 neo
1522 1724 1698 1802 peculiarem
1720 1725 1881 1801 planetam,

530 1812 584 1875 sed
605 1810 744 1871 mundum
765 1812 861 1889 ipsum
877 1810 967 1883 vehit,
989 1828 1044 1871 neo
1066 1813 1161 1886 magis
1184 1813 1214 1867 in
1230 1826 1380 1870 numerum
1401 1814 1559 1888 primarum
1573 1813 1766 1888 sphaerarum
1782 1814 1881 1871 venire
1974 1811 1975 1856 ἶ

531 1901 626 1974 debet,
650 1916 738 1976 quam
760 1906 853 1958 totum
875 1908 1007 1977 systema
1029 1900 1058 1956 in
1080 1912 1232 1957 numerum
1248 1916 1367 1959 suarum
1389 1898 1561 1958 chordarum
1570 1896 1623 1979 ¹¹).
1647 1900 1788 1959 Fisarum
1812 1915 1883 1958 vero
1974 1949 1975 1960 ι

530 1987 656 2065 sphaera
682 1987 736 2047 etsi
767 1994 796 2045 et
825 1988 890 2061 ipsa
916 1992 1051 2045 moretur
1080 1988 1109 2042 in
1138 1985 1261 2045 eandem
1292 1984 1410 2061 plagam
1438 2002 1504 2046 cnm
1527 1986 1584 2045 iltis
1608 1996 1718 2063 septem
1743 1996 1774 2045 et
1796 2002 1883 2062 snper
1974 1999 1975 2002 ’

530 2075 634 2135 iisdem
657 2072 787 2149 signiferi
809 2072 900 2151 polis,
931 2081 1028 2132 motus
1050 2079 1149 2131 tamen
1179 2073 1389 2133 inobservabili
1416 2073 1588 2135 lentitudine
1609 2075 1814 2150 astrorumque
1836 2076 1883 2129 in·

531 2161 705 2222 numerabili
727 2158 912 2219 multitudine
935 2159 1090 2239 plurimum
1114 2160 1209 2220 differt
1231 2180 1250 2221 a
1273 2162 1377 2220 ceteris
1404 2168 1507 2237 estque
1529 2161 1627 2221 aliena
1648 2164 1687 2224 ab
1709 2161 1768 2221 hoo
1790 2177 1884 2236 nego·

533 2252 583 2323 tio,
607 2256 642 2307 ut
662 2249 808 2309 neminem
830 2247 959 2307 futurum
981 2249 1152 2321 existimem,
1177 2249 1228 2324 qui
1243 2246 1325 2307 illum
1339 2250 1479 2309 extimum
1493 2248 1532 2307 ad
1549 2252 1642 2309 vnum
1664 2252 1757 2309 totius
1778 2247 1880 2306 mnndi

531 2337 672 2415 parietem
704 2337 733 2392 in
764 2334 840 2394 hano
870 2333 1132 2395 considerationem
1161 2343 1239 2395 recte
1261 2337 1349 2394 inseri
1379 2336 1552 2396 contendere
1583 2337 1654 2397 velit
1667 2334 1708 2415 ¹).
1760 2336 1882 2394 Habeat

518 2426 622 2502 ,igitur
644 2440 709 2483 sese
730 2423 820 2483 etiam
840 2422 915 2483 hacc
936 2421 1059 2487 fixarum
1080 2421 1252 2499 sphaera-in
1271 2422 1372 2483 ordina
1393 2422 1433 2483 ad
1448 2431 1570 2497 cetema
1593 2434 1626 2483 ιιι
1647 2442 1679 2484 se
1701 2424 1793 2483 habet
1814 2440 1882 2498 per·

531 2512 639 2572 iactum
661 2515 791 2586 systema
812 2508 851 2569 ad
873 2526 961 2572 sonos
984 2526 1072 2569 suos:
1101 2519 1133 2568 ut
1155 2511 1230 2569 sicut
1253 2509 1310 2569 hoc
1332 2519 1376 2569 est
1398 2508 1545 2585 quaedam
1574 2512 1665 2571 veluti
1688 2512 1882 2571 consonantia

533 2598 788 2658 consonantiarum
812 2606 841 2657 et
862 2613 952 2656 sonus
967 2613 1113 2669 sonorum,
1138 2599 1180 2655 sic
1195 2598 1282 2656 etiam
1297 2597 1418 2657 fixarum
1440 2598 1564 2673 sphaera
1586 2602 1623 2656 sit
1644 2597 1736 2657 veluti
1758 2597 1884 2675 sphaera

533 2685 737 2763 sphaerarum,
768 2686 939 2762 pracsertim
969 2700 1035 2744 cnm
1063 2700 1198 2759 apogeea
1228 2685 1395 2760 limitesque
1423 2694 1582 2744 ceterarum
1612 2702 1712 2745 secum
1740 2693 1882 2761 perpetuo

528 2770 729 2838 circumducat
744 2768 798 2851 Π).
862 2782 882 2800 ”

620 2859 783 2917 Primarum
804 2860 894 2935 igitur
916 2858 1105 2934 sphaerarum
1128 2860 1158 2914 in
1181 2857 1290 2917 mundo
1317 2867 1429 2935 septem
1452 2868 1538 2927 sont,
1568 2860 1717 2921 stabilium
1746 2875 1883 2919 sonorum

534 2948 564 3005 in
584 2946 713 3023 perlecto
736 2953 895 3024 systemate
917 2944 1019 3005 itidem
1040 2952 1153 3022 septem
1173 2962 1263 3021 supra
1276 2948 1481 3007 suntinrenti:
1509 2950 1550 3021 1)’
1563 2948 1882 3023 proslambanomenos,

534 3031 565 3115 a)
580 3033 690 3112 hypate
713 3032 852 3112 hypaton,
877 3030 908 3110 3)
923 3032 1031 3110 hypate
1054 3049 1164 3106 meson,
1189 3035 1223 3106 4)
1246 3050 1334 3105 mese,
1359 3030 1389 3112 5)
1411 3047 1572 3110 paramese,
1597 3036 1629 3112 o)
1651 3041 1719 3095 nete
1743 3033 1882 3109 diezeug-

534 3138 656 3195 menon,
690 3118 721 3201 ι)
749 3128 817 3181 nete
844 3120 1075 3198 hyperbolaeon.
1128 3121 1170 3178 For
1201 3122 1239 3179 iis
1268 3137 1338 3180 sero
1367 3121 1485 3181 Saturni
1509 3120 1635 3198 sphaera
1664 3123 1883 3198 comparabitur

534 3208 837 3287 proslambanomene
883 3208 958 3267 Nam
989 3215 1019 3267 ιι
1042 3206 1094 3267 ille
1124 3207 1307 3283 planetarum
1335 3208 1498 3269 altissimas
1526 3218 1571 3269 est
1592 3218 1627 3268 et
1644 3208 1719 3268 haec
1740 3208 1883 3267 ainamma

535 3295 757 3373 quodammodo·
774 3295 887 3368 dicitnr,
911 3296 1028 3371 quippe,
1052 3302 1085 3354 ιιι
1098 3293 1209 3355 indicat
1222 3310 1338 3368 nomen,
1362 3297 1450 3355 altior
1463 3305 1593 3355 assumta
1614 3313 1705 3374 snpra
1718 3312 1883 3372 supremam

535 3398 736 3461 supremarum
751 3379 821 3464 ¹¹¹).
866 3382 981 3443 Deinde
1004 3382 1124 3441 Satumi
1144 3381 1271 3458 sphaera
1292 3383 1332 3441 ob
1353 3384 1383 3441 td
1413 3387 1524 3460 ipsum,
1555 3386 1626 3459 qnia
1648 3383 1811 3455 altissima,
1839 3390 1882 3442 est

535 3474 623 3531 etiam
647 3472 775 3531 omnium
796 3471 925 3529 marinra
947 3486 999 3530 sen
1022 3470 1210 3546 amplissima,
1234 3467 1406 3531 diametrum
1431 3471 1541 3530 habens
1565 3472 1777 3545 longissimam,
1800 3486 1884 3547 pros·

419 3630 421 3634 ,
536 3556 774 3618 lambanornenos
798 3573 877 3629 vero,
901 3559 971 3633 qnia
992 3558 1198 3633 gravissimum
1220 3556 1281 3616 edit
1301 3559 1438 3632 sonitum,
1461 3558 1634 3635 longissima
1655 3556 1791 3617 similiter
1813 3574 1882 3616 eon·

537 3646 668 3705 stituitur
684 3660 740 3722 par
763 3643 938 3703 divisionem
959 3642 1159 3705 monochordi.
1204 3642 1397 3704 Ecentrario
1420 3646 1521 3705 Lunae
1552 3646 1678 3725 sphaera
1701 3654 1883 3721 comparatur

541 3750 607 3793 cnm
628 3739 696 3793 nate
717 3731 954 3809 hyperbolaeon:
977 3748 1044 3791 nam
1068 3738 1097 3790 et
1119 3729 1204 3790 Luna
1227 3734 1354 3791 omnium
1377 3731 1560 3810 planetarum
1582 3731 1746 3792 humillima
1770 3734 1882 3791 inveni·

537 3830 585 3880 tur
606 3828 636 3880 et
657 3819 770 3894 ultima,
794 3822 903 3895 quippe
923 3836 988 3879 cnm
1011 3828 1109 3895 tegere
1131 3817 1225 3879 soleat
1247 3836 1348 3879 omnes
1369 3820 1511 3898 planetas,
1536 3828 1566 3878 et
1587 3822 1683 3897 ipsum
1706 3819 1881 3880 vocabulum

537 3915 604 3968 seio
626 3906 759 3967 ultimum
786 3914 873 3966 sonat
900 3907 1048 3983 talemque
1070 3908 1099 3963 in
1128 3908 1329 3980 instrumento,
1350 3907 1389 3967 ad
1410 3906 1595 3983 psallendum
1617 3907 1778 3983 applicato,
1800 3910 1881 3965 ιίιιιιιι

537 3996 636 4056 habet.
653 3994 833 4077 Insuperque
849 3993 974 4070 sphaera
989 3994 1098 4067 Lunae,
1113 3996 1185 4070 quta
1198 3993 1363 4054 humillima
1375 4005 1421 4055 est
1432 4005 1462 4054 et
1477 3996 1693 4071 angnsdssima,
1709 3994 1879 4055 diamemmn

537 4082 649 4143 habens
671 4082 885 4154 brevissimam,
908 4088 974 4141 nete
996 4098 1077 4154 vero,
1102 4098 1176 4140 cam
1190 4098 1294 4141 sonum
1316 4081 1391 4141 edat
1408 4084 1616 4156 acutissimum,
1640 4083 1845 4142 brevissimam
1864 4098 1880 4138 s

539 4170 684 4230 divisione
706 4168 896 4229 monochordi
918 4170 1094 4229 nanciscitur
1108 4168 1331 4245 longitudinem.
1365 4169 1509 4229 Extremis
1530 4172 1670 4229 eonoeris
1692 4171 1816 4229 interae
1835 4185 1881 4246 per

538 4255 776 4335 assimilationem
791 4259 931 4332 sequitur,
948 4254 1183 4317 intennediornm
1198 4256 1380 4335 planetarum
1400 4257 1541 4333 sphaeras
1556 4256 1596 4315 ad
1609 4255 1802 4316 intenncdias
1816 4272 1881 4315 eon·

539 4361 642 4421 gruere
657 4343 795 4404 chordas:
819 4342 916 4417 Joris,
940 4342 1066 4403 Saturno
1080 4344 1206 4419 proximi
1220 4340 1312 4423 (qnod
1334 4343 1455 4403 tarditas
1476 4344 1587 4404 reditui
1609 4346 1746 4420 proxima
1761 4344 1880 4403 hatum

539 4428 669 4511 indicat),
693 4431 730 4490 ad
746 4432 877 4509 hypaten
892 4431 1032 4509 hypaton,
1056 4430 1169 4503 Martis,
1192 4429 1479 4508 qnidovemtegere
1495 4434 1582 4491 etsie
1603 4448 1638 4491 ao
1662 4430 1804 4489 humilior
1825 4446 1881 4489 asse

541 4517 773 4596 deprehenditur,
797 4518 835 4578 ad
860 4517 989 4596 hypaten
1012 4532 1122 4590 meson,
1145 4517 1223 4577 Solis
1246 4517 1284 4576 ad
1306 4535 1414 4591 mesen,
1437 4518 1570 4592 Veneris,
1594 4534 1671 4594 qnae
1692 4517 1798 4577 Solem
1819 4534 1881 4594 pro·

539 4608 616 4666 xime
630 4608 769 4681 sequitur,
785 4604 899 4666 indicio
915 4602 990 4665 tardi
1004 4606 1050 4665 sui
1065 4603 1176 4664 reditas
1189 4607 1219 4662 in
1234 4604 1376 4682 epicyolo,
1391 4605 1429 4664 ad
1442 4622 1623 4682 paramesen,
1638 4604 1789 4678 Mercurii,
1806 4606 1880 4681 cujus

539 4693 649 4754 reditus
671 4696 699 4751 in
723 4694 855 4771 epicyolo
880 4693 1010 4754 velocior
1032 4708 1128 4768 eoque
1157 4692 1282 4769 sphaera
1307 4692 1444 4752 humilior
1473 4702 1503 4753 ot
1530 4692 1708 4769 penultima,
1738 4692 1780 4751 ad
1802 4702 1880 4751 neten

540 4778 778 4857 diezeugmenon.
1377 4792 1384 4807 ·

628 4866 821 4927 Gonfirmatur
849 4866 923 4927 haec
949 4867 1128 4927 consociatio
1162 4866 1249 4926 etiarn
1271 4873 1324 4943 per
1345 4868 1416 4942 ista,
1448 4866 1527 4943 qnod
1558 4867 1587 4924 ln
1614 4864 1742 4943 planetis
1770 4865 1879 4943 quidem

541 4955 609 5029 Sol,
632 4958 662 5013 tn
685 4954 800 5016 chordis
822 4970 892 5016 raro
915 4970 991 5029 quas
1013 4971 1093 5013 mese
1116 4952 1233 5027 dicitnr,
1264 4953 1482 5032 donanterquo
1504 4953 1614 5013 dassen
1643 4952 1826 5029 distinguunt
1845 4952 1877 5010 ab

541 5044 676 5116 invicem,
700 5042 749 5102 iile
772 5044 953 5119 superiorum
973 5041 1125 5115 dictorum,
1148 5049 1221 5118 puta
1236 5040 1363 5116 Saturni,
1386 5040 1617 5115 Jovis,·Martis,
1640 5042 1679 5101 ab
1702 5040 1876 5101 interioribus

542 5130 673 5209 Venere,
696 5130 857 5207 Mercurio,
879 5128 981 5207 Luna,
1003 5130 1061 5189 iata
1082 5127 1225 5189 (limarum
1245 5129 1386 5209 hypaton,
1410 5128 1491 5207 quod
1512 5136 1599 5190 sonat
1619 5144 1829 5207 supremarum,
1848 5134 1875 5184 et
