<?xml version="1.0" encoding="UTF-8"?>
<!DOCTYPE html PUBLIC "-//W3C//DTD XHTML 1.0 Transitional//EN"
    "http://www.w3.org/TR/xhtml1/DTD/xhtml1-transitional.dtd">
<html xmlns="http://www.w3.org/1999/xhtml" xml:lang="en" lang="en">
 <head>
  <title>
</title>
<meta http-equiv="Content-Type" content="text/html;charset=utf-8" />
  <meta name='ocr-system' content='tesseract 3.04.00' />
  <meta name='ocr-capabilities' content='ocr_page ocr_carea ocr_par ocr_line ocrx_word'/>
</head>
<body>
  <div class='ocr_page' id='page_1' title='image "./joanniskepleria19frisgoog_0351.png"; bbox 0 0 4467 6192; ppageno 0'>
   <div class='ocr_carea' id='block_1_1' title="bbox 813 665 1713 736">
    <p class='ocr_par' dir='ltr' id='par_1_1' title="bbox 813 665 1713 736">
     <span class='ocr_line' id='line_1_1' title="bbox 813 665 1713 736; baseline 0.013 -12"><span class='ocrx_word' id='word_1_1' title='bbox 813 665 850 724; x_wconf 92' lang='lat' dir='ltr'><strong>ad</strong></span> <span class='ocrx_word' id='word_1_2' title='bbox 867 667 964 725; x_wconf 87' lang='lat' dir='ltr'><strong>libmm</strong></span> <span class='ocrx_word' id='word_1_3' title='bbox 982 667 1014 722; x_wconf 83' lang='lat' dir='ltr'><strong>V.</strong></span> <span class='ocrx_word' id='word_1_4' title='bbox 1031 667 1263 725; x_wconf 80' lang='lat' dir='ltr'><strong>Harmonicorum.</strong></span> <span class='ocrx_word' id='word_1_5' title='bbox 1651 673 1713 736; x_wconf 75' lang='lat' dir='ltr'><strong>ddi</strong></span> 
     </span>
    </p>
   </div>
   <div class='ocr_carea' id='block_1_2' title="bbox 357 846 1757 5213">
    <p class='ocr_par' dir='ltr' id='par_1_2' title="bbox 357 846 1757 5213">
     <span class='ocr_line' id='line_1_2' title="bbox 451 846 1713 926; baseline 0 -18"><span class='ocrx_word' id='word_1_6' title='bbox 451 849 514 908; x_wconf 83' lang='lat' dir='ltr'><strong>litai</strong></span> <span class='ocrx_word' id='word_1_7' title='bbox 544 865 615 908; x_wconf 86' lang='lat' dir='ltr'><strong>vero</strong></span> <span class='ocrx_word' id='word_1_8' title='bbox 642 847 750 907; x_wconf 86' lang='lat' dir='ltr'><strong>similia</strong></span> <span class='ocrx_word' id='word_1_9' title='bbox 780 847 923 906; x_wconf 90' lang='lat' dir='ltr'><strong>nonnulla</strong></span> <span class='ocrx_word' id='word_1_10' title='bbox 949 847 1186 908; x_wconf 80' lang='lat' dir='ltr'><strong>Maeroccsmieis</strong></span> <span class='ocrx_word' id='word_1_11' title='bbox 1217 846 1275 906; x_wconf 90' lang='lat' dir='ltr'><strong>illis</strong></span> <span class='ocrx_word' id='word_1_12' title='bbox 1307 854 1336 906; x_wconf 89' lang='lat' dir='ltr'><strong>et</strong></span> <span class='ocrx_word' id='word_1_13' title='bbox 1365 865 1421 924; x_wconf 86' lang='lat' dir='ltr'><strong>ego</strong></span> <span class='ocrx_word' id='word_1_14' title='bbox 1444 854 1537 908; x_wconf 89' lang='lat' dir='ltr'><strong>tracto</strong></span> <span class='ocrx_word' id='word_1_15' title='bbox 1566 849 1595 905; x_wconf 95' lang='lat' dir='ltr'><strong>in</strong></span> <span class='ocrx_word' id='word_1_16' title='bbox 1627 865 1713 926; x_wconf 90' lang='lat' dir='ltr'><strong>opere</strong></span> 
     </span>
     <span class='ocr_line' id='line_1_3' title="bbox 358 934 1714 1012; baseline 0.001 -18"><span class='ocrx_word' id='word_1_17' title='bbox 358 953 445 1008; x_wconf 85' lang='lat' dir='ltr'><strong>meo,</strong></span> <span class='ocrx_word' id='word_1_18' title='bbox 477 945 512 995; x_wconf 89' lang='lat' dir='ltr'><strong>ut</strong></span> <span class='ocrx_word' id='word_1_19' title='bbox 541 935 623 1012; x_wconf 91' lang='lat' dir='ltr'><strong>quod</strong></span> <span class='ocrx_word' id='word_1_20' title='bbox 649 935 725 994; x_wconf 92' lang='lat' dir='ltr'><strong>libro</strong></span> <span class='ocrx_word' id='word_1_21' title='bbox 747 935 800 995; x_wconf 88' lang='lat' dir='ltr'><strong>lV.</strong></span> <span class='ocrx_word' id='word_1_22' title='bbox 824 936 944 994; x_wconf 79' lang='lat' dir='ltr'><strong>&#39;l&#39;erram</strong></span> <span class='ocrx_word' id='word_1_23' title='bbox 967 934 1076 996; x_wconf 90' lang='lat' dir='ltr'><strong>animal</strong></span> <span class='ocrx_word' id='word_1_24' title='bbox 1098 935 1192 1005; x_wconf 85' lang='lat' dir='ltr'><strong>lacis,</strong></span> <span class='ocrx_word' id='word_1_25' title='bbox 1223 943 1254 993; x_wconf 88' lang='lat' dir='ltr'><strong>at</strong></span> <span class='ocrx_word' id='word_1_26' title='bbox 1284 934 1312 992; x_wconf 90' lang='lat' dir='ltr'><strong>id</strong></span> <span class='ocrx_word' id='word_1_27' title='bbox 1335 935 1367 993; x_wconf 89' lang='lat' dir='ltr'><strong>lit</strong></span> <span class='ocrx_word' id='word_1_28' title='bbox 1397 937 1509 994; x_wconf 90' lang='lat' dir='ltr'><strong>ratione</strong></span> <span class='ocrx_word' id='word_1_29' title='bbox 1536 935 1623 1011; x_wconf 86' lang='lat' dir='ltr'><strong>longe</strong></span> <span class='ocrx_word' id='word_1_30' title='bbox 1644 935 1714 995; x_wconf 86' lang='lat' dir='ltr'><strong>alia.</strong></span> 
     </span>
     <span class='ocr_line' id='line_1_4' title="bbox 357 1021 1715 1098; baseline 0 -16"><span class='ocrx_word' id='word_1_31' title='bbox 357 1023 422 1082; x_wconf 82' lang='lat' dir='ltr'><strong>llec</strong></span> <span class='ocrx_word' id='word_1_32' title='bbox 448 1026 528 1082; x_wconf 88' lang='lat' dir='ltr'><strong>enim</strong></span> <span class='ocrx_word' id='word_1_33' title='bbox 550 1022 705 1097; x_wconf 84' lang='lat' dir='ltr'><strong>contendo,</strong></span> <span class='ocrx_word' id='word_1_34' title='bbox 729 1023 896 1098; x_wconf 89' lang='lat' dir='ltr'><strong>analogiam</strong></span> <span class='ocrx_word' id='word_1_35' title='bbox 919 1040 983 1083; x_wconf 91' lang='lat' dir='ltr'><strong>esse</strong></span> <span class='ocrx_word' id='word_1_36' title='bbox 1006 1040 1114 1082; x_wconf 86' lang='lat' dir='ltr'><strong>rueram</strong></span> <span class='ocrx_word' id='word_1_37' title='bbox 1138 1025 1212 1081; x_wconf 88' lang='lat' dir='ltr'><strong>inter</strong></span> <span class='ocrx_word' id='word_1_38' title='bbox 1226 1021 1344 1080; x_wconf 79' lang='lat' dir='ltr'><strong>Terram</strong></span> <span class='ocrx_word' id='word_1_39' title='bbox 1368 1030 1398 1080; x_wconf 90' lang='lat' dir='ltr'><strong>et</strong></span> <span class='ocrx_word' id='word_1_40' title='bbox 1413 1022 1560 1095; x_wconf 89' lang='lat' dir='ltr'><strong>animalia,</strong></span> <span class='ocrx_word' id='word_1_41' title='bbox 1584 1039 1638 1080; x_wconf 91' lang='lat' dir='ltr'><strong>nec</strong></span> <span class='ocrx_word' id='word_1_42' title='bbox 1661 1023 1715 1082; x_wconf 88' lang='lat' dir='ltr'><strong>de-</strong></span> 
     </span>
     <span class='ocr_line' id='line_1_5' title="bbox 359 1107 1757 1188; baseline -0.001 -20"><span class='ocrx_word' id='word_1_43' title='bbox 359 1117 493 1170; x_wconf 89' lang='lat' dir='ltr'><strong>sumtum</strong></span> <span class='ocrx_word' id='word_1_44' title='bbox 517 1127 582 1170; x_wconf 90' lang='lat' dir='ltr'><strong>esse</strong></span> <span class='ocrx_word' id='word_1_45' title='bbox 614 1111 683 1169; x_wconf 90' lang='lat' dir='ltr'><strong>volo</strong></span> <span class='ocrx_word' id='word_1_46' title='bbox 706 1111 897 1187; x_wconf 87' lang='lat' dir='ltr'><strong>archetypum</strong></span> <span class='ocrx_word' id='word_1_47' title='bbox 919 1109 1055 1169; x_wconf 90' lang='lat' dir='ltr'><strong>animalis</strong></span> <span class='ocrx_word' id='word_1_48' title='bbox 1086 1127 1123 1170; x_wconf 87' lang='lat' dir='ltr'><strong>ex</strong></span> <span class='ocrx_word' id='word_1_49' title='bbox 1146 1111 1212 1186; x_wconf 90' lang='lat' dir='ltr'><strong>ipsa</strong></span> <span class='ocrx_word' id='word_1_50' title='bbox 1234 1108 1336 1184; x_wconf 84' lang='lat' dir='ltr'><strong>Terra,</strong></span> <span class='ocrx_word' id='word_1_51' title='bbox 1369 1111 1422 1169; x_wconf 89' lang='lat' dir='ltr'><strong>sed</strong></span> <span class='ocrx_word' id='word_1_52' title='bbox 1452 1110 1523 1169; x_wconf 88' lang='lat' dir='ltr'><strong>illud</strong></span> <span class='ocrx_word' id='word_1_53' title='bbox 1546 1109 1716 1188; x_wconf 88' lang='lat' dir='ltr'><strong>simpliciter</strong></span> <span class='ocrx_word' id='word_1_54' title='bbox 1752 1107 1757 1115; x_wconf 78' lang='grc'><strong>“</strong></span> 
     </span>
     <span class='ocr_line' id='line_1_6' title="bbox 360 1197 1713 1276; baseline -0.001 -19"><span class='ocrx_word' id='word_1_55' title='bbox 360 1201 549 1276; x_wconf 90' lang='lat' dir='ltr'><strong>pmpositum</strong></span> <span class='ocrx_word' id='word_1_56' title='bbox 571 1199 667 1257; x_wconf 93' lang='lat' dir='ltr'><strong>habeo</strong></span> <span class='ocrx_word' id='word_1_57' title='bbox 690 1197 897 1270; x_wconf 88' lang='lat' dir='ltr'><strong>demonstrare,</strong></span> <span class='ocrx_word' id='word_1_58' title='bbox 921 1198 973 1257; x_wconf 91' lang='lat' dir='ltr'><strong>illa</strong></span> <span class='ocrx_word' id='word_1_59' title='bbox 995 1213 1094 1275; x_wconf 88' lang='lat' dir='ltr'><strong>opera,</strong></span> <span class='ocrx_word' id='word_1_60' title='bbox 1123 1213 1199 1274; x_wconf 89' lang='lat' dir='ltr'><strong>quae</strong></span> <span class='ocrx_word' id='word_1_61' title='bbox 1222 1205 1390 1274; x_wconf 68' lang='lat' dir='ltr'>spectantur</span> <span class='ocrx_word' id='word_1_62' title='bbox 1412 1200 1441 1254; x_wconf 92' lang='lat' dir='ltr'><strong>iu</strong></span> <span class='ocrx_word' id='word_1_63' title='bbox 1465 1197 1556 1274; x_wconf 80' lang='lat' dir='ltr'>globo</span> <span class='ocrx_word' id='word_1_64' title='bbox 1578 1197 1713 1272; x_wconf 77' lang='lat' dir='ltr'><strong>Telluris,</strong></span> 
     </span>
     <span class='ocr_line' id='line_1_7' title="bbox 359 1285 1714 1362; baseline 0.001 -20"><span class='ocrx_word' id='word_1_65' title='bbox 359 1301 420 1344; x_wconf 91' lang='lat' dir='ltr'><strong>oon</strong></span> <span class='ocrx_word' id='word_1_66' title='bbox 444 1303 533 1362; x_wconf 89' lang='lat' dir='ltr'><strong>posse</strong></span> <span class='ocrx_word' id='word_1_67' title='bbox 563 1303 599 1345; x_wconf 84' lang='lat' dir='ltr'><strong>ex</strong></span> <span class='ocrx_word' id='word_1_68' title='bbox 621 1285 750 1344; x_wconf 92' lang='lat' dir='ltr'><strong>motibus</strong></span> <span class='ocrx_word' id='word_1_69' title='bbox 773 1285 983 1346; x_wconf 82' lang='lat' dir='ltr'><strong>elementorum</strong></span> <span class='ocrx_word' id='word_1_70' title='bbox 1009 1293 1062 1344; x_wconf 90' lang='lat' dir='ltr'><strong>aut</strong></span> <span class='ocrx_word' id='word_1_71' title='bbox 1082 1286 1222 1344; x_wconf 85' lang='lat' dir='ltr'><strong>materiae</strong></span> <span class='ocrx_word' id='word_1_72' title='bbox 1252 1285 1454 1344; x_wconf 80' lang='lat' dir='ltr'><strong>allectionibus</strong></span> <span class='ocrx_word' id='word_1_73' title='bbox 1478 1286 1615 1345; x_wconf 71' lang='lat' dir='ltr'><strong>solitariis</strong></span> <span class='ocrx_word' id='word_1_74' title='bbox 1643 1301 1714 1361; x_wconf 91' lang='lat' dir='ltr'><strong>pro·-</strong></span> 
     </span>
     <span class='ocr_line' id='line_1_8' title="bbox 360 1369 1714 1450; baseline 0.001 -19"><span class='ocrx_word' id='word_1_75' title='bbox 360 1376 477 1446; x_wconf 87' lang='lat' dir='ltr'><strong>venire,</strong></span> <span class='ocrx_word' id='word_1_76' title='bbox 500 1372 553 1433; x_wconf 88' lang='lat' dir='ltr'><strong>sed</strong></span> <span class='ocrx_word' id='word_1_77' title='bbox 574 1376 677 1432; x_wconf 86' lang='lat' dir='ltr'><strong>testari</strong></span> <span class='ocrx_word' id='word_1_78' title='bbox 699 1371 736 1434; x_wconf 92' lang='lat' dir='ltr'><strong>de</strong></span> <span class='ocrx_word' id='word_1_79' title='bbox 757 1376 873 1432; x_wconf 89' lang='lat' dir='ltr'><strong>animae</strong></span> <span class='ocrx_word' id='word_1_80' title='bbox 895 1376 1078 1450; x_wconf 70' lang='lat' dir='ltr'><strong>praesentia,</strong></span> <span class='ocrx_word' id='word_1_81' title='bbox 1097 1369 1160 1448; x_wconf 79' lang='lat' dir='ltr'><strong>jada</strong></span> <span class='ocrx_word' id='word_1_82' title='bbox 1183 1377 1217 1430; x_wconf 90' lang='lat' dir='ltr'><strong>nt</strong></span> <span class='ocrx_word' id='word_1_83' title='bbox 1231 1372 1430 1448; x_wconf 84' lang='lat' dir='ltr'><strong>intelligantur</strong></span> <span class='ocrx_word' id='word_1_84' title='bbox 1451 1389 1518 1433; x_wconf 90' lang='lat' dir='ltr'><strong>mea</strong></span> <span class='ocrx_word' id='word_1_85' title='bbox 1532 1381 1714 1449; x_wconf 87' lang='lat' dir='ltr'><strong>argumenta,</strong></span> 
     </span>
     <span class='ocr_line' id='line_1_9' title="bbox 360 1459 1713 1537; baseline 0 -18"><span class='ocrx_word' id='word_1_86' title='bbox 360 1477 438 1537; x_wconf 91' lang='lat' dir='ltr'><strong>opus</strong></span> <span class='ocrx_word' id='word_1_87' title='bbox 461 1462 517 1519; x_wconf 82' lang='lat' dir='ltr'><strong>fnit</strong></span> <span class='ocrx_word' id='word_1_88' title='bbox 538 1459 717 1536; x_wconf 76' lang='lat' dir='ltr'><strong>allegatione</strong></span> <span class='ocrx_word' id='word_1_89' title='bbox 739 1461 921 1519; x_wconf 78' lang='lat' dir='ltr'><strong>functionum</strong></span> <span class='ocrx_word' id='word_1_90' title='bbox 944 1463 1060 1521; x_wconf 89' lang='lat' dir='ltr'><strong>animae</strong></span> <span class='ocrx_word' id='word_1_91' title='bbox 1083 1461 1229 1519; x_wconf 90' lang='lat' dir='ltr'><strong>variarum</strong></span> <span class='ocrx_word' id='word_1_92' title='bbox 1259 1461 1289 1516; x_wconf 92' lang='lat' dir='ltr'><strong>in</strong></span> <span class='ocrx_word' id='word_1_93' title='bbox 1312 1475 1432 1535; x_wconf 89' lang='lat' dir='ltr'><strong>corpore</strong></span> <span class='ocrx_word' id='word_1_94' title='bbox 1455 1459 1599 1520; x_wconf 87' lang='lat' dir='ltr'><strong>animalis.</strong></span> <span class='ocrx_word' id='word_1_95' title='bbox 1644 1459 1713 1520; x_wconf 88' lang='lat' dir='ltr'><strong>Jam</strong></span> 
     </span>
     <span class='ocr_line' id='line_1_10' title="bbox 359 1545 1712 1625; baseline 0.001 -20"><span class='ocrx_word' id='word_1_96' title='bbox 359 1557 393 1607; x_wconf 89' lang='lat' dir='ltr'><strong>ut</strong></span> <span class='ocrx_word' id='word_1_97' title='bbox 415 1550 541 1625; x_wconf 91' lang='lat' dir='ltr'><strong>propius</strong></span> <span class='ocrx_word' id='word_1_98' title='bbox 562 1547 736 1608; x_wconf 75' lang='lat' dir='ltr'><strong>accedamus</strong></span> <span class='ocrx_word' id='word_1_99' title='bbox 764 1547 803 1607; x_wconf 90' lang='lat' dir='ltr'><strong>ad</strong></span> <span class='ocrx_word' id='word_1_100' title='bbox 824 1549 1027 1621; x_wconf 83' lang='lat' dir='ltr'><strong>lundomenta‚</strong></span> <span class='ocrx_word' id='word_1_101' title='bbox 1059 1548 1166 1623; x_wconf 88' lang='lat' dir='ltr'><strong>quibus</strong></span> <span class='ocrx_word' id='word_1_102' title='bbox 1189 1545 1334 1605; x_wconf 77' lang='lat' dir='ltr'><strong>liebertus</strong></span> <span class='ocrx_word' id='word_1_103' title='bbox 1364 1547 1400 1606; x_wconf 93' lang='lat' dir='ltr'><strong>de</strong></span> <span class='ocrx_word' id='word_1_104' title='bbox 1424 1548 1576 1606; x_wconf 77' lang='lat' dir='ltr'><strong>Fluctibus</strong></span> <span class='ocrx_word' id='word_1_105' title='bbox 1609 1565 1712 1624; x_wconf 90' lang='lat' dir='ltr'><strong>super-</strong></span> 
     </span>
     <span class='ocr_line' id='line_1_11' title="bbox 359 1633 1714 1712; baseline 0 -18"><span class='ocrx_word' id='word_1_106' title='bbox 359 1639 451 1694; x_wconf 89' lang='lat' dir='ltr'><strong>struit</strong></span> <span class='ocrx_word' id='word_1_107' title='bbox 472 1653 557 1695; x_wconf 91' lang='lat' dir='ltr'><strong>suam</strong></span> <span class='ocrx_word' id='word_1_108' title='bbox 579 1639 721 1694; x_wconf 90' lang='lat' dir='ltr'><strong>musicam</strong></span> <span class='ocrx_word' id='word_1_109' title='bbox 742 1635 935 1708; x_wconf 89' lang='lat' dir='ltr'><strong>mundanam,</strong></span> <span class='ocrx_word' id='word_1_110' title='bbox 965 1640 1090 1712; x_wconf 89' lang='lat' dir='ltr'><strong>primum</strong></span> <span class='ocrx_word' id='word_1_111' title='bbox 1113 1633 1164 1694; x_wconf 92' lang='lat' dir='ltr'><strong>ille</strong></span> <span class='ocrx_word' id='word_1_112' title='bbox 1187 1641 1281 1692; x_wconf 92' lang='lat' dir='ltr'><strong>totum</strong></span> <span class='ocrx_word' id='word_1_113' title='bbox 1304 1635 1444 1694; x_wconf 90' lang='lat' dir='ltr'><strong>mundum</strong></span> <span class='ocrx_word' id='word_1_114' title='bbox 1474 1651 1633 1710; x_wconf 90' lang='lat' dir='ltr'><strong>omnesque</strong></span> <span class='ocrx_word' id='word_1_115' title='bbox 1656 1645 1714 1694; x_wconf 88' lang='lat' dir='ltr'><strong>tres</strong></span> 
     </span>
     <span class='ocr_line' id='line_1_12' title="bbox 361 1722 1712 1801; baseline 0 -20"><span class='ocrx_word' id='word_1_116' title='bbox 361 1725 428 1799; x_wconf 87' lang='lat' dir='ltr'><strong>ejns</strong></span> <span class='ocrx_word' id='word_1_117' title='bbox 452 1734 560 1800; x_wconf 87' lang='lat' dir='ltr'><strong>partes,</strong></span> <span class='ocrx_word' id='word_1_118' title='bbox 583 1740 760 1801; x_wconf 76' lang='lat' dir='ltr'><strong>empyrsam</strong></span> <span class='ocrx_word' id='word_1_119' title='bbox 783 1723 948 1797; x_wconf 86' lang='lat' dir='ltr'><strong>coelestem,</strong></span> <span class='ocrx_word' id='word_1_120' title='bbox 974 1723 1180 1784; x_wconf 84' lang='lat' dir='ltr'><strong>elementarem</strong></span> <span class='ocrx_word' id='word_1_121' title='bbox 1203 1728 1345 1797; x_wconf 68' lang='lat' dir='ltr'><strong>occupat,</strong></span> <span class='ocrx_word' id='word_1_122' title='bbox 1361 1737 1416 1798; x_wconf 83' lang='lat' dir='ltr'><strong>ego</strong></span> <span class='ocrx_word' id='word_1_123' title='bbox 1438 1722 1532 1782; x_wconf 87' lang='lat' dir='ltr'><strong>solam</strong></span> <span class='ocrx_word' id='word_1_124' title='bbox 1548 1723 1712 1796; x_wconf 87' lang='lat' dir='ltr'><strong>coelestem,</strong></span> 
     </span>
     <span class='ocr_line' id='line_1_13' title="bbox 361 1809 1713 1887; baseline 0.001 -19"><span class='ocrx_word' id='word_1_125' title='bbox 361 1829 417 1870; x_wconf 84' lang='lat' dir='ltr'><strong>nec</strong></span> <span class='ocrx_word' id='word_1_126' title='bbox 440 1828 507 1870; x_wconf 90' lang='lat' dir='ltr'><strong>eam</strong></span> <span class='ocrx_word' id='word_1_127' title='bbox 529 1819 637 1883; x_wconf 86' lang='lat' dir='ltr'><strong>totam,</strong></span> <span class='ocrx_word' id='word_1_128' title='bbox 668 1810 721 1871; x_wconf 89' lang='lat' dir='ltr'><strong>sed</strong></span> <span class='ocrx_word' id='word_1_129' title='bbox 743 1810 823 1871; x_wconf 91' lang='lat' dir='ltr'><strong>solos</strong></span> <span class='ocrx_word' id='word_1_130' title='bbox 851 1811 1037 1887; x_wconf 88' lang='lat' dir='ltr'><strong>planetarum</strong></span> <span class='ocrx_word' id='word_1_131' title='bbox 1060 1819 1158 1870; x_wconf 87' lang='lat' dir='ltr'><strong>motos</strong></span> <span class='ocrx_word' id='word_1_132' title='bbox 1189 1812 1273 1884; x_wconf 89' lang='lat' dir='ltr'><strong>quasi</strong></span> <span class='ocrx_word' id='word_1_133' title='bbox 1301 1809 1512 1870; x_wconf 43' lang='lat' dir='ltr'><strong>sublandiaeo.</strong></span> <span class='ocrx_word' id='word_1_134' title='bbox 1532 1815 1620 1882; x_wconf 80' lang='lat' dir='ltr'><strong>(xvi.)</strong></span> <span class='ocrx_word' id='word_1_135' title='bbox 1660 1809 1713 1870; x_wconf 91' lang='lat' dir='ltr'><strong>llle</strong></span> 
     </span>
     <span class='ocr_line' id='line_1_14' title="bbox 360 1895 1710 1974; baseline -0.002 -18"><span class='ocrx_word' id='word_1_136' title='bbox 360 1898 434 1958; x_wconf 79' lang='lat' dir='ltr'><strong>daus</strong></span> <span class='ocrx_word' id='word_1_137' title='bbox 457 1899 621 1969; x_wconf 84' lang='lat' dir='ltr'><strong>veteribus,</strong></span> <span class='ocrx_word' id='word_1_138' title='bbox 651 1902 699 1974; x_wconf 92' lang='lat' dir='ltr'><strong>qni</strong></span> <span class='ocrx_word' id='word_1_139' title='bbox 723 1901 784 1958; x_wconf 89' lang='lat' dir='ltr'><strong>vim</strong></span> <span class='ocrx_word' id='word_1_140' title='bbox 806 1898 1022 1958; x_wconf 73' lang='lat' dir='ltr'><strong>harmoniarum</strong></span> <span class='ocrx_word' id='word_1_141' title='bbox 1049 1917 1084 1958; x_wconf 86' lang='lat' dir='ltr'><strong>ex</strong></span> <span class='ocrx_word' id='word_1_142' title='bbox 1107 1898 1235 1956; x_wconf 87' lang='lat' dir='ltr'><strong>numeria</strong></span> <span class='ocrx_word' id='word_1_143' title='bbox 1263 1897 1417 1958; x_wconf 88' lang='lat' dir='ltr'><strong>abstractis</strong></span> <span class='ocrx_word' id='word_1_144' title='bbox 1448 1915 1511 1958; x_wconf 88' lang='lat' dir='ltr'><strong>esse</strong></span> <span class='ocrx_word' id='word_1_145' title='bbox 1542 1895 1710 1970; x_wconf 80' lang='lat' dir='ltr'><strong>eredebant,</strong></span> 
     </span>
     <span class='ocr_line' id='line_1_15' title="bbox 362 1983 1713 2065; baseline 0 -21"><span class='ocrx_word' id='word_1_146' title='bbox 362 1995 411 2044; x_wconf 88' lang='lat' dir='ltr'><strong>sat</strong></span> <span class='ocrx_word' id='word_1_147' title='bbox 433 1986 534 2058; x_wconf 87' lang='lat' dir='ltr'><strong>babet,</strong></span> <span class='ocrx_word' id='word_1_148' title='bbox 556 1990 581 2043; x_wconf 92' lang='lat' dir='ltr'><strong>si</strong></span> <span class='ocrx_word' id='word_1_149' title='bbox 605 2003 678 2062; x_wconf 88' lang='lat' dir='ltr'><strong>quas</strong></span> <span class='ocrx_word' id='word_1_150' title='bbox 699 1989 775 2045; x_wconf 90' lang='lat' dir='ltr'><strong>inter</strong></span> <span class='ocrx_word' id='word_1_151' title='bbox 795 1993 895 2064; x_wconf 89' lang='lat' dir='ltr'><strong>partes</strong></span> <span class='ocrx_word' id='word_1_152' title='bbox 916 1987 1153 2047; x_wconf 77' lang='lat' dir='ltr'><strong>concordantiam</strong></span> <span class='ocrx_word' id='word_1_153' title='bbox 1176 1999 1240 2043; x_wconf 89' lang='lat' dir='ltr'><strong>esse</strong></span> <span class='ocrx_word' id='word_1_154' title='bbox 1264 1983 1488 2065; x_wconf 75' lang='lat' dir='ltr'><strong>demonstrabit,</strong></span> <span class='ocrx_word' id='word_1_155' title='bbox 1511 2003 1562 2046; x_wconf 89' lang='lat' dir='ltr'><strong>eas</strong></span> <span class='ocrx_word' id='word_1_156' title='bbox 1584 1987 1713 2044; x_wconf 90' lang='lat' dir='ltr'><strong>numeris</strong></span> 
     </span>
     <span class='ocr_line' id='line_1_16' title="bbox 361 2071 1711 2152; baseline -0.001 -20"><span class='ocrx_word' id='word_1_157' title='bbox 361 2073 629 2152; x_wconf 82' lang='lat' dir='ltr'><strong>quomodocunque</strong></span> <span class='ocrx_word' id='word_1_158' title='bbox 659 2073 900 2149; x_wconf 83' lang='lat' dir='ltr'><strong>comprehendat,</strong></span> <span class='ocrx_word' id='word_1_159' title='bbox 930 2074 1012 2132; x_wconf 88' lang='lat' dir='ltr'><strong>nulla</strong></span> <span class='ocrx_word' id='word_1_160' title='bbox 1041 2090 1126 2145; x_wconf 88' lang='lat' dir='ltr'><strong>eura,</strong></span> <span class='ocrx_word' id='word_1_161' title='bbox 1158 2071 1321 2146; x_wconf 90' lang='lat' dir='ltr'><strong>cujusmodi</strong></span> <span class='ocrx_word' id='word_1_162' title='bbox 1351 2075 1478 2134; x_wconf 85' lang='lat' dir='ltr'><strong>unitates</strong></span> <span class='ocrx_word' id='word_1_163' title='bbox 1508 2074 1560 2133; x_wconf 92' lang='lat' dir='ltr'><strong>illo</strong></span> <span class='ocrx_word' id='word_1_164' title='bbox 1591 2087 1711 2131; x_wconf 89' lang='lat' dir='ltr'><strong>numero</strong></span> 
     </span>
     <span class='ocr_line' id='line_1_17' title="bbox 362 2159 1713 2238; baseline -0.001 -18"><span class='ocrx_word' id='word_1_165' title='bbox 362 2160 604 2236; x_wconf 86' lang='lat' dir='ltr'><strong>accumulentur;</strong></span> <span class='ocrx_word' id='word_1_166' title='bbox 633 2179 689 2237; x_wconf 90' lang='lat' dir='ltr'><strong>ego</strong></span> <span class='ocrx_word' id='word_1_167' title='bbox 710 2163 848 2238; x_wconf 89' lang='lat' dir='ltr'><strong>nuspiam</strong></span> <span class='ocrx_word' id='word_1_168' title='bbox 876 2162 968 2222; x_wconf 91' lang='lat' dir='ltr'><strong>doceo</strong></span> <span class='ocrx_word' id='word_1_169' title='bbox 991 2177 1131 2237; x_wconf 89' lang='lat' dir='ltr'><strong>quaerere</strong></span> <span class='ocrx_word' id='word_1_170' title='bbox 1160 2159 1344 2234; x_wconf 84' lang='lat' dir='ltr'><strong>harmonias,</strong></span> <span class='ocrx_word' id='word_1_171' title='bbox 1375 2161 1425 2218; x_wconf 90' lang='lat' dir='ltr'><strong>ubl</strong></span> <span class='ocrx_word' id='word_1_172' title='bbox 1448 2175 1510 2236; x_wconf 85' lang='lat' dir='ltr'><strong>ras,</strong></span> <span class='ocrx_word' id='word_1_173' title='bbox 1541 2165 1615 2219; x_wconf 89' lang='lat' dir='ltr'><strong>luter</strong></span> <span class='ocrx_word' id='word_1_174' title='bbox 1638 2175 1713 2235; x_wconf 87' lang='lat' dir='ltr'><strong>quas</strong></span> 
     </span>
     <span class='ocr_line' id='line_1_18' title="bbox 362 2245 1713 2325; baseline -0.001 -18"><span class='ocrx_word' id='word_1_175' title='bbox 362 2258 435 2307; x_wconf 90' lang='lat' dir='ltr'><strong>sunt</strong></span> <span class='ocrx_word' id='word_1_176' title='bbox 462 2248 648 2320; x_wconf 87' lang='lat' dir='ltr'><strong>harmoniae,</strong></span> <span class='ocrx_word' id='word_1_177' title='bbox 679 2265 738 2306; x_wconf 92' lang='lat' dir='ltr'><strong>non</strong></span> <span class='ocrx_word' id='word_1_178' title='bbox 769 2257 892 2325; x_wconf 84' lang='lat' dir='ltr'><strong>possunt</strong></span> <span class='ocrx_word' id='word_1_179' title='bbox 914 2252 1073 2309; x_wconf 85' lang='lat' dir='ltr'><strong>mensurari</strong></span> <span class='ocrx_word' id='word_1_180' title='bbox 1102 2245 1206 2307; x_wconf 88' lang='lat' dir='ltr'><strong>eadem</strong></span> <span class='ocrx_word' id='word_1_181' title='bbox 1229 2249 1402 2322; x_wconf 83' lang='lat' dir='ltr'><strong>quantitatis</strong></span> <span class='ocrx_word' id='word_1_182' title='bbox 1424 2265 1575 2318; x_wconf 89' lang='lat' dir='ltr'><strong>mensura,</strong></span> <span class='ocrx_word' id='word_1_183' title='bbox 1609 2250 1652 2305; x_wconf 90' lang='lat' dir='ltr'><strong>sic</strong></span> <span class='ocrx_word' id='word_1_184' title='bbox 1681 2255 1713 2306; x_wconf 91' lang='lat' dir='ltr'><strong>ut</strong></span> 
     </span>
     <span class='ocr_line' id='line_1_19' title="bbox 362 2333 1714 2414; baseline -0.004 -17"><span class='ocrx_word' id='word_1_185' title='bbox 362 2353 455 2397; x_wconf 81' lang='grc'><strong>00000</strong></span> <span class='ocrx_word' id='word_1_186' title='bbox 476 2338 650 2412; x_wconf 85' lang='lat' dir='ltr'><strong>quantitatis</strong></span> <span class='ocrx_word' id='word_1_187' title='bbox 671 2335 776 2396; x_wconf 90' lang='lat' dir='ltr'><strong>eadem</strong></span> <span class='ocrx_word' id='word_1_188' title='bbox 797 2339 836 2395; x_wconf 90' lang='lat' dir='ltr'><strong>sit</strong></span> <span class='ocrx_word' id='word_1_189' title='bbox 858 2340 932 2395; x_wconf 91' lang='lat' dir='ltr'><strong>inter</strong></span> <span class='ocrx_word' id='word_1_190' title='bbox 948 2337 1014 2396; x_wconf 89' lang='lat' dir='ltr'><strong>illas</strong></span> <span class='ocrx_word' id='word_1_191' title='bbox 1029 2335 1191 2414; x_wconf 84' lang='lat' dir='ltr'><strong>proportio,</strong></span> <span class='ocrx_word' id='word_1_192' title='bbox 1215 2351 1291 2410; x_wconf 91' lang='lat' dir='ltr'><strong>quae</strong></span> <span class='ocrx_word' id='word_1_193' title='bbox 1306 2338 1381 2394; x_wconf 88' lang='lat' dir='ltr'><strong>inter</strong></span> <span class='ocrx_word' id='word_1_194' title='bbox 1396 2334 1469 2394; x_wconf 91' lang='lat' dir='ltr'><strong>duas</strong></span> <span class='ocrx_word' id='word_1_195' title='bbox 1486 2335 1609 2396; x_wconf 86' lang='lat' dir='ltr'><strong>chordas</strong></span> <span class='ocrx_word' id='word_1_196' title='bbox 1632 2333 1714 2410; x_wconf 83' lang='lat' dir='ltr'><strong>ejus·</strong></span> 
     </span>
     <span class='ocr_line' id='line_1_20' title="bbox 362 2421 1713 2499; baseline -0.001 -18"><span class='ocrx_word' id='word_1_197' title='bbox 362 2423 429 2482; x_wconf 91' lang='lat' dir='ltr'><strong>dem</strong></span> <span class='ocrx_word' id='word_1_198' title='bbox 453 2425 608 2496; x_wconf 90' lang='lat' dir='ltr'><strong>tensionis,</strong></span> <span class='ocrx_word' id='word_1_199' title='bbox 641 2441 731 2483; x_wconf 90' lang='lat' dir='ltr'><strong>causa</strong></span> <span class='ocrx_word' id='word_1_200' title='bbox 752 2424 952 2499; x_wconf 84' lang='lat' dir='ltr'><strong>longitudinis.</strong></span> <span class='ocrx_word' id='word_1_201' title='bbox 969 2433 1075 2486; x_wconf 77' lang='lat' dir='ltr'><strong>(xvn.)</strong></span> <span class='ocrx_word' id='word_1_202' title='bbox 1121 2421 1279 2498; x_wconf 89' lang='lat' dir='ltr'><strong>Propterea</strong></span> <span class='ocrx_word' id='word_1_203' title='bbox 1310 2421 1359 2482; x_wconf 90' lang='lat' dir='ltr'><strong>ille</strong></span> <span class='ocrx_word' id='word_1_204' title='bbox 1382 2429 1476 2482; x_wconf 89' lang='lat' dir='ltr'><strong>totum</strong></span> <span class='ocrx_word' id='word_1_205' title='bbox 1497 2421 1639 2482; x_wconf 90' lang='lat' dir='ltr'><strong>muudum</strong></span> <span class='ocrx_word' id='word_1_206' title='bbox 1662 2437 1713 2480; x_wconf 87' lang='lat' dir='ltr'><strong>ra·</strong></span> 
     </span>
     <span class='ocr_line' id='line_1_21' title="bbox 361 2507 1742 2587; baseline -0.001 -18"><span class='ocrx_word' id='word_1_207' title='bbox 361 2514 444 2571; x_wconf 90' lang='lat' dir='ltr'><strong>tione</strong></span> <span class='ocrx_word' id='word_1_208' title='bbox 468 2511 676 2571; x_wconf 86' lang='lat' dir='ltr'><strong>semidiametri</strong></span> <span class='ocrx_word' id='word_1_209' title='bbox 699 2512 727 2569; x_wconf 92' lang='lat' dir='ltr'><strong>in</strong></span> <span class='ocrx_word' id='word_1_210' title='bbox 751 2519 809 2570; x_wconf 89' lang='lat' dir='ltr'><strong>tres</strong></span> <span class='ocrx_word' id='word_1_211' title='bbox 824 2511 961 2587; x_wconf 86' lang='lat' dir='ltr'><strong>aequales</strong></span> <span class='ocrx_word' id='word_1_212' title='bbox 976 2517 1075 2586; x_wconf 91' lang='lat' dir='ltr'><strong>partes</strong></span> <span class='ocrx_word' id='word_1_213' title='bbox 1092 2507 1205 2582; x_wconf 91' lang='lat' dir='ltr'><strong>dividit,</strong></span> <span class='ocrx_word' id='word_1_214' title='bbox 1229 2517 1276 2567; x_wconf 88' lang='lat' dir='ltr'><strong>sut</strong></span> <span class='ocrx_word' id='word_1_215' title='bbox 1291 2511 1438 2584; x_wconf 80' lang='lat' dir='ltr'><strong>cognitum</strong></span> <span class='ocrx_word' id='word_1_216' title='bbox 1453 2510 1575 2586; x_wconf 83' lang='lat' dir='ltr'><strong>habene,</strong></span> <span class='ocrx_word' id='word_1_217' title='bbox 1601 2525 1713 2586; x_wconf 75' lang='grc'><strong>00000-</strong></span> <span class='ocrx_word' id='word_1_218' title='bbox 1740 2507 1742 2518; x_wconf 89' lang='grc'><strong>’</strong></span> 
     </span>
     <span class='ocr_line' id='line_1_22' title="bbox 364 2596 1714 2673; baseline 0 -18"><span class='ocrx_word' id='word_1_219' title='bbox 364 2596 408 2658; x_wconf 91' lang='grc'><strong>100</strong></span> <span class='ocrx_word' id='word_1_220' title='bbox 431 2598 501 2657; x_wconf 83' lang='grc'><strong>11100</strong></span> <span class='ocrx_word' id='word_1_221' title='bbox 522 2600 640 2657; x_wconf 91' lang='lat' dir='ltr'><strong>minime</strong></span> <span class='ocrx_word' id='word_1_222' title='bbox 663 2615 738 2672; x_wconf 86' lang='lat' dir='ltr'><strong>esse,</strong></span> <span class='ocrx_word' id='word_1_223' title='bbox 761 2598 813 2657; x_wconf 91' lang='lat' dir='ltr'><strong>sed</strong></span> <span class='ocrx_word' id='word_1_224' title='bbox 836 2599 902 2658; x_wconf 89' lang='lat' dir='ltr'><strong>ideo</strong></span> <span class='ocrx_word' id='word_1_225' title='bbox 926 2598 1030 2670; x_wconf 89' lang='lat' dir='ltr'><strong>solruu,</strong></span> <span class='ocrx_word' id='word_1_226' title='bbox 1054 2599 1125 2672; x_wconf 90' lang='lat' dir='ltr'><strong>quie</strong></span> <span class='ocrx_word' id='word_1_227' title='bbox 1149 2597 1242 2673; x_wconf 88' lang='lat' dir='ltr'><strong>prima</strong></span> <span class='ocrx_word' id='word_1_228' title='bbox 1264 2599 1361 2656; x_wconf 89' lang='lat' dir='ltr'><strong>unitas</strong></span> <span class='ocrx_word' id='word_1_229' title='bbox 1383 2600 1568 2657; x_wconf 81' lang='lat' dir='ltr'><strong>autmundus</strong></span> <span class='ocrx_word' id='word_1_230' title='bbox 1584 2599 1714 2658; x_wconf 87' lang='lat' dir='ltr'><strong>elemen-</strong></span> 
     </span>
     <span class='ocr_line' id='line_1_23' title="bbox 361 2685 1714 2766; baseline -0.002 -21"><span class='ocrx_word' id='word_1_231' title='bbox 361 2688 446 2766; x_wconf 89' lang='lat' dir='ltr'><strong>taris,</strong></span> <span class='ocrx_word' id='word_1_232' title='bbox 468 2686 598 2746; x_wconf 76' lang='lat' dir='ltr'><strong>mcuuda</strong></span> <span class='ocrx_word' id='word_1_233' title='bbox 619 2686 745 2744; x_wconf 91' lang='lat' dir='ltr'><strong>mundus</strong></span> <span class='ocrx_word' id='word_1_234' title='bbox 768 2685 930 2758; x_wconf 86' lang='lat' dir='ltr'><strong>aethereus,</strong></span> <span class='ocrx_word' id='word_1_235' title='bbox 956 2687 1042 2744; x_wconf 87' lang='lat' dir='ltr'><strong>tertia</strong></span> <span class='ocrx_word' id='word_1_236' title='bbox 1065 2700 1234 2760; x_wconf 88' lang='lat' dir='ltr'><strong>empyreus,</strong></span> <span class='ocrx_word' id='word_1_237' title='bbox 1259 2691 1290 2744; x_wconf 89' lang='lat' dir='ltr'><strong>et</strong></span> <span class='ocrx_word' id='word_1_238' title='bbox 1312 2703 1382 2744; x_wconf 88' lang='lat' dir='ltr'><strong>vcro</strong></span> <span class='ocrx_word' id='word_1_239' title='bbox 1406 2688 1532 2746; x_wconf 87' lang='lat' dir='ltr'><strong>unitates</strong></span> <span class='ocrx_word' id='word_1_240' title='bbox 1555 2687 1636 2762; x_wconf 61' lang='lat' dir='ltr'><strong>pium·</strong></span> <span class='ocrx_word' id='word_1_241' title='bbox 1656 2685 1714 2745; x_wconf 91' lang='lat' dir='ltr'><strong>ali-</strong></span> 
     </span>
     <span class='ocr_line' id='line_1_24' title="bbox 361 2772 1715 2851; baseline 0.001 -20"><span class='ocrx_word' id='word_1_242' title='bbox 361 2781 406 2834; x_wconf 92' lang='lat' dir='ltr'><strong>ter</strong></span> <span class='ocrx_word' id='word_1_243' title='bbox 428 2789 489 2832; x_wconf 91' lang='lat' dir='ltr'><strong>uon</strong></span> <span class='ocrx_word' id='word_1_244' title='bbox 511 2783 643 2851; x_wconf 91' lang='lat' dir='ltr'><strong>possunt,</strong></span> <span class='ocrx_word' id='word_1_245' title='bbox 666 2790 756 2849; x_wconf 92' lang='lat' dir='ltr'><strong>quam</strong></span> <span class='ocrx_word' id='word_1_246' title='bbox 780 2773 958 2849; x_wconf 87' lang='lat' dir='ltr'><strong>aequalitate</strong></span> <span class='ocrx_word' id='word_1_247' title='bbox 981 2772 1141 2844; x_wconf 82' lang='lat' dir='ltr'><strong>lineamm3</strong></span> <span class='ocrx_word' id='word_1_248' title='bbox 1165 2778 1196 2830; x_wconf 87' lang='lat' dir='ltr'><strong>at</strong></span> <span class='ocrx_word' id='word_1_249' title='bbox 1220 2787 1285 2844; x_wconf 82' lang='lat' dir='ltr'><strong>ego,</strong></span> <span class='ocrx_word' id='word_1_250' title='bbox 1310 2773 1366 2830; x_wconf 89' lang='lat' dir='ltr'><strong>niel</strong></span> <span class='ocrx_word' id='word_1_251' title='bbox 1390 2780 1514 2832; x_wconf 86' lang='lat' dir='ltr'><strong>testetur</strong></span> <span class='ocrx_word' id='word_1_252' title='bbox 1533 2775 1715 2832; x_wconf 89' lang='lat' dir='ltr'><strong>astronomia</strong></span> 
     </span>
     <span class='ocr_line' id='line_1_25' title="bbox 362 2860 1714 2936; baseline 0 -18"><span class='ocrx_word' id='word_1_253' title='bbox 362 2861 399 2921; x_wconf 89' lang='lat' dir='ltr'><strong>de</strong></span> <span class='ocrx_word' id='word_1_254' title='bbox 422 2860 527 2920; x_wconf 85' lang='lat' dir='ltr'><strong>eadem</strong></span> <span class='ocrx_word' id='word_1_255' title='bbox 554 2864 699 2919; x_wconf 90' lang='lat' dir='ltr'><strong>unitatum</strong></span> <span class='ocrx_word' id='word_1_256' title='bbox 721 2878 858 2919; x_wconf 87' lang='lat' dir='ltr'><strong>rnensuru</strong></span> <span class='ocrx_word' id='word_1_257' title='bbox 886 2861 1101 2936; x_wconf 84' lang='lat' dir='ltr'><strong>quantitative,</strong></span> <span class='ocrx_word' id='word_1_258' title='bbox 1133 2875 1318 2934; x_wconf 84' lang='lat' dir='ltr'><strong>nequaquam</strong></span> <span class='ocrx_word' id='word_1_259' title='bbox 1342 2862 1378 2918; x_wconf 90' lang='grc'><strong>110</strong></span> <span class='ocrx_word' id='word_1_260' title='bbox 1408 2869 1441 2918; x_wconf 92' lang='lat' dir='ltr'><strong>ut</strong></span> <span class='ocrx_word' id='word_1_261' title='bbox 1463 2861 1625 2920; x_wconf 84' lang='lat' dir='ltr'><strong>unitatibus</strong></span> <span class='ocrx_word' id='word_1_262' title='bbox 1647 2869 1714 2920; x_wconf 87' lang='lat' dir='ltr'><strong>utor</strong></span> 
     </span>
     <span class='ocr_line' id='line_1_26' title="bbox 360 2945 1714 3024; baseline -0.001 -17"><span class='ocrx_word' id='word_1_263' title='bbox 360 2948 400 3007; x_wconf 90' lang='lat' dir='ltr'><strong>ad</strong></span> <span class='ocrx_word' id='word_1_264' title='bbox 422 2949 617 3008; x_wconf 90' lang='lat' dir='ltr'><strong>numerandas</strong></span> <span class='ocrx_word' id='word_1_265' title='bbox 639 2950 842 3024; x_wconf 85' lang='lat' dir='ltr'><strong>proportiones</strong></span> <span class='ocrx_word' id='word_1_266' title='bbox 856 2947 1048 3007; x_wconf 82' lang='lat' dir='ltr'><strong>harmonicas,</strong></span> <span class='ocrx_word' id='word_1_267' title='bbox 1070 2951 1184 3016; x_wconf 77' lang='lat' dir='ltr'><strong>lxvlll.)</strong></span> <span class='ocrx_word' id='word_1_268' title='bbox 1215 2945 1270 3005; x_wconf 89' lang='lat' dir='ltr'><strong>Ille</strong></span> <span class='ocrx_word' id='word_1_269' title='bbox 1286 2953 1381 3006; x_wconf 81' lang='lat' dir='ltr'><strong>tannen</strong></span> <span class='ocrx_word' id='word_1_270' title='bbox 1404 2950 1464 3006; x_wconf 92' lang='lat' dir='ltr'><strong>suis</strong></span> <span class='ocrx_word' id='word_1_271' title='bbox 1480 2950 1618 3008; x_wconf 90' lang='lat' dir='ltr'><strong>insistens</strong></span> <span class='ocrx_word' id='word_1_272' title='bbox 1632 2949 1714 3023; x_wconf 90' lang='lat' dir='ltr'><strong>prin-</strong></span> 
     </span>
     <span class='ocr_line' id='line_1_27' title="bbox 364 3033 1712 3114; baseline -0.001 -21"><span class='ocrx_word' id='word_1_273' title='bbox 364 3037 451 3111; x_wconf 90' lang='lat' dir='ltr'><strong>cipiis</strong></span> <span class='ocrx_word' id='word_1_274' title='bbox 474 3035 713 3114; x_wconf 88' lang='lat' dir='ltr'><strong>pyramidemque</strong></span> <span class='ocrx_word' id='word_1_275' title='bbox 736 3035 863 3096; x_wconf 87' lang='lat' dir='ltr'><strong>educens</strong></span> <span class='ocrx_word' id='word_1_276' title='bbox 886 3052 922 3095; x_wconf 90' lang='lat' dir='ltr'><strong>ex</strong></span> <span class='ocrx_word' id='word_1_277' title='bbox 945 3035 1022 3107; x_wconf 91' lang='lat' dir='ltr'><strong>basi,</strong></span> <span class='ocrx_word' id='word_1_278' title='bbox 1054 3033 1161 3094; x_wconf 91' lang='lat' dir='ltr'><strong>circulo</strong></span> <span class='ocrx_word' id='word_1_279' title='bbox 1185 3049 1292 3108; x_wconf 88' lang='lat' dir='ltr'><strong>magno</strong></span> <span class='ocrx_word' id='word_1_280' title='bbox 1315 3033 1455 3107; x_wconf 80' lang='lat' dir='ltr'><strong>Telluris,</strong></span> <span class='ocrx_word' id='word_1_281' title='bbox 1487 3035 1550 3112; x_wconf 86' lang='lat' dir='ltr'><strong>ejus</strong></span> <span class='ocrx_word' id='word_1_282' title='bbox 1575 3037 1712 3094; x_wconf 90' lang='lat' dir='ltr'><strong>verticem</strong></span> 
     </span>
     <span class='ocr_line' id='line_1_28' title="bbox 362 3119 1712 3201; baseline -0.001 -20"><span class='ocrx_word' id='word_1_283' title='bbox 362 3124 400 3182; x_wconf 89' lang='lat' dir='ltr'><strong>ad</strong></span> <span class='ocrx_word' id='word_1_284' title='bbox 432 3126 529 3200; x_wconf 92' lang='lat' dir='ltr'><strong>ipsum</strong></span> <span class='ocrx_word' id='word_1_285' title='bbox 558 3127 672 3201; x_wconf 86' lang='lat' dir='ltr'><strong>apicem</strong></span> <span class='ocrx_word' id='word_1_286' title='bbox 695 3121 768 3182; x_wconf 87' lang='lat' dir='ltr'><strong>coeli</strong></span> <span class='ocrx_word' id='word_1_287' title='bbox 796 3125 924 3200; x_wconf 87' lang='lat' dir='ltr'><strong>empyrei</strong></span> <span class='ocrx_word' id='word_1_288' title='bbox 947 3125 1064 3195; x_wconf 86' lang='lat' dir='ltr'><strong>statuit,</strong></span> <span class='ocrx_word' id='word_1_289' title='bbox 1096 3128 1126 3180; x_wconf 89' lang='lat' dir='ltr'><strong>et</strong></span> <span class='ocrx_word' id='word_1_290' title='bbox 1153 3119 1307 3179; x_wconf 87' lang='lat' dir='ltr'><strong>altitudine</strong></span> <span class='ocrx_word' id='word_1_291' title='bbox 1338 3121 1401 3196; x_wconf 90' lang='lat' dir='ltr'><strong>ejus</strong></span> <span class='ocrx_word' id='word_1_292' title='bbox 1432 3125 1460 3179; x_wconf 90' lang='lat' dir='ltr'><strong>in</strong></span> <span class='ocrx_word' id='word_1_293' title='bbox 1488 3125 1544 3181; x_wconf 91' lang='lat' dir='ltr'><strong>tria</strong></span> <span class='ocrx_word' id='word_1_294' title='bbox 1574 3122 1712 3198; x_wconf 89' lang='lat' dir='ltr'><strong>aequalia</strong></span> 
     </span>
     <span class='ocr_line' id='line_1_29' title="bbox 363 3206 1714 3291; baseline -0.001 -23"><span class='ocrx_word' id='word_1_295' title='bbox 363 3206 503 3291; x_wconf 87' lang='lat' dir='ltr'><strong>(perinde</strong></span> <span class='ocrx_word' id='word_1_296' title='bbox 526 3228 560 3268; x_wconf 92' lang='lat' dir='ltr'><strong>ac</strong></span> <span class='ocrx_word' id='word_1_297' title='bbox 582 3212 608 3270; x_wconf 92' lang='lat' dir='ltr'><strong>si</strong></span> <span class='ocrx_word' id='word_1_298' title='bbox 630 3212 757 3270; x_wconf 90' lang='lat' dir='ltr'><strong>unitates</strong></span> <span class='ocrx_word' id='word_1_299' title='bbox 781 3212 931 3270; x_wconf 90' lang='lat' dir='ltr'><strong>verissime</strong></span> <span class='ocrx_word' id='word_1_300' title='bbox 961 3209 1100 3287; x_wconf 84' lang='lat' dir='ltr'><strong>aequales</strong></span> <span class='ocrx_word' id='word_1_301' title='bbox 1124 3207 1289 3282; x_wconf 88' lang='lat' dir='ltr'><strong>habuisset)</strong></span> <span class='ocrx_word' id='word_1_302' title='bbox 1313 3207 1426 3280; x_wconf 85' lang='lat' dir='ltr'><strong>divisa,</strong></span> <span class='ocrx_word' id='word_1_303' title='bbox 1457 3219 1608 3279; x_wconf 89' lang='lat' dir='ltr'><strong>numerat,</strong></span> <span class='ocrx_word' id='word_1_304' title='bbox 1641 3218 1714 3285; x_wconf 90' lang='lat' dir='ltr'><strong>quot</strong></span> 
     </span>
     <span class='ocr_line' id='line_1_30' title="bbox 360 3289 1712 3374; baseline -0.001 -18"><span class='ocrx_word' id='word_1_305' title='bbox 360 3307 460 3374; x_wconf 90' lang='lat' dir='ltr'><strong>partes</strong></span> <span class='ocrx_word' id='word_1_306' title='bbox 482 3301 603 3357; x_wconf 79' lang='lat' dir='ltr'><strong>veniant</strong></span> <span class='ocrx_word' id='word_1_307' title='bbox 625 3314 779 3374; x_wconf 88' lang='lat' dir='ltr'><strong>empyreo,</strong></span> <span class='ocrx_word' id='word_1_308' title='bbox 802 3291 874 3374; x_wconf 86' lang='lat' dir='ltr'><strong>quot</strong></span> <span class='ocrx_word' id='word_1_309' title='bbox 897 3297 1032 3372; x_wconf 89' lang='lat' dir='ltr'><strong>coelesti,</strong></span> <span class='ocrx_word' id='word_1_310' title='bbox 1064 3303 1136 3372; x_wconf 91' lang='lat' dir='ltr'><strong>quot</strong></span> <span class='ocrx_word' id='word_1_311' title='bbox 1160 3294 1336 3356; x_wconf 86' lang='lat' dir='ltr'><strong>elementari.</strong></span> <span class='ocrx_word' id='word_1_312' title='bbox 1383 3295 1458 3358; x_wconf 90' lang='lat' dir='ltr'><strong>Nam</strong></span> <span class='ocrx_word' id='word_1_313' title='bbox 1481 3289 1627 3356; x_wconf 80' lang='lat' dir='ltr'><strong>summum</strong></span> <span class='ocrx_word' id='word_1_314' title='bbox 1649 3294 1712 3356; x_wconf 90' lang='lat' dir='ltr'><strong>ele-</strong></span> 
     </span>
     <span class='ocr_line' id='line_1_31' title="bbox 362 3383 1710 3463; baseline 0.001 -21"><span class='ocrx_word' id='word_1_315' title='bbox 362 3387 503 3444; x_wconf 89' lang='lat' dir='ltr'><strong>mentaris</strong></span> <span class='ocrx_word' id='word_1_316' title='bbox 526 3387 653 3462; x_wconf 85' lang='lat' dir='ltr'><strong>regiquis</strong></span> <span class='ocrx_word' id='word_1_317' title='bbox 676 3385 732 3444; x_wconf 91' lang='lat' dir='ltr'><strong>hoc</strong></span> <span class='ocrx_word' id='word_1_318' title='bbox 754 3395 840 3463; x_wconf 91' lang='lat' dir='ltr'><strong>pacto</strong></span> <span class='ocrx_word' id='word_1_319' title='bbox 865 3383 954 3463; x_wconf 91' lang='lat' dir='ltr'><strong>duplo</strong></span> <span class='ocrx_word' id='word_1_320' title='bbox 981 3385 1097 3462; x_wconf 92' lang='lat' dir='ltr'><strong>longius</strong></span> <span class='ocrx_word' id='word_1_321' title='bbox 1121 3383 1206 3442; x_wconf 88' lang='lat' dir='ltr'><strong>abest</strong></span> <span class='ocrx_word' id='word_1_322' title='bbox 1236 3400 1254 3442; x_wconf 92' lang='lat' dir='ltr'><strong>a</strong></span> <span class='ocrx_word' id='word_1_323' title='bbox 1276 3400 1389 3442; x_wconf 91' lang='lat' dir='ltr'><strong>summo</strong></span> <span class='ocrx_word' id='word_1_324' title='bbox 1412 3386 1547 3444; x_wconf 90' lang='lat' dir='ltr'><strong>coelestis</strong></span> <span class='ocrx_word' id='word_1_325' title='bbox 1578 3401 1667 3462; x_wconf 88' lang='lat' dir='ltr'><strong>quam</strong></span> <span class='ocrx_word' id='word_1_326' title='bbox 1692 3401 1710 3444; x_wconf 95' lang='lat' dir='ltr'><strong>a</strong></span> 
     </span>
     <span class='ocr_line' id='line_1_32' title="bbox 360 3470 1713 3550; baseline 0 -20"><span class='ocrx_word' id='word_1_327' title='bbox 360 3490 476 3531; x_wconf 92' lang='lat' dir='ltr'><strong>summo</strong></span> <span class='ocrx_word' id='word_1_328' title='bbox 501 3475 647 3550; x_wconf 82' lang='lat' dir='ltr'><strong>empyrei3</strong></span> <span class='ocrx_word' id='word_1_329' title='bbox 672 3481 701 3532; x_wconf 89' lang='lat' dir='ltr'><strong>et</strong></span> <span class='ocrx_word' id='word_1_330' title='bbox 723 3474 751 3530; x_wconf 93' lang='lat' dir='ltr'><strong>in</strong></span> <span class='ocrx_word' id='word_1_331' title='bbox 775 3471 919 3532; x_wconf 89' lang='lat' dir='ltr'><strong>divisione</strong></span> <span class='ocrx_word' id='word_1_332' title='bbox 942 3471 1101 3550; x_wconf 78' lang='lat' dir='ltr'><strong>pyramidis</strong></span> <span class='ocrx_word' id='word_1_333' title='bbox 1124 3478 1255 3548; x_wconf 88' lang='lat' dir='ltr'><strong>respectu</strong></span> <span class='ocrx_word' id='word_1_334' title='bbox 1279 3470 1396 3546; x_wconf 90' lang='lat' dir='ltr'><strong>quidem</strong></span> <span class='ocrx_word' id='word_1_335' title='bbox 1420 3475 1483 3532; x_wconf 89' lang='lat' dir='ltr'><strong>axis</strong></span> <span class='ocrx_word' id='word_1_336' title='bbox 1507 3473 1598 3532; x_wconf 88' lang='lat' dir='ltr'><strong>tribua</strong></span> <span class='ocrx_word' id='word_1_337' title='bbox 1613 3473 1713 3547; x_wconf 89' lang='lat' dir='ltr'><strong>regio-</strong></span> 
     </span>
     <span class='ocr_line' id='line_1_33' title="bbox 361 3557 1713 3637; baseline 0 -19"><span class='ocrx_word' id='word_1_338' title='bbox 361 3561 451 3618; x_wconf 92' lang='lat' dir='ltr'><strong>nibus</strong></span> <span class='ocrx_word' id='word_1_339' title='bbox 474 3563 529 3618; x_wconf 89' lang='lat' dir='ltr'><strong>tria</strong></span> <span class='ocrx_word' id='word_1_340' title='bbox 552 3562 673 3620; x_wconf 91' lang='lat' dir='ltr'><strong>veniunt</strong></span> <span class='ocrx_word' id='word_1_341' title='bbox 695 3560 847 3635; x_wconf 89' lang='lat' dir='ltr'><strong>aequalia,</strong></span> <span class='ocrx_word' id='word_1_342' title='bbox 876 3567 1009 3636; x_wconf 91' lang='lat' dir='ltr'><strong>respectu</strong></span> <span class='ocrx_word' id='word_1_343' title='bbox 1036 3576 1104 3620; x_wconf 89' lang='lat' dir='ltr'><strong>vero</strong></span> <span class='ocrx_word' id='word_1_344' title='bbox 1128 3557 1263 3635; x_wconf 81' lang='lat' dir='ltr'><strong>trianguli</strong></span> <span class='ocrx_word' id='word_1_345' title='bbox 1286 3576 1338 3634; x_wconf 90' lang='lat' dir='ltr'><strong>per</strong></span> <span class='ocrx_word' id='word_1_346' title='bbox 1359 3576 1443 3619; x_wconf 84' lang='lat' dir='ltr'><strong>axem</strong></span> <span class='ocrx_word' id='word_1_347' title='bbox 1472 3577 1608 3637; x_wconf 85' lang='lat' dir='ltr'><strong>empyreo</strong></span> <span class='ocrx_word' id='word_1_348' title='bbox 1633 3561 1713 3620; x_wconf 90' lang='lat' dir='ltr'><strong>venit</strong></span> 
     </span>
     <span class='ocr_line' id='line_1_34' title="bbox 362 3645 1715 3726; baseline 0 -20"><span class='ocrx_word' id='word_1_349' title='bbox 362 3650 469 3719; x_wconf 87' lang='lat' dir='ltr'><strong>unitas,</strong></span> <span class='ocrx_word' id='word_1_350' title='bbox 494 3648 614 3707; x_wconf 82' lang='lat' dir='ltr'><strong>coelesti</strong></span> <span class='ocrx_word' id='word_1_351' title='bbox 636 3657 710 3721; x_wconf 88' lang='lat' dir='ltr'><strong>tres,</strong></span> <span class='ocrx_word' id='word_1_352' title='bbox 734 3645 904 3707; x_wconf 88' lang='lat' dir='ltr'><strong>elementari</strong></span> <span class='ocrx_word' id='word_1_353' title='bbox 926 3649 1055 3725; x_wconf 91' lang='lat' dir='ltr'><strong>quinque</strong></span> <span class='ocrx_word' id='word_1_354' title='bbox 1080 3648 1220 3721; x_wconf 86' lang='lat' dir='ltr'><strong>unitates,</strong></span> <span class='ocrx_word' id='word_1_355' title='bbox 1247 3653 1379 3722; x_wconf 86' lang='lat' dir='ltr'><strong>respectu</strong></span> <span class='ocrx_word' id='word_1_356' title='bbox 1403 3646 1529 3724; x_wconf 89' lang='lat' dir='ltr'><strong>denique</strong></span> <span class='ocrx_word' id='word_1_357' title='bbox 1551 3647 1638 3726; x_wconf 89' lang='lat' dir='ltr'><strong>spatii</strong></span> <span class='ocrx_word' id='word_1_358' title='bbox 1662 3663 1715 3707; x_wconf 87' lang='lat' dir='ltr'><strong>seu</strong></span> 
     </span>
     <span class='ocr_line' id='line_1_35' title="bbox 365 3725 1712 3812; baseline -0.001 -18"><span class='ocrx_word' id='word_1_359' title='bbox 365 3734 568 3811; x_wconf 88' lang='lat' dir='ltr'><strong>corpulentiae</strong></span> <span class='ocrx_word' id='word_1_360' title='bbox 584 3734 694 3810; x_wconf 83' lang='lat' dir='ltr'><strong>figurae</strong></span> <span class='ocrx_word' id='word_1_361' title='bbox 717 3752 854 3812; x_wconf 86' lang='lat' dir='ltr'><strong>empyreo</strong></span> <span class='ocrx_word' id='word_1_362' title='bbox 867 3737 972 3808; x_wconf 86' lang='lat' dir='ltr'><strong>unitas,</strong></span> <span class='ocrx_word' id='word_1_363' title='bbox 997 3735 1115 3794; x_wconf 85' lang='lat' dir='ltr'><strong>coelesti</strong></span> <span class='ocrx_word' id='word_1_364' title='bbox 1134 3736 1160 3804; x_wconf 83' lang='lat' dir='ltr'><strong>l,</strong></span> <span class='ocrx_word' id='word_1_365' title='bbox 1186 3725 1353 3792; x_wconf 86' lang='lat' dir='ltr'><strong>elementari</strong></span> <span class='ocrx_word' id='word_1_366' title='bbox 1372 3736 1409 3792; x_wconf 88' lang='lat'><strong>19</strong></span> <span class='ocrx_word' id='word_1_367' title='bbox 1433 3737 1560 3795; x_wconf 86' lang='lat' dir='ltr'><strong>unitates</strong></span> <span class='ocrx_word' id='word_1_368' title='bbox 1580 3737 1712 3793; x_wconf 91' lang='lat' dir='ltr'><strong>veniunt.</strong></span> 
     </span>
     <span class='ocr_line' id='line_1_36' title="bbox 363 3818 1713 3899; baseline 0 -21"><span class='ocrx_word' id='word_1_369' title='bbox 363 3819 444 3896; x_wconf 87' lang='lat' dir='ltr'><strong>Quid</strong></span> <span class='ocrx_word' id='word_1_370' title='bbox 467 3839 545 3880; x_wconf 92' lang='lat' dir='ltr'><strong>nnuc</strong></span> <span class='ocrx_word' id='word_1_371' title='bbox 568 3821 663 3881; x_wconf 89' lang='lat' dir='ltr'><strong>dicam</strong></span> <span class='ocrx_word' id='word_1_372' title='bbox 687 3822 722 3881; x_wconf 80' lang='lat' dir='ltr'><strong>sle</strong></span> <span class='ocrx_word' id='word_1_373' title='bbox 745 3822 838 3882; x_wconf 89' lang='lat' dir='ltr'><strong>altera</strong></span> <span class='ocrx_word' id='word_1_374' title='bbox 860 3825 1005 3883; x_wconf 90' lang='lat' dir='ltr'><strong>contraria</strong></span> <span class='ocrx_word' id='word_1_375' title='bbox 1027 3820 1178 3899; x_wconf 88' lang='lat' dir='ltr'><strong>pyramide</strong></span> <span class='ocrx_word' id='word_1_376' title='bbox 1202 3818 1290 3894; x_wconf 91' lang='lat' dir='ltr'><strong>lucis,</strong></span> <span class='ocrx_word' id='word_1_377' title='bbox 1315 3820 1398 3895; x_wconf 86' lang='lat' dir='ltr'><strong>cujus</strong></span> <span class='ocrx_word' id='word_1_378' title='bbox 1421 3823 1504 3881; x_wconf 87' lang='lat' dir='ltr'><strong>basin</strong></span> <span class='ocrx_word' id='word_1_379' title='bbox 1528 3823 1598 3882; x_wconf 88' lang='lat' dir='ltr'><strong>lacit</strong></span> <span class='ocrx_word' id='word_1_380' title='bbox 1620 3825 1713 3898; x_wconf 90' lang='lat' dir='ltr'><strong>ipsam</strong></span> 
     </span>
     <span class='ocr_line' id='line_1_37' title="bbox 360 3905 1715 3988; baseline 0 -20"><span class='ocrx_word' id='word_1_381' title='bbox 360 3909 545 3968; x_wconf 89' lang='lat' dir='ltr'><strong>adorandam</strong></span> <span class='ocrx_word' id='word_1_382' title='bbox 567 3911 743 3988; x_wconf 89' lang='lat' dir='ltr'><strong>trinitatem,</strong></span> <span class='ocrx_word' id='word_1_383' title='bbox 770 3911 798 3966; x_wconf 93' lang='lat' dir='ltr'><strong>iu</strong></span> <span class='ocrx_word' id='word_1_384' title='bbox 822 3927 935 3972; x_wconf 88' lang='lat' dir='ltr'><strong>summo</strong></span> <span class='ocrx_word' id='word_1_385' title='bbox 959 3911 1088 3986; x_wconf 89' lang='lat' dir='ltr'><strong>empyrei</strong></span> <span class='ocrx_word' id='word_1_386' title='bbox 1112 3905 1186 3967; x_wconf 90' lang='lat' dir='ltr'><strong>coeli</strong></span> <span class='ocrx_word' id='word_1_387' title='bbox 1210 3910 1309 3984; x_wconf 87' lang='lat' dir='ltr'><strong>apice,</strong></span> <span class='ocrx_word' id='word_1_388' title='bbox 1343 3911 1480 3969; x_wconf 89' lang='lat' dir='ltr'><strong>verticem</strong></span> <span class='ocrx_word' id='word_1_389' title='bbox 1503 3923 1574 3970; x_wconf 86' lang='lat' dir='ltr'><strong>vero</strong></span> <span class='ocrx_word' id='word_1_390' title='bbox 1597 3911 1626 3966; x_wconf 92' lang='lat' dir='ltr'><strong>iu</strong></span> <span class='ocrx_word' id='word_1_391' title='bbox 1649 3910 1715 3985; x_wconf 89' lang='lat' dir='ltr'><strong>ipsa</strong></span> 
     </span>
     <span class='ocr_line' id='line_1_38' title="bbox 362 3995 1714 4076; baseline 0.001 -22"><span class='ocrx_word' id='word_1_392' title='bbox 362 3995 457 4055; x_wconf 84' lang='lat' dir='ltr'><strong>Terra</strong></span> <span class='ocrx_word' id='word_1_393' title='bbox 478 3995 628 4057; x_wconf 79' lang='lat' dir='ltr'><strong>collocat?</strong></span> <span class='ocrx_word' id='word_1_394' title='bbox 645 3999 734 4067; x_wconf 76' lang='lat' dir='ltr'><strong>(XIX.)</strong></span> <span class='ocrx_word' id='word_1_395' title='bbox 775 3997 838 4056; x_wconf 89' lang='lat' dir='ltr'><strong>Has</strong></span> <span class='ocrx_word' id='word_1_396' title='bbox 862 3997 934 4056; x_wconf 90' lang='lat' dir='ltr'><strong>duas</strong></span> <span class='ocrx_word' id='word_1_397' title='bbox 964 3997 1131 4076; x_wconf 86' lang='lat' dir='ltr'><strong>pyramidas</strong></span> <span class='ocrx_word' id='word_1_398' title='bbox 1167 4013 1231 4053; x_wconf 89' lang='lat' dir='ltr'><strong>cum</strong></span> <span class='ocrx_word' id='word_1_399' title='bbox 1260 3997 1334 4053; x_wconf 88' lang='lat' dir='ltr'><strong>inter</strong></span> <span class='ocrx_word' id='word_1_400' title='bbox 1357 4013 1388 4055; x_wconf 90' lang='lat' dir='ltr'><strong>se</strong></span> <span class='ocrx_word' id='word_1_401' title='bbox 1417 3999 1589 4074; x_wconf 88' lang='lat' dir='ltr'><strong>permisceat</strong></span> <span class='ocrx_word' id='word_1_402' title='bbox 1619 4013 1714 4072; x_wconf 83' lang='lat' dir='ltr'><strong>exque</strong></span> 
     </span>
     <span class='ocr_line' id='line_1_39' title="bbox 362 4082 1713 4162; baseline -0.001 -20"><span class='ocrx_word' id='word_1_403' title='bbox 362 4085 492 4142; x_wconf 88' lang='lat' dir='ltr'><strong>mixtura</strong></span> <span class='ocrx_word' id='word_1_404' title='bbox 513 4084 715 4161; x_wconf 90' lang='lat' dir='ltr'><strong>proportiones</strong></span> <span class='ocrx_word' id='word_1_405' title='bbox 738 4087 864 4144; x_wconf 90' lang='lat' dir='ltr'><strong>musicas</strong></span> <span class='ocrx_word' id='word_1_406' title='bbox 892 4083 1003 4158; x_wconf 91' lang='lat' dir='ltr'><strong>eliciat,</strong></span> <span class='ocrx_word' id='word_1_407' title='bbox 1035 4102 1096 4144; x_wconf 89' lang='lat' dir='ltr'><strong>rem</strong></span> <span class='ocrx_word' id='word_1_408' title='bbox 1119 4089 1213 4142; x_wconf 89' lang='lat' dir='ltr'><strong>tentat</strong></span> <span class='ocrx_word' id='word_1_409' title='bbox 1240 4084 1336 4141; x_wconf 87' lang='lat' dir='ltr'><strong>amei</strong></span> <span class='ocrx_word' id='word_1_410' title='bbox 1360 4086 1455 4160; x_wconf 83' lang='lat' dir='ltr'><strong>operia</strong></span> <span class='ocrx_word' id='word_1_411' title='bbox 1486 4085 1637 4162; x_wconf 92' lang='lat' dir='ltr'><strong>proposito</strong></span> <span class='ocrx_word' id='word_1_412' title='bbox 1665 4082 1713 4140; x_wconf 91' lang='lat' dir='ltr'><strong>di·</strong></span> 
     </span>
     <span class='ocr_line' id='line_1_40' title="bbox 367 4167 1714 4253; baseline -0.001 -25"><span class='ocrx_word' id='word_1_413' title='bbox 367 4173 577 4232; x_wconf 86' lang='lat' dir='ltr'><strong>versissimam.</strong></span> <span class='ocrx_word' id='word_1_414' title='bbox 621 4171 697 4230; x_wconf 87' lang='lat' dir='ltr'><strong>Nam</strong></span> <span class='ocrx_word' id='word_1_415' title='bbox 725 4175 788 4250; x_wconf 88' lang='lat' dir='ltr'><strong>ipse</strong></span> <span class='ocrx_word' id='word_1_416' title='bbox 815 4172 911 4231; x_wconf 91' lang='lat' dir='ltr'><strong>lucem</strong></span> <span class='ocrx_word' id='word_1_417' title='bbox 936 4167 1061 4253; x_wconf 83' lang='lat' dir='ltr'><strong>(formae</strong></span> <span class='ocrx_word' id='word_1_418' title='bbox 1091 4179 1120 4230; x_wconf 90' lang='lat' dir='ltr'><strong>et</strong></span> <span class='ocrx_word' id='word_1_419' title='bbox 1143 4172 1258 4228; x_wconf 85' lang='lat' dir='ltr'><strong>animae</strong></span> <span class='ocrx_word' id='word_1_420' title='bbox 1284 4168 1475 4252; x_wconf 85' lang='lat' dir='ltr'><strong>largitricem)</strong></span> <span class='ocrx_word' id='word_1_421' title='bbox 1498 4179 1528 4231; x_wconf 93' lang='lat' dir='ltr'><strong>et</strong></span> <span class='ocrx_word' id='word_1_422' title='bbox 1554 4171 1714 4244; x_wconf 88' lang='lat' dir='ltr'><strong>materinm,</strong></span> 
     </span>
     <span class='ocr_line' id='line_1_41' title="bbox 366 4257 1716 4336; baseline -0.001 -20"><span class='ocrx_word' id='word_1_423' title='bbox 366 4257 429 4318; x_wconf 93' lang='lat' dir='ltr'><strong>dno</strong></span> <span class='ocrx_word' id='word_1_424' title='bbox 453 4260 582 4320; x_wconf 86' lang='lat' dir='ltr'><strong>interae</strong></span> <span class='ocrx_word' id='word_1_425' title='bbox 605 4259 812 4335; x_wconf 83' lang='lat' dir='ltr'><strong>diversissima,</strong></span> <span class='ocrx_word' id='word_1_426' title='bbox 836 4268 986 4336; x_wconf 86' lang='lat' dir='ltr'><strong>comparat</strong></span> <span class='ocrx_word' id='word_1_427' title='bbox 1010 4258 1168 4335; x_wconf 85' lang='lat' dir='ltr'><strong>atquibus</strong></span> <span class='ocrx_word' id='word_1_428' title='bbox 1193 4258 1372 4333; x_wconf 86' lang='lat' dir='ltr'><strong>quantitates</strong></span> <span class='ocrx_word' id='word_1_429' title='bbox 1395 4277 1580 4336; x_wconf 87' lang='lat' dir='ltr'><strong>nequaquam</strong></span> <span class='ocrx_word' id='word_1_430' title='bbox 1612 4257 1716 4317; x_wconf 90' lang='lat' dir='ltr'><strong>eodem</strong></span> 
     </span>
     <span class='ocr_line' id='line_1_42' title="bbox 365 4344 1715 4423; baseline -0.001 -20"><span class='ocrx_word' id='word_1_431' title='bbox 365 4355 504 4422; x_wconf 88' lang='lat' dir='ltr'><strong>respectu</strong></span> <span class='ocrx_word' id='word_1_432' title='bbox 526 4349 640 4420; x_wconf 91' lang='lat' dir='ltr'><strong>insunt,</strong></span> <span class='ocrx_word' id='word_1_433' title='bbox 672 4363 727 4422; x_wconf 89' lang='lat' dir='ltr'><strong>ego</strong></span> <span class='ocrx_word' id='word_1_434' title='bbox 751 4364 820 4406; x_wconf 90' lang='lat' dir='ltr'><strong>vero</strong></span> <span class='ocrx_word' id='word_1_435' title='bbox 843 4364 895 4423; x_wconf 92' lang='lat' dir='ltr'><strong>pro</strong></span> <span class='ocrx_word' id='word_1_436' title='bbox 918 4349 1048 4407; x_wconf 90' lang='lat' dir='ltr'><strong>terminis</strong></span> <span class='ocrx_word' id='word_1_437' title='bbox 1071 4345 1241 4405; x_wconf 78' lang='lat' dir='ltr'><strong>formandae</strong></span> <span class='ocrx_word' id='word_1_438' title='bbox 1261 4348 1456 4422; x_wconf 89' lang='lat' dir='ltr'><strong>proportionis</strong></span> <span class='ocrx_word' id='word_1_439' title='bbox 1479 4345 1663 4406; x_wconf 88' lang='lat' dir='ltr'><strong>harmonicae</strong></span> <span class='ocrx_word' id='word_1_440' title='bbox 1685 4344 1715 4402; x_wconf 89' lang='lat' dir='ltr'><strong>iu</strong></span> 
     </span>
     <span class='ocr_line' id='line_1_43' title="bbox 365 4431 1715 4511; baseline -0.001 -20"><span class='ocrx_word' id='word_1_441' title='bbox 365 4431 477 4492; x_wconf 93' lang='lat' dir='ltr'><strong>mundo</strong></span> <span class='ocrx_word' id='word_1_442' title='bbox 500 4451 558 4494; x_wconf 92' lang='lat' dir='ltr'><strong>uon</strong></span> <span class='ocrx_word' id='word_1_443' title='bbox 582 4436 705 4493; x_wconf 87' lang='lat' dir='ltr'><strong>admitto</strong></span> <span class='ocrx_word' id='word_1_444' title='bbox 728 4436 784 4494; x_wconf 89' lang='lat' dir='ltr'><strong>nisi</strong></span> <span class='ocrx_word' id='word_1_445' title='bbox 807 4433 867 4506; x_wconf 90' lang='lat' dir='ltr'><strong>illa,</strong></span> <span class='ocrx_word' id='word_1_446' title='bbox 891 4452 968 4511; x_wconf 90' lang='lat' dir='ltr'><strong>quae</strong></span> <span class='ocrx_word' id='word_1_447' title='bbox 986 4434 1088 4494; x_wconf 90' lang='lat' dir='ltr'><strong>eudem</strong></span> <span class='ocrx_word' id='word_1_448' title='bbox 1105 4441 1238 4510; x_wconf 86' lang='lat' dir='ltr'><strong>respectu</strong></span> <span class='ocrx_word' id='word_1_449' title='bbox 1255 4435 1433 4509; x_wconf 86' lang='lat' dir='ltr'><strong>quantitates</strong></span> <span class='ocrx_word' id='word_1_450' title='bbox 1451 4435 1609 4510; x_wconf 82' lang='lat' dir='ltr'><strong>recipiunt;</strong></span> <span class='ocrx_word' id='word_1_451' title='bbox 1624 4431 1715 4491; x_wconf 66' lang='lat' dir='ltr'><strong>¹verbi</strong></span> 
     </span>
     <span class='ocr_line' id='line_1_44' title="bbox 365 4515 1713 4586; baseline -0.001 -7"><span class='ocrx_word' id='word_1_452' title='bbox 365 4537 458 4579; x_wconf 88' lang='lat' dir='ltr'><strong>causa</strong></span> <span class='ocrx_word' id='word_1_453' title='bbox 488 4529 598 4581; x_wconf 91' lang='lat' dir='ltr'><strong>motum</strong></span> <span class='ocrx_word' id='word_1_454' title='bbox 629 4521 733 4580; x_wconf 91' lang='lat' dir='ltr'><strong>Martis</strong></span> <span class='ocrx_word' id='word_1_455' title='bbox 765 4529 795 4582; x_wconf 92' lang='lat' dir='ltr'><strong>et</strong></span> <span class='ocrx_word' id='word_1_456' title='bbox 825 4531 935 4582; x_wconf 91' lang='lat' dir='ltr'><strong>motum</strong></span> <span class='ocrx_word' id='word_1_457' title='bbox 958 4521 1046 4582; x_wconf 87' lang='lat' dir='ltr'><strong>Jovis</strong></span> <span class='ocrx_word' id='word_1_458' title='bbox 1069 4515 1278 4586; x_wconf 81' lang='lat' dir='ltr'><strong>dihrrros.(xx)</strong></span> <span class='ocrx_word' id='word_1_459' title='bbox 1321 4519 1383 4580; x_wconf 87' lang='lat' dir='ltr'><strong>Nec</strong></span> <span class='ocrx_word' id='word_1_460' title='bbox 1414 4522 1508 4578; x_wconf 87' lang='lat' dir='ltr'><strong>minue</strong></span> <span class='ocrx_word' id='word_1_461' title='bbox 1536 4520 1713 4580; x_wconf 86' lang='lat' dir='ltr'><strong>diversitatis</strong></span> 
     </span>
     <span class='ocr_line' id='line_1_45' title="bbox 364 4605 1715 4685; baseline 0 -21"><span class='ocrx_word' id='word_1_462' title='bbox 364 4609 446 4669; x_wconf 90' lang='lat' dir='ltr'><strong>inter</strong></span> <span class='ocrx_word' id='word_1_463' title='bbox 468 4625 522 4668; x_wconf 91' lang='lat' dir='ltr'><strong>uos</strong></span> <span class='ocrx_word' id='word_1_464' title='bbox 545 4615 575 4668; x_wconf 92' lang='lat' dir='ltr'><strong>et</strong></span> <span class='ocrx_word' id='word_1_465' title='bbox 597 4611 625 4666; x_wconf 91' lang='lat' dir='ltr'><strong>io</strong></span> <span class='ocrx_word' id='word_1_466' title='bbox 648 4608 706 4668; x_wconf 90' lang='lat' dir='ltr'><strong>hoc</strong></span> <span class='ocrx_word' id='word_1_467' title='bbox 729 4611 878 4683; x_wconf 89' lang='lat' dir='ltr'><strong>consistit,</strong></span> <span class='ocrx_word' id='word_1_468' title='bbox 909 4609 987 4685; x_wconf 91' lang='lat' dir='ltr'><strong>qood</strong></span> <span class='ocrx_word' id='word_1_469' title='bbox 1009 4607 1060 4667; x_wconf 89' lang='lat' dir='ltr'><strong>ille</strong></span> <span class='ocrx_word' id='word_1_470' title='bbox 1084 4610 1252 4668; x_wconf 83' lang='lat' dir='ltr'><strong>elementari</strong></span> <span class='ocrx_word' id='word_1_471' title='bbox 1283 4609 1395 4683; x_wconf 86' lang='lat' dir='ltr'><strong>regioni</strong></span> <span class='ocrx_word' id='word_1_472' title='bbox 1423 4615 1549 4684; x_wconf 91' lang='lat' dir='ltr'><strong>quatuor</strong></span> <span class='ocrx_word' id='word_1_473' title='bbox 1576 4605 1715 4667; x_wconf 88' lang='lat' dir='ltr'><strong>adscribit</strong></span> 
     </span>
     <span class='ocr_line' id='line_1_46' title="bbox 363 4693 1715 4772; baseline 0 -19"><span class='ocrx_word' id='word_1_474' title='bbox 363 4693 474 4770; x_wconf 83' lang='lat' dir='ltr'><strong>gradm</strong></span> <span class='ocrx_word' id='word_1_475' title='bbox 503 4695 689 4755; x_wconf 88' lang='lat' dir='ltr'><strong>obscuritatis</strong></span> <span class='ocrx_word' id='word_1_476' title='bbox 713 4705 742 4755; x_wconf 92' lang='grc'><strong>00</strong></span> <span class='ocrx_word' id='word_1_477' title='bbox 765 4696 958 4770; x_wconf 83' lang='lat' dir='ltr'><strong>tenebrarum,</strong></span> <span class='ocrx_word' id='word_1_478' title='bbox 988 4699 1063 4772; x_wconf 83' lang='lat' dir='ltr'><strong>qaia</strong></span> <span class='ocrx_word' id='word_1_479' title='bbox 1085 4695 1234 4771; x_wconf 80' lang='lat' dir='ltr'><strong>quaelihet</strong></span> <span class='ocrx_word' id='word_1_480' title='bbox 1261 4712 1315 4767; x_wconf 86' lang='lat' dir='ltr'><strong>res,</strong></span> <span class='ocrx_word' id='word_1_481' title='bbox 1340 4696 1399 4772; x_wconf 89' lang='lat' dir='ltr'><strong>ait,</strong></span> <span class='ocrx_word' id='word_1_482' title='bbox 1431 4701 1565 4769; x_wconf 77' lang='lat' dir='ltr'><strong>qualum</strong></span> <span class='ocrx_word' id='word_1_483' title='bbox 1587 4701 1715 4772; x_wconf 80' lang='lat' dir='ltr'><strong>quartos</strong></span> 
     </span>
     <span class='ocr_line' id='line_1_47' title="bbox 364 4781 1713 4860; baseline 0.001 -20"><span class='ocrx_word' id='word_1_484' title='bbox 364 4782 467 4856; x_wconf 81' lang='lat' dir='ltr'><strong>hebet,</strong></span> <span class='ocrx_word' id='word_1_485' title='bbox 491 4800 560 4842; x_wconf 90' lang='lat' dir='ltr'><strong>sane</strong></span> <span class='ocrx_word' id='word_1_486' title='bbox 585 4800 643 4842; x_wconf 91' lang='lat' dir='ltr'><strong>uon</strong></span> <span class='ocrx_word' id='word_1_487' title='bbox 666 4785 761 4842; x_wconf 86' lang='lat' dir='ltr'><strong>minus</strong></span> <span class='ocrx_word' id='word_1_488' title='bbox 784 4801 871 4860; x_wconf 90' lang='lat' dir='ltr'><strong>quam</strong></span> <span class='ocrx_word' id='word_1_489' title='bbox 895 4792 952 4843; x_wconf 88' lang='lat' dir='ltr'><strong>tres</strong></span> <span class='ocrx_word' id='word_1_490' title='bbox 975 4785 1076 4841; x_wconf 89' lang='lat' dir='ltr'><strong>tertias</strong></span> <span class='ocrx_word' id='word_1_491' title='bbox 1099 4791 1128 4841; x_wconf 89' lang='lat' dir='ltr'><strong>et</strong></span> <span class='ocrx_word' id='word_1_492' title='bbox 1151 4783 1280 4858; x_wconf 90' lang='lat' dir='ltr'><strong>quinque</strong></span> <span class='ocrx_word' id='word_1_493' title='bbox 1303 4783 1434 4857; x_wconf 85' lang='lat' dir='ltr'><strong>quintas,</strong></span> <span class='ocrx_word' id='word_1_494' title='bbox 1461 4781 1583 4860; x_wconf 85' lang='lat' dir='ltr'><strong>jamque</strong></span> <span class='ocrx_word' id='word_1_495' title='bbox 1606 4781 1713 4843; x_wconf 84' lang='lat' dir='ltr'><strong>Terrae</strong></span> 
     </span>
     <span class='ocr_line' id='line_1_48' title="bbox 363 4864 1713 4949; baseline 0.002 -24"><span class='ocrx_word' id='word_1_496' title='bbox 363 4871 463 4929; x_wconf 88' lang='lat' dir='ltr'><strong>inesse</strong></span> <span class='ocrx_word' id='word_1_497' title='bbox 479 4886 579 4930; x_wconf 91' lang='lat' dir='ltr'><strong>omnes</strong></span> <span class='ocrx_word' id='word_1_498' title='bbox 595 4880 729 4947; x_wconf 90' lang='lat' dir='ltr'><strong>quatuor,</strong></span> <span class='ocrx_word' id='word_1_499' title='bbox 753 4887 849 4946; x_wconf 88' lang='lat' dir='ltr'><strong>aquae</strong></span> <span class='ocrx_word' id='word_1_500' title='bbox 872 4877 930 4928; x_wconf 91' lang='lat' dir='ltr'><strong>tres</strong></span> <span class='ocrx_word' id='word_1_501' title='bbox 946 4864 1057 4949; x_wconf 90' lang='lat' dir='ltr'><strong>(eoque</strong></span> <span class='ocrx_word' id='word_1_502' title='bbox 1073 4865 1155 4926; x_wconf 86' lang='lat' dir='ltr'><strong>illam</strong></span> <span class='ocrx_word' id='word_1_503' title='bbox 1172 4883 1236 4927; x_wconf 89' lang='lat' dir='ltr'><strong>esse</strong></span> <span class='ocrx_word' id='word_1_504' title='bbox 1249 4868 1313 4942; x_wconf 87' lang='lat' dir='ltr'><strong>jam</strong></span> <span class='ocrx_word' id='word_1_505' title='bbox 1327 4865 1528 4945; x_wconf 88' lang='lat' dir='ltr'><strong>pellucidam),</strong></span> <span class='ocrx_word' id='word_1_506' title='bbox 1553 4873 1614 4932; x_wconf 87' lang='lat' dir='ltr'><strong>a&#39;e&#39;ri</strong></span> <span class='ocrx_word' id='word_1_507' title='bbox 1630 4868 1713 4943; x_wconf 85' lang='lat' dir='ltr'><strong>duas,</strong></span> 
     </span>
     <span class='ocr_line' id='line_1_49' title="bbox 364 4955 1714 5033; baseline -0.001 -18"><span class='ocrx_word' id='word_1_508' title='bbox 364 4960 426 5033; x_wconf 87' lang='lat' dir='ltr'><strong>igni</strong></span> <span class='ocrx_word' id='word_1_509' title='bbox 448 4975 547 5018; x_wconf 90' lang='lat' dir='ltr'><strong>unam.</strong></span> <span class='ocrx_word' id='word_1_510' title='bbox 564 4961 662 5032; x_wconf 72' lang='lat' dir='ltr'><strong>(xxi.)</strong></span> <span class='ocrx_word' id='word_1_511' title='bbox 696 4957 823 5017; x_wconf 88' lang='lat' dir='ltr'><strong>Rursum</strong></span> <span class='ocrx_word' id='word_1_512' title='bbox 852 4955 924 5015; x_wconf 89' lang='lat' dir='ltr'><strong>alibi</strong></span> <span class='ocrx_word' id='word_1_513' title='bbox 954 4955 1115 5031; x_wconf 90' lang='lat' dir='ltr'><strong>quamlibet</strong></span> <span class='ocrx_word' id='word_1_514' title='bbox 1142 4955 1289 5030; x_wconf 86' lang='lat' dir='ltr'><strong>regionem</strong></span> <span class='ocrx_word' id='word_1_515' title='bbox 1312 4955 1468 5032; x_wconf 86' lang='lat' dir='ltr'><strong>cujuslibet</strong></span> <span class='ocrx_word' id='word_1_516' title='bbox 1496 4975 1548 5019; x_wconf 90' lang='lat' dir='ltr'><strong>seu</strong></span> <span class='ocrx_word' id='word_1_517' title='bbox 1579 4958 1714 5020; x_wconf 90' lang='lat' dir='ltr'><strong>elementi</strong></span> 
     </span>
     <span class='ocr_line' id='line_1_50' title="bbox 363 5032 1713 5121; baseline -0.001 -16"><span class='ocrx_word' id='word_1_518' title='bbox 363 5062 419 5105; x_wconf 91' lang='lat' dir='ltr'><strong>seu</strong></span> <span class='ocrx_word' id='word_1_519' title='bbox 441 5044 516 5106; x_wconf 93' lang='lat' dir='ltr'><strong>coeli</strong></span> <span class='ocrx_word' id='word_1_520' title='bbox 538 5049 568 5106; x_wconf 91' lang='lat' dir='ltr'><strong>io</strong></span> <span class='ocrx_word' id='word_1_521' title='bbox 591 5048 647 5106; x_wconf 91' lang='lat' dir='ltr'><strong>tria</strong></span> <span class='ocrx_word' id='word_1_522' title='bbox 669 5045 831 5106; x_wconf 89' lang='lat' dir='ltr'><strong>subdividit</strong></span> <span class='ocrx_word' id='word_1_523' title='bbox 852 5044 957 5120; x_wconf 86' lang='lat' dir='ltr'><strong>spatia,</strong></span> <span class='ocrx_word' id='word_1_524' title='bbox 981 5044 1010 5100; x_wconf 91' lang='lat' dir='ltr'><strong>in</strong></span> <span class='ocrx_word' id='word_1_525' title='bbox 1032 5057 1186 5117; x_wconf 88' lang='lat' dir='ltr'><strong>summum,</strong></span> <span class='ocrx_word' id='word_1_526' title='bbox 1209 5041 1337 5102; x_wconf 90' lang='lat' dir='ltr'><strong>medium</strong></span> <span class='ocrx_word' id='word_1_527' title='bbox 1359 5051 1389 5103; x_wconf 89' lang='lat' dir='ltr'><strong>et</strong></span> <span class='ocrx_word' id='word_1_528' title='bbox 1404 5045 1503 5121; x_wconf 87' lang='lat' dir='ltr'><strong>imum,</strong></span> <span class='ocrx_word' id='word_1_529' title='bbox 1524 5032 1582 5106; x_wconf 81' lang='lat' dir='ltr'><strong>non</strong></span> <span class='ocrx_word' id='word_1_530' title='bbox 1605 5046 1713 5121; x_wconf 90' lang='lat' dir='ltr'><strong>ubique</strong></span> 
     </span>
     <span class='ocr_line' id='line_1_51' title="bbox 364 5129 1713 5213; baseline 0 -20"><span class='ocrx_word' id='word_1_531' title='bbox 364 5140 507 5211; x_wconf 88' lang='lat' dir='ltr'><strong>sequente</strong></span> <span class='ocrx_word' id='word_1_532' title='bbox 535 5151 674 5196; x_wconf 88' lang='lat' dir='ltr'><strong>sensuum</strong></span> <span class='ocrx_word' id='word_1_533' title='bbox 701 5131 918 5213; x_wconf 89' lang='lat' dir='ltr'><strong>probabilitate.</strong></span> <span class='ocrx_word' id='word_1_534' title='bbox 962 5129 1070 5207; x_wconf 88' lang='lat' dir='ltr'><strong>Vides,</strong></span> <span class='ocrx_word' id='word_1_535' title='bbox 1099 5131 1227 5193; x_wconf 87' lang='lat' dir='ltr'><strong>unitates</strong></span> <span class='ocrx_word' id='word_1_536' title='bbox 1257 5131 1322 5211; x_wconf 88' lang='lat' dir='ltr'><strong>ejus</strong></span> <span class='ocrx_word' id='word_1_537' title='bbox 1348 5149 1463 5194; x_wconf 87' lang='lat' dir='ltr'><strong>mrsum</strong></span> <span class='ocrx_word' id='word_1_538' title='bbox 1492 5150 1557 5196; x_wconf 88' lang='lat' dir='ltr'><strong>esso</strong></span> <span class='ocrx_word' id='word_1_539' title='bbox 1586 5134 1713 5196; x_wconf 85' lang='lat' dir='ltr'><strong>arbitra-</strong></span> 
     </span>
    </p>
   </div>
   <div class='ocr_carea' id='block_1_3' title="bbox 0 0 2238 6192">
    <p class='ocr_par' dir='ltr' id='par_1_3' title="bbox 0 0 2238 6192">
     <span class='ocr_line' id='line_1_52' title="bbox 0 0 2238 6192; baseline 0 0"><span class='ocrx_word' id='word_1_540' title='bbox 0 0 2238 6192; x_wconf 95' lang='lat' dir='ltr'><strong> </strong></span> 
     </span>
    </p>
   </div>
  </div>
 </body>
</html>
