4467 6192
553 650 618 715 200
963 649 1006 704 De
1024 648 1289 719 configurationibus
1308 650 1487 708 Harmonicis.

639 829 761 890 lituum
792 828 880 888 etiam
907 834 937 887 et
969 827 1145 904 quadratum
1175 836 1205 889 et
1235 830 1388 907 quintilem
1419 838 1449 891 et
1481 831 1665 909 biquintilsm
1696 830 1893 911 prolegomene

553 917 754 995 premeridis
776 916 886 975 iaciunt
908 917 1049 992 csqudes
1068 920 1103 975 in
1123 920 1229 993 primo
1250 926 1278 978 et
1300 919 1490 987 umidum
1511 937 1623 993 waso,
1646 926 1719 995 puta
1741 936 1893 995 congruon-

554 1007 613 1065 tiae
635 1022 726 1082 purae
749 1007 778 1063 in
801 1001 911 1073 solido,
942 1003 980 1061 ad
1012 1004 1231 1064 constituendas
1256 1006 1365 1081 ligurus
1396 1006 1507 1066 solidas
1536 1005 1700 1083 regularem
1731 1009 1847 1065 trium
1872 1015 1895 1065 st

554 1093 742 1168 quadratum
765 1090 825 1149 dixi
848 1090 958 1151 addere
979 1109 1106 1150 coneum
1120 1093 1292 1171 secundom,
1316 1112 1380 1154 non
1394 1095 1491 1155 multo
1506 1095 1657 1169 tanam,
1679 1094 1812 1169 intellige
1833 1111 1895 1153 eon·

554 1181 717 1255 grucntiam
747 1196 849 1256 puram
875 1178 1033 1253 figurarum
1061 1172 1212 1255 inplebo.
1257 1180 1341 1241 Haec
1364 1180 1482 1258 quidem
1512 1184 1601 1243 etiam
1621 1180 1720 1241 sextili
1743 1184 1896 1241 eommunis

554 1273 607 1340 ost,
630 1284 732 1327 verum
755 1259 820 1326 eam
842 1264 892 1325 ille
913 1282 972 1324 non
994 1266 1077 1325 addit
1097 1268 1218 1343 primae,
1242 1268 1295 1327 sed
1316 1276 1482 1345 separatam
1504 1268 1542 1329 ab
1557 1269 1609 1329 illu
1630 1267 1771 1346 possidet.
1797 1267 1896 1342 Quem·

554 1354 711 1413 admodum
734 1353 904 1430 quadratos
926 1361 954 1412 et
975 1357 1097 1413 uetiam
1119 1372 1243 1413 causam
1267 1355 1379 1415 adden
1401 1356 1583 1433 perhibemr,
1606 1364 1680 1433 puta
1701 1355 1896 1415 effabilitstem

553 1439 650 1519 plani,
672 1459 731 1500 non
754 1440 832 1517 quod
856 1458 892 1499 ea
914 1457 972 1499 non
996 1443 1082 1501 etiam
1106 1443 1280 1503 semisextos
1307 1446 1477 1520 participet,
1505 1443 1558 1503 sed
1585 1445 1663 1519 quia,
1687 1460 1764 1519 quae
1788 1446 1897 1503 suntin

555 1531 658 1593 ostede
680 1528 822 1606 singulae,
847 1526 916 1588 illae
939 1530 968 1585 in
992 1528 1134 1604 quadrato
1158 1529 1348 1599 cumulantur,
1372 1540 1405 1590 ut
1420 1531 1480 1590 liat
1501 1533 1631 1590 omnium
1652 1533 1878 1606 potentissimus.

640 1616 689 1676 Sic
712 1619 741 1674 in
764 1615 937 1691 colligendis
969 1617 1114 1693 suffragiis
1146 1634 1200 1694 pro
1231 1610 1328 1676 sextili
1352 1620 1491 1695 diqrrcm
1512 1619 1698 1679 nobilitatem
1721 1621 1749 1679 ei
1770 1636 1897 1679 commo·

553 1719 623 1764 nem
645 1722 716 1765 cum
738 1708 873 1779 opposito
905 1721 964 1762 esse
987 1703 1061 1774 dixi,
1095 1696 1296 1765 effabilitatcm
1327 1707 1449 1765 innuens
1481 1707 1580 1765 lateris
1603 1706 1731 1781 figurae,
1761 1708 1834 1781 quis
1861 1714 1899 1766 est

554 1792 705 1853 dimidium
729 1791 860 1851 diametri
884 1790 993 1850 circuli.
1025 1791 1152 1851 Rursum
1175 1791 1268 1852 eidem
1292 1793 1401 1869 aliqua
1421 1794 1562 1853 nobilitas
1584 1800 1626 1852 eat
1647 1797 1818 1853 mmmmm
1838 1810 1898 1852 cuns

553 1883 635 1940 bino
657 1887 685 1939 et
706 1879 874 1956 quadrato,
909 1880 1044 1937 nimirum
1067 1882 1256 1955 congruentia
1278 1898 1353 1956 pura
1375 1882 1405 1938 in
1427 1880 1533 1956 plano,
1557 1879 1593 1939 de
1616 1897 1675 1956 qua
1696 1882 1788 1957 prius.
1833 1880 1899 1940 Nam

552 1970 618 2041 ejus
645 1968 753 2043 aliquo
780 1966 879 2025 solum
911 1968 1082 2041 porticulo,
1119 1966 1176 2025 hoe
1201 1975 1245 2025 est
1279 1970 1469 2043 congruentia
1498 1985 1564 2027 cum
1593 1967 1716 2027 aliarum
1744 1969 1899 2045 specIernm

554 2054 665 2131 liguris,
686 2057 826 2129 competit
846 2056 1004 2113 arnberto
1026 2062 1054 2113 et
1074 2057 1177 2113 esteris
1198 2055 1433 2129 Ipnobilr'ors'bus.
1463 2054 1581 2114 Inbue
1602 2072 1674 2115 vero
1697 2057 1899 2131 congruentiae

551 2144 706 2217 porticulo
728 2145 866 2217 primm
888 2140 1022 2216 pradum
1035 2142 1172 2201 obtinent
1186 2145 1334 2202 conuecti
1347 2150 1375 2201 st
1389 2144 1483 2203 octilis
1496 2141 1615 2218 figurae,
1639 2143 1684 2202 eui
1707 2150 1811 2220 posset
1824 2159 1901 2201 asso

554 2232 623 2290 cieri
646 2233 735 2289 etiam
758 2231 907 2289 semisextl
929 2226 1028 2302 stella,
1063 2232 1134 2305 quia
1157 2232 1361 2305 congruentia,
1396 2248 1485 2305 quam
1513 2229 1667 2301 inchoant,
1701 2228 1900 2289 continuabilis

554 2324 608 2389 est,
631 2320 694 2377 sine
717 2318 844 2376 mixtura
865 2316 1022 2375 formarum
1045 2316 1242 2389 diversarum,
1266 2316 1426 2377 secundnm
1448 2316 1570 2393 gradum
1593 2316 1703 2376 babent
1724 2317 1858 2393 quintilis
1876 2324 1901 2375 et

555 2404 735 2480 biquintilis,
770 2404 827 2462 nisi
849 2402 928 2479 qued
951 2402 1039 2462 iidem
1061 2404 1235 2464 nobiliorem
1264 2404 1374 2463 babent
1397 2406 1616 2481 congruentiam
1639 2405 1669 2461 in
1692 2403 1806 2477 solido;
1841 2407 1901 2462 item

555 2492 706 2565 trioetilis,
730 2489 831 2551 deeilis
853 2499 883 2550 et
905 2489 1060 2563 trideeilis,
1096 2493 1167 2568 qula
1188 2508 1289 2551 eorum
1311 2490 1422 2568 figurae
1445 2495 1616 2552 continuant
1639 2491 1757 2567 quidem
1781 2509 1902 2565 congru·

555 2582 673 2652 entiam,
695 2579 749 2638 sed
771 2596 831 2638 non
854 2579 917 2638 sine
939 2581 1080 2639 mixtione
1096 2577 1275 2638 diversarum
1292 2578 1516 2663 formarumqet
1531 2596 1632 2644 omnes
1648 2580 1722 2640 istae
1745 2586 1903 2653 congruunt

555 2667 768 2743 quadamtenus
792 2667 880 2726 etiam
903 2665 1050 2726 insolide
1081 2666 1242 2727 secundum
1270 2670 1365 2743 magis
1395 2674 1424 2731 et
1445 2668 1558 2740 minus,
1591 2673 1714 2741 excepta
1736 2669 1902 2741 quincuneis

554 2753 640 2814 stella
670 2754 902 2829 dodeeagonica,
936 2771 1012 2829 quae
1039 2753 1106 2812 ideo
1137 2756 1165 2812 in
1189 2746 1455 2829 tertium'gradum
1476 2754 1612 2827 retertur,
1647 2756 1694 2813 cui
1723 2756 1816 2813 etiam
1845 2772 1903 2813 ses·

555 2842 694 2922 quadrus,
716 2854 768 2902 seu
791 2843 929 2916 octogoni
952 2841 1039 2900 stella
1061 2841 1183 2916 adjungi
1206 2848 1311 2918 potest,
1334 2849 1453 2917 proptor
1475 2842 1682 2902 obscuritatem
1704 2844 1856 2901 scientiae

640 2930 764 2993 Extendi
781 2928 900 3005 quidem
914 2927 1022 3004 gruum
1034 2931 1123 2987 etiam
1138 2929 1268 2999 ulterIus,
1293 2927 1330 2987 ad
1347 2921 1509 3004 vigintilem
1525 2937 1556 2987 et
1569 2926 1773 3005 quindecilem,
1791 2928 1851 2987 hoc
1864 2936 1903 2986 est

558 3016 597 3076 ad
612 3018 720 3093 ligurus
738 3018 776 3077 15
793 3023 824 3077 et
838 3018 880 3081 20
895 3015 1080 3091 angulorum,
1102 3015 1209 3091 quibus
1233 3023 1370 3091 quartum
1385 3016 1507 3092 gradum
1530 3008 1678 3097 (indicta
1702 3018 1906 3090 congruentiae

554 3104 698 3181 particula
719 3100 804 3186 sola)
823 3102 905 3162 dedi:
928 3121 1047 3163 eausam
1071 3106 1200 3163 eontinet
1222 3111 1322 3163 nostra
1344 3121 1386 3179 pr.
1416 3106 1444 3162 3.
1468 3103 1556 3179 hujus
1585 3101 1660 3161 libri.
1707 3102 1809 3163 Stellio
1842 3120 1905 3163 vero

555 3209 654 3253 esrum
678 3195 797 3268 quintus
819 3190 927 3267 gratim
948 3191 1004 3249 tuit
1026 3193 1208 3265 assignatos,
1242 3193 1312 3265 quia
1333 3190 1491 3252 scibilitete
1514 3207 1599 3268 pares
1627 3197 1696 3249 sont
1722 3189 1828 3267 liguris
1849 3192 1905 3249 suis

553 3282 727 3356 primaevis,
751 3280 943 3355 congruentia
963 3278 1134 3353 longissime
1157 3280 1346 3353 posteriores,
1370 3286 1403 3336 ut
1425 3294 1501 3354 quae
1524 3285 1638 3337 tantum
1661 3294 1762 3337 eorum
1786 3278 1906 3353 angulos

554 3367 686 3443 singulos
709 3370 822 3427 attinet.
860 3366 969 3425 Verum
993 3364 1022 3423 id
1046 3383 1105 3425 non
1128 3378 1190 3424 erat
1212 3382 1332 3425 necesse
1355 3372 1388 3424 ut
1409 3366 1551 3439 iacerem,
1585 3381 1651 3424 cum
1673 3382 1709 3424 ue
1730 3365 1852 3441 quidam
1873 3362 1906 3423 ad

554 3457 670 3514 tertium
693 3454 815 3529 gradum
838 3470 932 3528 usque
954 3454 1111 3528 gignantur
1134 3460 1271 3531 aspectus
1293 3452 1381 3529 plane
1404 3452 1525 3526 indubii,
1549 3453 1754 3529 possimusque
1777 3454 1907 3529 speciose

554 3550 662 3600 matum
684 3541 773 3616 ligere
794 3540 1008 3618 pullulantibus
1030 3540 1199 3616 aspectibus
1222 3542 1252 3597 in
1286 3540 1372 3599 solidi
1395 3544 1584 3616 congruentia
1608 3546 1637 3597 et
1659 3542 1687 3597 in
1710 3540 1845 3616 perlecta
1865 3539 1907 3599 le·

554 3630 625 3688 teris
657 3627 705 3687 rel
738 3628 822 3703 plani
848 3628 1029 3689 effabilitate.
1076 3627 1174 3702 Quare
1204 3621 1303 3703 potius
1332 3646 1368 3686 ex
1391 3628 1498 3687 finibus
1529 3628 1669 3686 librorum
1692 3626 1715 3685 Ι.
1741 3634 1771 3686 et
1796 3628 1836 3686 ll.
1857 3644 1906 3704 pe·

554 3722 653 3775 tantur
674 3715 784 3793 gradus
807 3715 971 3775 nobilitatis
992 3715 1169 3791 figurarum,
1193 3732 1228 3774 ex
1252 3716 1358 3791 quibus
1380 3715 1438 3775 hoc
1459 3714 1534 3775 libro
1558 3715 1687 3775 distincti
1710 3722 1779 3773 sunt
1803 3714 1907 3791 gradus

555 3811 737 3880 aspectuum.
1255 3842 1256 3845 η
1467 3832 1471 3842 ·

1107 4051 1250 4137 CAPUT
1277 4052 1341 4123 vll.

553 4230 739 4301 Epilogus,
764 4230 806 4285 de
831 4237 955 4286 natura
973 4232 1153 4289 sublunari
1177 4232 1477 4315 facultatibusque
1500 4232 1640 4288 animae
1664 4232 1907 4298 iuferioribns,

814 4320 1026 4387 praesertim
1045 4319 1100 4386 iis,
1128 4320 1254 4390 quibus
1272 4320 1478 4388 Astrologia
1502 4320 1647 4375 nititur.

639 4495 735 4557 Multa
757 4496 794 4556 de
823 4497 879 4556 bac
902 4498 1149 4574 contemplatione
1172 4502 1269 4576 capite
1301 4498 1447 4569 seeundo,
1481 4498 1573 4557 multa
1595 4505 1657 4557 toto
1680 4496 1738 4557 boc
1761 4498 1836 4557 libro
1859 4495 1908 4567 IV,

553 4584 695 4644 nonnulla
717 4586 807 4644 etiam
830 4584 904 4644 libro
926 4585 982 4643 III.
1005 4594 1075 4644 sunt
1096 4585 1184 4658 dicta,
1208 4596 1237 4645 et
1260 4596 1328 4646 ante
1351 4579 1511 4645 annnm'in
1525 4584 1742 4661 prolegomenis
1759 4585 1905 4663 preme·

553 4671 648 4730 ridum
670 4675 758 4747 inque
775 4673 926 4748 Epilomes
943 4672 1148 4732 Astronomiae
1164 4674 1382 4750 Copernieanae
1397 4673 1479 4732 libro
1488 4674 1511 4733 I.
1529 4673 1579 4733 iol.
1600 4674 1671 4749 125,
1692 4690 1809 4733 rursum
1833 4688 1908 4731 anno

558 4761 652 4830 1610,
674 4761 704 4815 in
727 4759 827 4819 Tertio
850 4759 1075 4834 interveniente,
1099 4764 1227 4819 numeris
1243 4778 1262 4818 a
1277 4762 1318 4818 40
1341 4762 1371 4818 in
1386 4762 1437 4833 43,
1463 4767 1492 4819 et
1513 4778 1532 4819 a
1556 4762 1595 4819 59
1619 4762 1647 4817 in
1665 4762 1704 4817 72
1729 4768 1761 4819 et
1781 4762 1840 4819 113
1856 4770 1908 4819 etc

554 4849 644 4930 inque
666 4850 856 4920 responsione
878 4848 922 4906 ad.
948 4849 1065 4925 obiecta
1088 4848 1202 4907 Rbsliui
1226 4853 1254 4917 (Ι.
1274 4851 1326 4907 582
1344 4868 1387 4919 ss,
1406 4852 1457 4905 599
1476 4868 1517 4917 ss,
1545 4853 1631 4921 630),
1656 4858 1685 4905 et
1712 4865 1791 4907 anno
1818 4847 1907 4905 1606.

514 4936 520 4946 ’
554 4936 585 4992 iu
607 4933 682 4991 libro
706 4932 742 4991 de
766 4932 858 4993 Stella
882 4935 982 5009 Nora,
1013 4954 1077 5013 cap.
1104 4936 1187 4995 vni.
1217 4934 1274 4995 IX.
1304 4933 1347 4997 X.
1370 4942 1399 4994 et
1414 4934 1534 4993 XXIV.
1558 4934 1711 4994 XXVIII.
1740 4936 1909 5013 praesertim

554 5018 647 5080 alol.
673 5020 744 5079 lii.
768 5021 797 5076 in
824 5024 893 5078 175.
919 5017 1161 5104 (11.719ss.)et
1190 5041 1267 5083 anno
1295 5025 1386 5083 1604.
1417 5026 1445 5079 in
1470 5024 1675 5083 Asnnnomine
1698 5030 1781 5098 parte
1804 5019 1907 5097 Optica

552 5107 606 5168 iol.
631 5110 681 5181 26,
706 5108 747 5164 27
772 5113 802 5164 et
824 5102 874 5166 iol.
899 5111 972 5167 224.
1005 5116 1046 5180 (lt
1067 5118 1116 5173 1⁴3
1134 5134 1154 5167 s.
1171 5117 1240 5187 270.)
1284 5111 1359 5171 Nam
1382 5112 1584 5187 prognostica,
1612 5108 1779 5189 quibusda
1801 5107 1907 5169 lunda·
