<?xml version="1.0" encoding="UTF-8"?>
<!DOCTYPE html PUBLIC "-//W3C//DTD XHTML 1.0 Transitional//EN"
    "http://www.w3.org/TR/xhtml1/DTD/xhtml1-transitional.dtd">
<html xmlns="http://www.w3.org/1999/xhtml" xml:lang="en" lang="en">
 <head>
  <title>
</title>
<meta http-equiv="Content-Type" content="text/html;charset=utf-8" />
  <meta name='ocr-system' content='tesseract 3.04.00' />
  <meta name='ocr-capabilities' content='ocr_page ocr_carea ocr_par ocr_line ocrx_word'/>
</head>
<body>
  <div class='ocr_page' id='page_1' title='image "./joanniskepleria19frisgoog_0466.png"; bbox 0 0 4467 6192; ppageno 0'>
   <div class='ocr_carea' id='block_1_1' title="bbox 553 627 1428 714">
    <p class='ocr_par' dir='ltr' id='par_1_1' title="bbox 553 627 1428 714">
     <span class='ocr_line' id='line_1_1' title="bbox 553 627 1428 714; baseline -0.01 -4"><span class='ocrx_word' id='word_1_1' title='bbox 553 653 615 712; x_wconf 76' lang='lat'><strong>448</strong></span> <span class='ocrx_word' id='word_1_2' title='bbox 781 683 792 709; x_wconf 65' lang='grc' dir='ltr'>ι</span> <span class='ocrx_word' id='word_1_3' title='bbox 1021 642 1188 714; x_wconf 86' lang='lat' dir='ltr'><strong>Appendicis</strong></span> <span class='ocrx_word' id='word_1_4' title='bbox 1205 627 1428 701; x_wconf 82' lang='lat' dir='ltr'><strong>Hmmonicomm</strong></span> 
     </span>
    </p>
   </div>
   <div class='ocr_carea' id='block_1_2' title="bbox 525 822 1903 5194">
    <p class='ocr_par' dir='ltr' id='par_1_2' title="bbox 550 822 1903 1515">
     <span class='ocr_line' id='line_1_2' title="bbox 554 822 1901 906; baseline 0.003 -22"><span class='ocrx_word' id='word_1_5' title='bbox 554 824 639 885; x_wconf 91' lang='lat' dir='ltr'><strong>datur</strong></span> <span class='ocrx_word' id='word_1_6' title='bbox 663 824 821 885; x_wconf 82' lang='lat' dir='ltr'><strong>descensus</strong></span> <span class='ocrx_word' id='word_1_7' title='bbox 851 822 1022 884; x_wconf 66' lang='lat' dir='ltr'><strong>andenam</strong></span> <span class='ocrx_word' id='word_1_8' title='bbox 1053 824 1132 883; x_wconf 90' lang='lat' dir='ltr'><strong>illius</strong></span> <span class='ocrx_word' id='word_1_9' title='bbox 1161 824 1330 884; x_wconf 89' lang='lat' dir='ltr'><strong>coelestium</strong></span> <span class='ocrx_word' id='word_1_10' title='bbox 1358 835 1491 886; x_wconf 91' lang='lat' dir='ltr'><strong>motuum</strong></span> <span class='ocrx_word' id='word_1_11' title='bbox 1521 827 1706 902; x_wconf 84' lang='lat' dir='ltr'><strong>barmoniae,</strong></span> <span class='ocrx_word' id='word_1_12' title='bbox 1738 844 1828 905; x_wconf 84' lang='lat' dir='ltr'><strong>quam</strong></span> <span class='ocrx_word' id='word_1_13' title='bbox 1850 848 1901 906; x_wconf 91' lang='lat' dir='ltr'><strong>ego</strong></span> 
     </span>
     <span class='ocr_line' id='line_1_3' title="bbox 553 912 1902 990; baseline 0.003 -18"><span class='ocrx_word' id='word_1_14' title='bbox 553 912 653 972; x_wconf 91' lang='lat' dir='ltr'><strong>docco.</strong></span> <span class='ocrx_word' id='word_1_15' title='bbox 699 912 828 974; x_wconf 78' lang='lat' dir='ltr'><strong>Termini</strong></span> <span class='ocrx_word' id='word_1_16' title='bbox 852 912 929 973; x_wconf 87' lang='lat' dir='ltr'><strong>enim</strong></span> <span class='ocrx_word' id='word_1_17' title='bbox 959 915 1181 990; x_wconf 83' lang='lat' dir='ltr'><strong>proportionum</strong></span> <span class='ocrx_word' id='word_1_18' title='bbox 1203 914 1437 974; x_wconf 72' lang='lat' dir='ltr'><strong>harmonicorum</strong></span> <span class='ocrx_word' id='word_1_19' title='bbox 1459 915 1648 987; x_wconf 86' lang='lat' dir='ltr'><strong>coelestium,</strong></span> <span class='ocrx_word' id='word_1_20' title='bbox 1679 915 1778 975; x_wconf 89' lang='lat' dir='ltr'><strong>idest</strong></span> <span class='ocrx_word' id='word_1_21' title='bbox 1807 928 1902 976; x_wconf 81' lang='lat' dir='ltr'><strong>mutus</strong></span> 
     </span>
     <span class='ocr_line' id='line_1_4' title="bbox 555 1000 1903 1083; baseline 0.003 -25"><span class='ocrx_word' id='word_1_22' title='bbox 555 1000 736 1079; x_wconf 86' lang='lat' dir='ltr'><strong>planetarum</strong></span> <span class='ocrx_word' id='word_1_23' title='bbox 761 1000 957 1062; x_wconf 73' lang='lat' dir='ltr'><strong>dimensiones</strong></span> <span class='ocrx_word' id='word_1_24' title='bbox 986 1017 1055 1058; x_wconf 91' lang='lat' dir='ltr'><strong>suas</strong></span> <span class='ocrx_word' id='word_1_25' title='bbox 1079 1003 1227 1077; x_wconf 89' lang='lat' dir='ltr'><strong>accipiunt</strong></span> <span class='ocrx_word' id='word_1_26' title='bbox 1254 1018 1311 1059; x_wconf 88' lang='lat' dir='ltr'><strong>non</strong></span> <span class='ocrx_word' id='word_1_27' title='bbox 1336 1019 1371 1061; x_wconf 88' lang='lat' dir='ltr'><strong>ex</strong></span> <span class='ocrx_word' id='word_1_28' title='bbox 1394 1002 1617 1074; x_wconf 88' lang='lat' dir='ltr'><strong>terrestri,·sed</strong></span> <span class='ocrx_word' id='word_1_29' title='bbox 1640 1020 1676 1062; x_wconf 85' lang='lat' dir='ltr'><strong>ex</strong></span> <span class='ocrx_word' id='word_1_30' title='bbox 1699 1004 1788 1061; x_wconf 89' lang='lat' dir='ltr'><strong>solari</strong></span> <span class='ocrx_word' id='word_1_31' title='bbox 1813 1023 1903 1083; x_wconf 76' lang='lat' dir='ltr'><strong>appa·</strong></span> 
     </span>
     <span class='ocr_line' id='line_1_5' title="bbox 552 1088 1903 1163; baseline 0.004 -18"><span class='ocrx_word' id='word_1_32' title='bbox 552 1091 653 1151; x_wconf 82' lang='lat' dir='ltr'><strong>nentia.</strong></span> <span class='ocrx_word' id='word_1_33' title='bbox 698 1089 880 1152; x_wconf 82' lang='lat' dir='ltr'><strong>Descen&#39;snm</strong></span> <span class='ocrx_word' id='word_1_34' title='bbox 903 1089 991 1163; x_wconf 88' lang='lat' dir='ltr'><strong>igitur</strong></span> <span class='ocrx_word' id='word_1_35' title='bbox 1015 1088 1187 1146; x_wconf 89' lang='lat' dir='ltr'><strong>coelestium</strong></span> <span class='ocrx_word' id='word_1_36' title='bbox 1209 1088 1426 1148; x_wconf 80' lang='lat' dir='ltr'><strong>harmoniarum</strong></span> <span class='ocrx_word' id='word_1_37' title='bbox 1448 1107 1505 1148; x_wconf 96' lang='lat' dir='ltr'><strong>non</strong></span> <span class='ocrx_word' id='word_1_38' title='bbox 1528 1095 1558 1149; x_wconf 94' lang='lat' dir='ltr'><strong>in</strong></span> <span class='ocrx_word' id='word_1_39' title='bbox 1574 1089 1704 1163; x_wconf 81' lang='lat' dir='ltr'><strong>Terram,</strong></span> <span class='ocrx_word' id='word_1_40' title='bbox 1727 1091 1780 1151; x_wconf 86' lang='lat' dir='ltr'><strong>sed</strong></span> <span class='ocrx_word' id='word_1_41' title='bbox 1804 1094 1836 1148; x_wconf 90' lang='lat' dir='ltr'><strong>in</strong></span> <span class='ocrx_word' id='word_1_42' title='bbox 1850 1094 1903 1150; x_wconf 88' lang='lat' dir='ltr'><strong>So-</strong></span> 
     </span>
     <span class='ocr_line' id='line_1_6' title="bbox 553 1174 1903 1254; baseline 0.002 -21"><span class='ocrx_word' id='word_1_43' title='bbox 553 1176 610 1233; x_wconf 90' lang='lat' dir='ltr'><strong>lcm</strong></span> <span class='ocrx_word' id='word_1_44' title='bbox 633 1175 719 1235; x_wconf 89' lang='lat' dir='ltr'><strong>docui</strong></span> <span class='ocrx_word' id='word_1_45' title='bbox 742 1178 771 1234; x_wconf 91' lang='lat' dir='ltr'><strong>in</strong></span> <span class='ocrx_word' id='word_1_46' title='bbox 795 1174 912 1251; x_wconf 81' lang='lat' dir='ltr'><strong>epilogo</strong></span> <span class='ocrx_word' id='word_1_47' title='bbox 935 1174 1062 1237; x_wconf 91' lang='lat' dir='ltr'><strong>libriV.</strong></span> <span class='ocrx_word' id='word_1_48' title='bbox 1107 1175 1255 1251; x_wconf 86' lang='lat' dir='ltr'><strong>Recoquis</strong></span> <span class='ocrx_word' id='word_1_49' title='bbox 1289 1193 1325 1235; x_wconf 87' lang='lat' dir='ltr'><strong>ex</strong></span> <span class='ocrx_word' id='word_1_50' title='bbox 1354 1177 1468 1253; x_wconf 90' lang='lat' dir='ltr'><strong>analysi</strong></span> <span class='ocrx_word' id='word_1_51' title='bbox 1492 1180 1595 1254; x_wconf 88' lang='lat' dir='ltr'><strong>quinta</strong></span> <span class='ocrx_word' id='word_1_52' title='bbox 1618 1178 1833 1254; x_wconf 85' lang='lat' dir='ltr'><strong>objectionem,</strong></span> <span class='ocrx_word' id='word_1_53' title='bbox 1858 1198 1903 1238; x_wconf 84' lang='lat' dir='ltr'><strong>cut</strong></span> 
     </span>
     <span class='ocr_line' id='line_1_7' title="bbox 551 1261 1903 1345; baseline 0.004 -24"><span class='ocrx_word' id='word_1_54' title='bbox 551 1270 699 1341; x_wconf 89' lang='lat' dir='ltr'><strong>tempora·</strong></span> <span class='ocrx_word' id='word_1_55' title='bbox 707 1281 761 1339; x_wconf 87' lang='lat' dir='ltr'><strong>ego</strong></span> <span class='ocrx_word' id='word_1_56' title='bbox 785 1280 842 1321; x_wconf 90' lang='lat' dir='ltr'><strong>non</strong></span> <span class='ocrx_word' id='word_1_57' title='bbox 866 1261 1016 1333; x_wconf 80' lang='lat' dir='ltr'><strong>attendam</strong></span> <span class='ocrx_word' id='word_1_58' title='bbox 1045 1262 1210 1340; x_wconf 82' lang='lat' dir='ltr'><strong>periodica,</strong></span> <span class='ocrx_word' id='word_1_59' title='bbox 1246 1265 1270 1320; x_wconf 88' lang='lat' dir='ltr'><strong>si</strong></span> <span class='ocrx_word' id='word_1_60' title='bbox 1294 1266 1369 1321; x_wconf 90' lang='lat' dir='ltr'><strong>inter</strong></span> <span class='ocrx_word' id='word_1_61' title='bbox 1390 1273 1502 1337; x_wconf 90' lang='lat' dir='ltr'><strong>motus,</strong></span> <span class='ocrx_word' id='word_1_62' title='bbox 1534 1267 1584 1340; x_wconf 89' lang='lat' dir='ltr'><strong>qui</strong></span> <span class='ocrx_word' id='word_1_63' title='bbox 1616 1268 1802 1345; x_wconf 86' lang='lat' dir='ltr'><strong>intempore</strong></span> <span class='ocrx_word' id='word_1_64' title='bbox 1826 1268 1903 1340; x_wconf 85' lang='lat' dir='ltr'><strong>liunt,</strong></span> 
     </span>
     <span class='ocr_line' id='line_1_8' title="bbox 552 1348 1903 1459; baseline 0.003 -50"><span class='ocrx_word' id='word_1_65' title='bbox 552 1348 719 1411; x_wconf 85' lang='lat' dir='ltr'><strong>harmonias</strong></span> <span class='ocrx_word' id='word_1_66' title='bbox 742 1367 910 1427; x_wconf 88' lang='lat' dir='ltr'><strong>agnoscam.</strong></span> <span class='ocrx_word' id='word_1_67' title='bbox 956 1348 1034 1409; x_wconf 84' lang='lat' dir='ltr'><strong>Satis</strong></span> <span class='ocrx_word' id='word_1_68' title='bbox 1058 1348 1181 1409; x_wconf 84' lang='lat' dir='ltr'><strong>dilutam</strong></span> <span class='ocrx_word' id='word_1_69' title='bbox 1204 1353 1338 1459; x_wconf 82' lang='lat' dir='ltr'><strong>existimo</strong></span> <span class='ocrx_word' id='word_1_70' title='bbox 1362 1352 1438 1411; x_wconf 87' lang='lat' dir='ltr'><strong>hanc</strong></span> <span class='ocrx_word' id='word_1_71' title='bbox 1460 1352 1690 1428; x_wconf 91' lang='lat' dir='ltr'><strong>objectionem&#39;</strong></span> <span class='ocrx_word' id='word_1_72' title='bbox 1682 1372 1723 1413; x_wconf 89' lang='grc' dir='ltr'><strong>ιιι</strong></span> <span class='ocrx_word' id='word_1_73' title='bbox 1734 1358 1903 1431; x_wconf 87' lang='lat' dir='ltr'><strong>responsio·</strong></span> 
     </span>
     <span class='ocr_line' id='line_1_9' title="bbox 550 1439 897 1515; baseline 0.003 -20"><span class='ocrx_word' id='word_1_74' title='bbox 550 1440 637 1497; x_wconf 90' lang='lat' dir='ltr'><strong>nibus</strong></span> <span class='ocrx_word' id='word_1_75' title='bbox 661 1440 732 1498; x_wconf 90' lang='lat' dir='ltr'><strong>meis</strong></span> <span class='ocrx_word' id='word_1_76' title='bbox 754 1439 897 1515; x_wconf 89' lang='lat' dir='ltr'><strong>superius.</strong></span> 
     </span>
    </p>

    <p class='ocr_par' dir='ltr' id='par_1_3' title="bbox 529 1522 1903 2302">
     <span class='ocr_line' id='line_1_10' title="bbox 637 1522 1903 1603; baseline 0.002 -18"><span class='ocrx_word' id='word_1_77' title='bbox 637 1525 768 1585; x_wconf 78' lang='lat' dir='ltr'><strong>Tandem</strong></span> <span class='ocrx_word' id='word_1_78' title='bbox 791 1522 904 1601; x_wconf 85' lang='lat' dir='ltr'><strong>aliquid</strong></span> <span class='ocrx_word' id='word_1_79' title='bbox 926 1523 1090 1601; x_wconf 70' lang='lat' dir='ltr'><strong>subiungis</strong></span> <span class='ocrx_word' id='word_1_80' title='bbox 1115 1541 1173 1600; x_wconf 91' lang='lat' dir='ltr'><strong>quo</strong></span> <span class='ocrx_word' id='word_1_81' title='bbox 1193 1524 1244 1599; x_wconf 89' lang='lat' dir='ltr'><strong>jus</strong></span> <span class='ocrx_word' id='word_1_82' title='bbox 1266 1532 1350 1583; x_wconf 92' lang='lat' dir='ltr'><strong>tuum</strong></span> <span class='ocrx_word' id='word_1_83' title='bbox 1372 1528 1487 1583; x_wconf 85' lang='lat' dir='ltr'><strong>asseris.</strong></span> <span class='ocrx_word' id='word_1_84' title='bbox 1532 1526 1598 1586; x_wconf 81' lang='lat' dir='ltr'><strong>Non</strong></span> <span class='ocrx_word' id='word_1_85' title='bbox 1620 1544 1733 1603; x_wconf 89' lang='lat' dir='ltr'><strong>pugno.</strong></span> <span class='ocrx_word' id='word_1_86' title='bbox 1772 1529 1903 1588; x_wconf 80' lang='lat' dir='ltr'><strong>Accedat</strong></span> 
     </span>
     <span class='ocr_line' id='line_1_11' title="bbox 549 1608 1902 1693; baseline 0.003 -21"><span class='ocrx_word' id='word_1_87' title='bbox 549 1612 622 1673; x_wconf 90' lang='lat' dir='ltr'><strong>hacc</strong></span> <span class='ocrx_word' id='word_1_88' title='bbox 645 1616 871 1693; x_wconf 87' lang='lat' dir='ltr'><strong>comparationis</strong></span> <span class='ocrx_word' id='word_1_89' title='bbox 893 1612 1037 1687; x_wconf 89' lang='lat' dir='ltr'><strong>particula</strong></span> <span class='ocrx_word' id='word_1_90' title='bbox 1060 1630 1094 1671; x_wconf 87' lang='lat' dir='ltr'><strong>ex</strong></span> <span class='ocrx_word' id='word_1_91' title='bbox 1119 1622 1147 1671; x_wconf 94' lang='lat' dir='ltr'><strong>te</strong></span> <span class='ocrx_word' id='word_1_92' title='bbox 1170 1608 1228 1669; x_wconf 92' lang='lat' dir='ltr'><strong>illis</strong></span> <span class='ocrx_word' id='word_1_93' title='bbox 1251 1615 1324 1671; x_wconf 85' lang='lat' dir='ltr'><strong>meis</strong></span> <span class='ocrx_word' id='word_1_94' title='bbox 1347 1614 1622 1690; x_wconf 89' lang='lat' dir='ltr'><strong>comparationibus.</strong></span> <span class='ocrx_word' id='word_1_95' title='bbox 1667 1614 1717 1673; x_wconf 86' lang='lat' dir='ltr'><strong>De</strong></span> <span class='ocrx_word' id='word_1_96' title='bbox 1738 1615 1902 1676; x_wconf 74' lang='lat' dir='ltr'><strong>hannonia</strong></span> 
     </span>
     <span class='ocr_line' id='line_1_12' title="bbox 529 1698 1902 1775; baseline 0.003 -16"><span class='ocrx_word' id='word_1_97' title='bbox 529 1704 629 1759; x_wconf 76' lang='lat' dir='ltr'><strong>enim</strong></span> <span class='ocrx_word' id='word_1_98' title='bbox 653 1700 828 1761; x_wconf 80' lang='lat' dir='ltr'><strong>ascendente</strong></span> <span class='ocrx_word' id='word_1_99' title='bbox 849 1706 877 1758; x_wconf 90' lang='lat' dir='ltr'><strong>et</strong></span> <span class='ocrx_word' id='word_1_100' title='bbox 899 1698 1090 1759; x_wconf 78' lang='lat' dir='ltr'><strong>descendente</strong></span> <span class='ocrx_word' id='word_1_101' title='bbox 1118 1698 1190 1757; x_wconf 94' lang='lat' dir='ltr'><strong>nihil</strong></span> <span class='ocrx_word' id='word_1_102' title='bbox 1215 1717 1270 1775; x_wconf 87' lang='lat' dir='ltr'><strong>ego</strong></span> <span class='ocrx_word' id='word_1_103' title='bbox 1286 1699 1359 1759; x_wconf 66' lang='lat' dir='ltr'><strong>thot</strong></span> <span class='ocrx_word' id='word_1_104' title='bbox 1381 1715 1484 1770; x_wconf 86' lang='lat' dir='ltr'><strong>sensu,</strong></span> <span class='ocrx_word' id='word_1_105' title='bbox 1517 1717 1572 1759; x_wconf 94' lang='lat' dir='ltr'><strong>nec</strong></span> <span class='ocrx_word' id='word_1_106' title='bbox 1597 1700 1633 1759; x_wconf 81' lang='lat' dir='ltr'><strong>de</strong></span> <span class='ocrx_word' id='word_1_107' title='bbox 1654 1720 1761 1759; x_wconf 83' lang='lat' dir='ltr'><strong>rerum</strong></span> <span class='ocrx_word' id='word_1_108' title='bbox 1782 1705 1902 1763; x_wconf 71' lang='lat' dir='ltr'><strong>aalm-</strong></span> 
     </span>
     <span class='ocr_line' id='line_1_13' title="bbox 550 1785 1901 1866; baseline 0.001 -19"><span class='ocrx_word' id='word_1_109' title='bbox 550 1792 630 1847; x_wconf 83' lang='lat' dir='ltr'><strong>tione</strong></span> <span class='ocrx_word' id='word_1_110' title='bbox 651 1808 706 1866; x_wconf 85' lang='lat' dir='ltr'><strong>per</strong></span> <span class='ocrx_word' id='word_1_111' title='bbox 728 1789 940 1863; x_wconf 62' lang='lat' dir='ltr'><strong>harmoniam</strong></span> <span class='ocrx_word' id='word_1_112' title='bbox 967 1785 1104 1846; x_wconf 89' lang='lat' dir='ltr'><strong>lectorem</strong></span> <span class='ocrx_word' id='word_1_113' title='bbox 1128 1788 1216 1862; x_wconf 90' lang='lat' dir='ltr'><strong>igitur</strong></span> <span class='ocrx_word' id='word_1_114' title='bbox 1239 1786 1276 1846; x_wconf 89' lang='lat' dir='ltr'><strong>ad</strong></span> <span class='ocrx_word' id='word_1_115' title='bbox 1299 1803 1373 1864; x_wconf 88' lang='lat' dir='ltr'><strong>opus</strong></span> <span class='ocrx_word' id='word_1_116' title='bbox 1396 1795 1491 1848; x_wconf 90' lang='lat' dir='ltr'><strong>totum</strong></span> <span class='ocrx_word' id='word_1_117' title='bbox 1512 1789 1637 1847; x_wconf 91' lang='lat' dir='ltr'><strong>remitto.</strong></span> <span class='ocrx_word' id='word_1_118' title='bbox 1683 1788 1740 1864; x_wconf 87' lang='lat' dir='ltr'><strong>Qui</strong></span> <span class='ocrx_word' id='word_1_119' title='bbox 1764 1792 1790 1847; x_wconf 88' lang='lat' dir='ltr'><strong>si</strong></span> <span class='ocrx_word' id='word_1_120' title='bbox 1817 1794 1901 1849; x_wconf 83' lang='lat' dir='ltr'><strong>etiarn</strong></span> 
     </span>
     <span class='ocr_line' id='line_1_14' title="bbox 551 1874 1903 1950; baseline 0.002 -16"><span class='ocrx_word' id='word_1_121' title='bbox 551 1876 608 1935; x_wconf 91' lang='lat' dir='ltr'><strong>hoc</strong></span> <span class='ocrx_word' id='word_1_122' title='bbox 638 1880 665 1933; x_wconf 93' lang='lat' dir='ltr'><strong>in</strong></span> <span class='ocrx_word' id='word_1_123' title='bbox 690 1876 741 1936; x_wconf 92' lang='lat' dir='ltr'><strong>illo</strong></span> <span class='ocrx_word' id='word_1_124' title='bbox 764 1877 923 1949; x_wconf 88' lang='lat' dir='ltr'><strong>invenerit,</strong></span> <span class='ocrx_word' id='word_1_125' title='bbox 955 1874 1041 1950; x_wconf 89' lang='lat' dir='ltr'><strong>quale</strong></span> <span class='ocrx_word' id='word_1_126' title='bbox 1069 1882 1101 1932; x_wconf 92' lang='lat' dir='ltr'><strong>tu</strong></span> <span class='ocrx_word' id='word_1_127' title='bbox 1123 1875 1237 1934; x_wconf 74' lang='lat' dir='ltr'><strong>coelum</strong></span> <span class='ocrx_word' id='word_1_128' title='bbox 1269 1876 1379 1934; x_wconf 85' lang='lat' dir='ltr'><strong>babeas</strong></span> <span class='ocrx_word' id='word_1_129' title='bbox 1394 1878 1434 1933; x_wconf 76' lang='lat' dir='ltr'><strong>c‘rt</strong></span> <span class='ocrx_word' id='word_1_130' title='bbox 1457 1883 1554 1949; x_wconf 85' lang='lat' dir='ltr'><strong>terro,</strong></span> <span class='ocrx_word' id='word_1_131' title='bbox 1586 1883 1656 1934; x_wconf 92' lang='lat' dir='ltr'><strong>tunc</strong></span> <span class='ocrx_word' id='word_1_132' title='bbox 1678 1876 1799 1936; x_wconf 91' lang='lat' dir='ltr'><strong>demum</strong></span> <span class='ocrx_word' id='word_1_133' title='bbox 1824 1896 1903 1937; x_wconf 91' lang='lat' dir='ltr'><strong>corn·</strong></span> 
     </span>
     <span class='ocr_line' id='line_1_15' title="bbox 548 1961 1901 2043; baseline 0.001 -21"><span class='ocrx_word' id='word_1_134' title='bbox 548 1972 648 2043; x_wconf 88' lang='lat' dir='ltr'><strong>paret,</strong></span> <span class='ocrx_word' id='word_1_135' title='bbox 668 1964 769 2040; x_wconf 68' lang='lat' dir='ltr'><strong>&#39;quae&#39;</strong></span> <span class='ocrx_word' id='word_1_136' title='bbox 788 1981 842 2038; x_wconf 91' lang='lat' dir='ltr'><strong>ego</strong></span> <span class='ocrx_word' id='word_1_137' title='bbox 874 1961 910 2021; x_wconf 91' lang='lat' dir='ltr'><strong>de</strong></span> <span class='ocrx_word' id='word_1_138' title='bbox 938 1962 1103 2021; x_wconf 80' lang='lat' dir='ltr'><strong>charactere</strong></span> <span class='ocrx_word' id='word_1_139' title='bbox 1136 1961 1249 2023; x_wconf 84' lang='lat' dir='ltr'><strong>zodiaci</strong></span> <span class='ocrx_word' id='word_1_140' title='bbox 1278 1965 1307 2020; x_wconf 93' lang='lat' dir='ltr'><strong>in</strong></span> <span class='ocrx_word' id='word_1_141' title='bbox 1340 1965 1437 2021; x_wconf 89' lang='lat' dir='ltr'><strong>anima</strong></span> <span class='ocrx_word' id='word_1_142' title='bbox 1464 1962 1614 2022; x_wconf 89' lang='lat' dir='ltr'><strong>sublunari</strong></span> <span class='ocrx_word' id='word_1_143' title='bbox 1648 1967 1737 2040; x_wconf 90' lang='lat' dir='ltr'><strong>inque</strong></span> <span class='ocrx_word' id='word_1_144' title='bbox 1772 1970 1901 2024; x_wconf 87' lang='lat' dir='ltr'><strong>omnium</strong></span> 
     </span>
     <span class='ocr_line' id='line_1_16' title="bbox 549 2049 1902 2126; baseline 0.002 -18"><span class='ocrx_word' id='word_1_145' title='bbox 549 2050 702 2110; x_wconf 90' lang='lat' dir='ltr'><strong>hominum</strong></span> <span class='ocrx_word' id='word_1_146' title='bbox 726 2049 1076 2110; x_wconf 53' lang='lat' dir='ltr'><strong>vitalibus’lacultatibus</strong></span> <span class='ocrx_word' id='word_1_147' title='bbox 1092 2066 1156 2107; x_wconf 92' lang='lat' dir='ltr'><strong>sum</strong></span> <span class='ocrx_word' id='word_1_148' title='bbox 1171 2049 1406 2126; x_wconf 87' lang='lat' dir='ltr'><strong>philosophatus,</strong></span> <span class='ocrx_word' id='word_1_149' title='bbox 1427 2050 1607 2126; x_wconf 84' lang='lat' dir='ltr'><strong>judicatque,</strong></span> <span class='ocrx_word' id='word_1_150' title='bbox 1630 2051 1747 2110; x_wconf 92' lang='lat' dir='ltr'><strong>idemne</strong></span> <span class='ocrx_word' id='word_1_151' title='bbox 1771 2052 1902 2111; x_wconf 87' lang='lat' dir='ltr'><strong>dicamus</strong></span> 
     </span>
     <span class='ocr_line' id='line_1_17' title="bbox 548 2135 1901 2216; baseline 0.001 -19"><span class='ocrx_word' id='word_1_152' title='bbox 548 2156 585 2197; x_wconf 92' lang='lat' dir='ltr'><strong>an</strong></span> <span class='ocrx_word' id='word_1_153' title='bbox 610 2138 750 2199; x_wconf 78' lang='lat' dir='ltr'><strong>diversa?</strong></span> <span class='ocrx_word' id='word_1_154' title='bbox 794 2138 870 2197; x_wconf 86' lang='lat' dir='ltr'><strong>Nam</strong></span> <span class='ocrx_word' id='word_1_155' title='bbox 899 2135 979 2212; x_wconf 92' lang='lat' dir='ltr'><strong>quod</strong></span> <span class='ocrx_word' id='word_1_156' title='bbox 1002 2136 1123 2197; x_wconf 84' lang='lat' dir='ltr'><strong>Terram</strong></span> <span class='ocrx_word' id='word_1_157' title='bbox 1147 2140 1225 2196; x_wconf 90' lang='lat' dir='ltr'><strong>inter</strong></span> <span class='ocrx_word' id='word_1_158' title='bbox 1246 2137 1343 2196; x_wconf 90' lang='lat' dir='ltr'><strong>sidera</strong></span> <span class='ocrx_word' id='word_1_159' title='bbox 1369 2138 1436 2197; x_wconf 82' lang='lat' dir='ltr'><strong>terri</strong></span> <span class='ocrx_word' id='word_1_160' title='bbox 1463 2138 1566 2212; x_wconf 86' lang='lat' dir='ltr'><strong>credo,</strong></span> <span class='ocrx_word' id='word_1_161' title='bbox 1597 2156 1656 2197; x_wconf 89' lang='lat' dir='ltr'><strong>non</strong></span> <span class='ocrx_word' id='word_1_162' title='bbox 1677 2142 1704 2197; x_wconf 88' lang='lat' dir='ltr'><strong>is</strong></span> <span class='ocrx_word' id='word_1_163' title='bbox 1725 2150 1774 2198; x_wconf 85' lang='lat' dir='ltr'><strong>est</strong></span> <span class='ocrx_word' id='word_1_164' title='bbox 1796 2149 1901 2216; x_wconf 80' lang='lat' dir='ltr'><strong>raptas</strong></span> 
     </span>
     <span class='ocr_line' id='line_1_18' title="bbox 544 2225 1432 2302; baseline -0.005 -15"><span class='ocrx_word' id='word_1_165' title='bbox 544 2230 694 2302; x_wconf 77' lang='lat' dir='ltr'><strong>poeticas,</strong></span> <span class='ocrx_word' id='word_1_166' title='bbox 718 2225 769 2287; x_wconf 93' lang='lat' dir='ltr'><strong>sed</strong></span> <span class='ocrx_word' id='word_1_167' title='bbox 792 2226 1020 2298; x_wconf 86' lang='lat' dir='ltr'><strong>astronomicus,</strong></span> <span class='ocrx_word' id='word_1_168' title='bbox 1044 2232 1076 2284; x_wconf 91' lang='lat' dir='ltr'><strong>ut</strong></span> <span class='ocrx_word' id='word_1_169' title='bbox 1098 2227 1229 2302; x_wconf 84' lang='lat' dir='ltr'><strong>proxime</strong></span> <span class='ocrx_word' id='word_1_170' title='bbox 1251 2234 1379 2284; x_wconf 89' lang='lat' dir='ltr'><strong>cautum</strong></span> <span class='ocrx_word' id='word_1_171' title='bbox 1427 2240 1432 2247; x_wconf 90' lang='lat'>·</span> 
     </span>
    </p>

    <p class='ocr_par' dir='ltr' id='par_1_4' title="bbox 525 2268 1900 3614">
     <span class='ocr_line' id='line_1_19' title="bbox 636 2268 1900 2390; baseline 0 -17"><span class='ocrx_word' id='word_1_172' title='bbox 636 2313 690 2373; x_wconf 88' lang='lat' dir='ltr'><strong>Ad</strong></span> <span class='ocrx_word' id='word_1_173' title='bbox 715 2312 903 2390; x_wconf 86' lang='lat' dir='ltr'><strong>Analysiu</strong></span> <span class='ocrx_word' id='word_1_174' title='bbox 925 2268 1029 2372; x_wconf 85' lang='lat' dir='ltr'>XVII.</span> <span class='ocrx_word' id='word_1_175' title='bbox 1073 2310 1109 2369; x_wconf 92' lang='lat' dir='ltr'><strong>In</strong></span> <span class='ocrx_word' id='word_1_176' title='bbox 1132 2315 1340 2372; x_wconf 91' lang='lat' dir='ltr'><strong>constitutione</strong></span> <span class='ocrx_word' id='word_1_177' title='bbox 1364 2315 1550 2371; x_wconf 89' lang='lat' dir='ltr'><strong>terminorum</strong></span> <span class='ocrx_word' id='word_1_178' title='bbox 1569 2312 1743 2372; x_wconf 80' lang='lat' dir='ltr'><strong>harmoniae</strong></span> <span class='ocrx_word' id='word_1_179' title='bbox 1759 2315 1900 2390; x_wconf 84' lang='lat' dir='ltr'><strong>cujusque</strong></span> 
     </span>
     <span class='ocr_line' id='line_1_20' title="bbox 548 2398 1899 2478; baseline 0.001 -19"><span class='ocrx_word' id='word_1_180' title='bbox 548 2398 703 2478; x_wconf 86' lang='lat' dir='ltr'><strong>descripsi,</strong></span> <span class='ocrx_word' id='word_1_181' title='bbox 727 2412 755 2462; x_wconf 84' lang='lat' dir='ltr'><strong>te</strong></span> <span class='ocrx_word' id='word_1_182' title='bbox 778 2400 862 2461; x_wconf 83' lang='lat' dir='ltr'><strong>fisrrm</strong></span> <span class='ocrx_word' id='word_1_183' title='bbox 886 2400 1047 2473; x_wconf 85' lang='lat' dir='ltr'><strong>veteribus,</strong></span> <span class='ocrx_word' id='word_1_184' title='bbox 1071 2401 1121 2475; x_wconf 90' lang='lat' dir='ltr'><strong>qui</strong></span> <span class='ocrx_word' id='word_1_185' title='bbox 1145 2399 1302 2460; x_wconf 87' lang='lat' dir='ltr'><strong>credebant</strong></span> <span class='ocrx_word' id='word_1_186' title='bbox 1323 2402 1384 2459; x_wconf 82' lang='lat' dir='ltr'><strong>rim</strong></span> <span class='ocrx_word' id='word_1_187' title='bbox 1406 2399 1604 2459; x_wconf 75' lang='lat' dir='ltr'><strong>harmonicam</strong></span> <span class='ocrx_word' id='word_1_188' title='bbox 1626 2416 1690 2460; x_wconf 90' lang='lat' dir='ltr'><strong>esse</strong></span> <span class='ocrx_word' id='word_1_189' title='bbox 1713 2419 1752 2460; x_wconf 81' lang='lat' dir='ltr'><strong>ex</strong></span> <span class='ocrx_word' id='word_1_190' title='bbox 1774 2405 1899 2462; x_wconf 82' lang='lat' dir='ltr'><strong>numeris</strong></span> 
     </span>
     <span class='ocr_line' id='line_1_21' title="bbox 548 2484 1898 2573; baseline 0 -26"><span class='ocrx_word' id='word_1_191' title='bbox 548 2490 711 2552; x_wconf 84' lang='lat' dir='ltr'><strong>abstractis</strong></span> <span class='ocrx_word' id='word_1_192' title='bbox 756 2488 817 2547; x_wconf 85' lang='lat' dir='ltr'><strong>Etsi</strong></span> <span class='ocrx_word' id='word_1_193' title='bbox 850 2488 927 2546; x_wconf 92' lang='lat' dir='ltr'><strong>enim</strong></span> <span class='ocrx_word' id='word_1_194' title='bbox 958 2486 999 2545; x_wconf 93' lang='lat' dir='ltr'><strong>illi</strong></span> <span class='ocrx_word' id='word_1_195' title='bbox 1029 2484 1144 2546; x_wconf 90' lang='lat' dir='ltr'><strong>chordis</strong></span> <span class='ocrx_word' id='word_1_196' title='bbox 1176 2487 1360 2565; x_wconf 88' lang='lat' dir='ltr'><strong>applicarunt</strong></span> <span class='ocrx_word' id='word_1_197' title='bbox 1389 2490 1515 2547; x_wconf 90' lang='lat' dir='ltr'><strong>unitates</strong></span> <span class='ocrx_word' id='word_1_198' title='bbox 1544 2488 1726 2573; x_wconf 88' lang='lat' dir='ltr'><strong>longitudine</strong></span> <span class='ocrx_word' id='word_1_199' title='bbox 1750 2490 1898 2565; x_wconf 83' lang='lat' dir='ltr'><strong>aequales,</strong></span> 
     </span>
     <span class='ocr_line' id='line_1_22' title="bbox 549 2576 1899 2651; baseline 0.001 -16"><span class='ocrx_word' id='word_1_200' title='bbox 549 2580 608 2635; x_wconf 92' lang='lat' dir='ltr'><strong>vim</strong></span> <span class='ocrx_word' id='word_1_201' title='bbox 632 2584 810 2636; x_wconf 89' lang='lat' dir='ltr'><strong>tamennon</strong></span> <span class='ocrx_word' id='word_1_202' title='bbox 834 2593 851 2633; x_wconf 91' lang='lat' dir='ltr'><strong>a</strong></span> <span class='ocrx_word' id='word_1_203' title='bbox 873 2576 1037 2651; x_wconf 88' lang='lat' dir='ltr'><strong>quantitate</strong></span> <span class='ocrx_word' id='word_1_204' title='bbox 1061 2577 1216 2648; x_wconf 84' lang='lat' dir='ltr'><strong>continua,</strong></span> <span class='ocrx_word' id='word_1_205' title='bbox 1239 2576 1291 2634; x_wconf 88' lang='lat' dir='ltr'><strong>sed</strong></span> <span class='ocrx_word' id='word_1_206' title='bbox 1316 2594 1334 2635; x_wconf 89' lang='lat' dir='ltr'><strong>a</strong></span> <span class='ocrx_word' id='word_1_207' title='bbox 1355 2580 1490 2647; x_wconf 85' lang='lat' dir='ltr'><strong>numero,</strong></span> <span class='ocrx_word' id='word_1_208' title='bbox 1515 2583 1547 2634; x_wconf 92' lang='lat' dir='ltr'><strong>ut</strong></span> <span class='ocrx_word' id='word_1_209' title='bbox 1569 2592 1722 2649; x_wconf 90' lang='lat' dir='ltr'><strong>numerus,</strong></span> <span class='ocrx_word' id='word_1_210' title='bbox 1750 2594 1818 2636; x_wconf 88' lang='lat' dir='ltr'><strong>esse</strong></span> <span class='ocrx_word' id='word_1_211' title='bbox 1841 2595 1899 2636; x_wconf 88' lang='lat' dir='ltr'><strong>cre·</strong></span> 
     </span>
     <span class='ocr_line' id='line_1_23' title="bbox 548 2661 1899 2741; baseline 0.001 -19"><span class='ocrx_word' id='word_1_212' title='bbox 548 2662 692 2725; x_wconf 91' lang='lat' dir='ltr'><strong>diderunt.</strong></span> <span class='ocrx_word' id='word_1_213' title='bbox 737 2662 794 2722; x_wconf 92' lang='lat' dir='ltr'><strong>Per</strong></span> <span class='ocrx_word' id='word_1_214' title='bbox 816 2662 872 2721; x_wconf 93' lang='lat' dir='ltr'><strong>hoc</strong></span> <span class='ocrx_word' id='word_1_215' title='bbox 895 2662 1002 2739; x_wconf 86' lang='lat' dir='ltr'><strong>dogma</strong></span> <span class='ocrx_word' id='word_1_216' title='bbox 1032 2661 1094 2721; x_wconf 88' lang='lat' dir='ltr'><strong>lieri</strong></span> <span class='ocrx_word' id='word_1_217' title='bbox 1117 2661 1203 2722; x_wconf 81' lang='lat' dir='ltr'><strong>facile</strong></span> <span class='ocrx_word' id='word_1_218' title='bbox 1224 2671 1337 2740; x_wconf 86' lang='lat' dir='ltr'><strong>potest,</strong></span> <span class='ocrx_word' id='word_1_219' title='bbox 1360 2670 1393 2720; x_wconf 92' lang='lat' dir='ltr'><strong>ut</strong></span> <span class='ocrx_word' id='word_1_220' title='bbox 1415 2665 1480 2737; x_wconf 89' lang='lat' dir='ltr'><strong>quis</strong></span> <span class='ocrx_word' id='word_1_221' title='bbox 1502 2664 1593 2722; x_wconf 84' lang='lat' dir='ltr'><strong>missa</strong></span> <span class='ocrx_word' id='word_1_222' title='bbox 1625 2664 1807 2740; x_wconf 81' lang='lat' dir='ltr'><strong>aequalitate</strong></span> <span class='ocrx_word' id='word_1_223' title='bbox 1830 2681 1899 2741; x_wconf 88' lang='lat' dir='ltr'><strong>geo-</strong></span> 
     </span>
     <span class='ocr_line' id='line_1_24' title="bbox 546 2749 1898 2828; baseline 0.001 -19"><span class='ocrx_word' id='word_1_224' title='bbox 546 2754 667 2813; x_wconf 87' lang='lat' dir='ltr'><strong>metrica</strong></span> <span class='ocrx_word' id='word_1_225' title='bbox 692 2753 837 2812; x_wconf 89' lang='lat' dir='ltr'><strong>unitatum</strong></span> <span class='ocrx_word' id='word_1_226' title='bbox 865 2758 966 2809; x_wconf 86' lang='lat' dir='ltr'><strong>contra</strong></span> <span class='ocrx_word' id='word_1_227' title='bbox 995 2752 1082 2808; x_wconf 88' lang='lat' dir='ltr'><strong>ctiam</strong></span> <span class='ocrx_word' id='word_1_228' title='bbox 1114 2767 1224 2810; x_wconf 90' lang='lat' dir='ltr'><strong>morem</strong></span> <span class='ocrx_word' id='word_1_229' title='bbox 1255 2759 1386 2809; x_wconf 86' lang='lat' dir='ltr'><strong>veterum</strong></span> <span class='ocrx_word' id='word_1_230' title='bbox 1419 2749 1573 2809; x_wconf 86' lang='lat' dir='ltr'><strong>delabatur</strong></span> <span class='ocrx_word' id='word_1_231' title='bbox 1599 2750 1639 2809; x_wconf 86' lang='lat' dir='ltr'><strong>sd</strong></span> <span class='ocrx_word' id='word_1_232' title='bbox 1668 2754 1800 2811; x_wconf 83' lang='lat' dir='ltr'><strong>unitates</strong></span> <span class='ocrx_word' id='word_1_233' title='bbox 1828 2770 1898 2828; x_wconf 86' lang='lat' dir='ltr'><strong>geo·</strong></span> 
     </span>
     <span class='ocr_line' id='line_1_25' title="bbox 546 2834 1897 2916; baseline 0 -19"><span class='ocrx_word' id='word_1_234' title='bbox 546 2841 664 2899; x_wconf 84' lang='lat' dir='ltr'><strong>metrice</strong></span> <span class='ocrx_word' id='word_1_235' title='bbox 686 2837 866 2914; x_wconf 82' lang='lat' dir='ltr'><strong>inaequales.</strong></span> <span class='ocrx_word' id='word_1_236' title='bbox 911 2834 978 2896; x_wconf 92' lang='lat' dir='ltr'><strong>Hoc</strong></span> <span class='ocrx_word' id='word_1_237' title='bbox 1009 2838 1061 2895; x_wconf 92' lang='lat' dir='ltr'><strong>tibi</strong></span> <span class='ocrx_word' id='word_1_238' title='bbox 1086 2840 1243 2913; x_wconf 83' lang='lat' dir='ltr'><strong>contigisse</strong></span> <span class='ocrx_word' id='word_1_239' title='bbox 1266 2837 1336 2895; x_wconf 81' lang='lat' dir='ltr'><strong>dixi.</strong></span> <span class='ocrx_word' id='word_1_240' title='bbox 1380 2836 1467 2895; x_wconf 85' lang='lat' dir='ltr'><strong>Tune</strong></span> <span class='ocrx_word' id='word_1_241' title='bbox 1487 2836 1543 2896; x_wconf 92' lang='lat' dir='ltr'><strong>hoc</strong></span> <span class='ocrx_word' id='word_1_242' title='bbox 1566 2838 1692 2897; x_wconf 85' lang='lat' dir='ltr'><strong>affirmas</strong></span> <span class='ocrx_word' id='word_1_243' title='bbox 1723 2856 1763 2896; x_wconf 85' lang='lat' dir='ltr'><strong>aa</strong></span> <span class='ocrx_word' id='word_1_244' title='bbox 1787 2839 1897 2916; x_wconf 76' lang='lat' dir='ltr'><strong>negas?</strong></span> 
     </span>
     <span class='ocr_line' id='line_1_26' title="bbox 548 2924 1897 3002; baseline 0.001 -18"><span class='ocrx_word' id='word_1_245' title='bbox 548 2926 695 2998; x_wconf 81' lang='lat' dir='ltr'><strong>Exordiris</strong></span> <span class='ocrx_word' id='word_1_246' title='bbox 725 2926 809 3001; x_wconf 91' lang='lat' dir='ltr'><strong>quasi</strong></span> <span class='ocrx_word' id='word_1_247' title='bbox 833 2933 1010 3000; x_wconf 87' lang='lat' dir='ltr'><strong>negaturus,</strong></span> <span class='ocrx_word' id='word_1_248' title='bbox 1041 2924 1126 2983; x_wconf 87' lang='lat' dir='ltr'><strong>ailers</strong></span> <span class='ocrx_word' id='word_1_249' title='bbox 1142 2934 1321 3000; x_wconf 84' lang='lat' dir='ltr'><strong>argumenta</strong></span> <span class='ocrx_word' id='word_1_250' title='bbox 1342 2927 1507 3000; x_wconf 88' lang='lat' dir='ltr'><strong>negationis</strong></span> <span class='ocrx_word' id='word_1_251' title='bbox 1537 2926 1757 3001; x_wconf 88' lang='lat' dir='ltr'><strong>impertinentia</strong></span> <span class='ocrx_word' id='word_1_252' title='bbox 1779 2936 1897 3002; x_wconf 87' lang='lat' dir='ltr'><strong>totaque</strong></span> 
     </span>
     <span class='ocr_line' id='line_1_27' title="bbox 545 3006 1897 3092; baseline -0.001 -19"><span class='ocrx_word' id='word_1_253' title='bbox 545 3018 656 3092; x_wconf 87' lang='lat' dir='ltr'><strong>passim</strong></span> <span class='ocrx_word' id='word_1_254' title='bbox 687 3017 817 3073; x_wconf 87' lang='lat' dir='ltr'><strong>oratione</strong></span> <span class='ocrx_word' id='word_1_255' title='bbox 848 3006 1040 3071; x_wconf 87' lang='lat' dir='ltr'><strong>confitentem</strong></span> <span class='ocrx_word' id='word_1_256' title='bbox 1064 3020 1092 3070; x_wconf 92' lang='lat' dir='ltr'><strong>te</strong></span> <span class='ocrx_word' id='word_1_257' title='bbox 1114 3011 1240 3088; x_wconf 73' lang='lat' dir='ltr'><strong>prodis..</strong></span> <span class='ocrx_word' id='word_1_258' title='bbox 1268 3011 1398 3071; x_wconf 78' lang='lat' dir='ltr'><strong>Exhibes</strong></span> <span class='ocrx_word' id='word_1_259' title='bbox 1426 3014 1519 3089; x_wconf 83' lang='lat' dir='ltr'><strong>primo</strong></span> <span class='ocrx_word' id='word_1_260' title='bbox 1542 3011 1729 3091; x_wconf 81' lang='lat' dir='ltr'><strong>Pythagorae</strong></span> <span class='ocrx_word' id='word_1_261' title='bbox 1753 3018 1897 3089; x_wconf 83' lang='lat' dir='ltr'><strong>trigonum</strong></span> 
     </span>
     <span class='ocr_line' id='line_1_28' title="bbox 546 3099 1894 3176; baseline 0 -17"><span class='ocrx_word' id='word_1_262' title='bbox 546 3104 742 3175; x_wconf 87' lang='lat' dir='ltr'><strong>numericam,</strong></span> <span class='ocrx_word' id='word_1_263' title='bbox 771 3118 835 3160; x_wconf 84' lang='lat' dir='ltr'><strong>nort</strong></span> <span class='ocrx_word' id='word_1_264' title='bbox 864 3100 970 3175; x_wconf 74' lang='lat' dir='ltr'><strong>figuris</strong></span> <span class='ocrx_word' id='word_1_265' title='bbox 996 3100 1093 3175; x_wconf 84' lang='lat' dir='ltr'><strong>plone</strong></span> <span class='ocrx_word' id='word_1_266' title='bbox 1122 3102 1322 3173; x_wconf 72' lang='lat' dir='ltr'><strong>mercatoria,</strong></span> <span class='ocrx_word' id='word_1_267' title='bbox 1352 3099 1404 3158; x_wconf 84' lang='lat' dir='ltr'><strong>sed</strong></span> <span class='ocrx_word' id='word_1_268' title='bbox 1423 3118 1504 3157; x_wconf 88' lang='lat' dir='ltr'><strong>mere</strong></span> <span class='ocrx_word' id='word_1_269' title='bbox 1531 3101 1716 3176; x_wconf 68' lang='lat' dir='ltr'><strong>somatibus</strong></span> <span class='ocrx_word' id='word_1_270' title='bbox 1737 3101 1894 3176; x_wconf 81' lang='lat' dir='ltr'><strong>depictam,</strong></span> 
     </span>
     <span class='ocr_line' id='line_1_29' title="bbox 545 3185 1894 3267; baseline 0.001 -20"><span class='ocrx_word' id='word_1_271' title='bbox 545 3193 646 3267; x_wconf 89' lang='lat' dir='ltr'><strong>itaque</strong></span> <span class='ocrx_word' id='word_1_272' title='bbox 670 3190 707 3248; x_wconf 95' lang='lat' dir='ltr'><strong>ab</strong></span> <span class='ocrx_word' id='word_1_273' title='bbox 731 3190 886 3248; x_wconf 86' lang='lat' dir='ltr'><strong>abstractis</strong></span> <span class='ocrx_word' id='word_1_274' title='bbox 909 3190 1041 3246; x_wconf 80' lang='lat' dir='ltr'><strong>numeris·</strong></span> <span class='ocrx_word' id='word_1_275' title='bbox 1058 3190 1154 3263; x_wconf 90' lang='lat' dir='ltr'><strong>ipsum</strong></span> <span class='ocrx_word' id='word_1_276' title='bbox 1177 3186 1264 3262; x_wconf 91' lang='lat' dir='ltr'><strong>longe</strong></span> <span class='ocrx_word' id='word_1_277' title='bbox 1288 3188 1395 3246; x_wconf 91' lang='lat' dir='ltr'><strong>distare</strong></span> <span class='ocrx_word' id='word_1_278' title='bbox 1417 3185 1577 3246; x_wconf 90' lang='lat' dir='ltr'><strong>contendis.</strong></span> <span class='ocrx_word' id='word_1_279' title='bbox 1623 3188 1729 3263; x_wconf 84' lang='lat' dir='ltr'><strong>Atqui,</strong></span> <span class='ocrx_word' id='word_1_280' title='bbox 1761 3189 1894 3261; x_wconf 81' lang='lat' dir='ltr'><strong>Robcrte,</strong></span> 
     </span>
     <span class='ocr_line' id='line_1_30' title="bbox 541 3273 1894 3353; baseline -0.001 -17"><span class='ocrx_word' id='word_1_281' title='bbox 541 3276 606 3353; x_wconf 86' lang='lat' dir='ltr'><strong>J&#39;am</strong></span> <span class='ocrx_word' id='word_1_282' title='bbox 629 3277 685 3336; x_wconf 93' lang='lat' dir='ltr'><strong>hoc</strong></span> <span class='ocrx_word' id='word_1_283' title='bbox 714 3284 759 3335; x_wconf 88' lang='lat' dir='ltr'><strong>est</strong></span> <span class='ocrx_word' id='word_1_284' title='bbox 787 3275 912 3352; x_wconf 88' lang='lat' dir='ltr'><strong>amplius</strong></span> <span class='ocrx_word' id='word_1_285' title='bbox 943 3273 1069 3351; x_wconf 91' lang='lat' dir='ltr'><strong>aliquid,</strong></span> <span class='ocrx_word' id='word_1_286' title='bbox 1100 3292 1188 3350; x_wconf 88' lang='lat' dir='ltr'><strong>quam</strong></span> <span class='ocrx_word' id='word_1_287' title='bbox 1217 3274 1341 3334; x_wconf 84' lang='lat' dir='ltr'><strong>formare</strong></span> <span class='ocrx_word' id='word_1_288' title='bbox 1364 3276 1502 3334; x_wconf 88' lang='lat' dir='ltr'><strong>terminos</strong></span> <span class='ocrx_word' id='word_1_289' title='bbox 1523 3273 1711 3349; x_wconf 82' lang='lat' dir='ltr'><strong>barmoniae3</strong></span> <span class='ocrx_word' id='word_1_290' title='bbox 1744 3287 1791 3334; x_wconf 87' lang='lat' dir='ltr'><strong>est</strong></span> <span class='ocrx_word' id='word_1_291' title='bbox 1825 3280 1894 3335; x_wconf 85' lang='lat' dir='ltr'><strong>enim</strong></span> 
     </span>
     <span class='ocr_line' id='line_1_31' title="bbox 530 3361 1895 3439; baseline -0.001 -16"><span class='ocrx_word' id='word_1_292' title='bbox 530 3365 686 3423; x_wconf 83' lang='lat' dir='ltr'><strong>&#39;formatos</strong></span> <span class='ocrx_word' id='word_1_293' title='bbox 710 3362 819 3423; x_wconf 91' lang='lat' dir='ltr'><strong>dudum</strong></span> <span class='ocrx_word' id='word_1_294' title='bbox 843 3362 991 3438; x_wconf 88' lang='lat' dir='ltr'><strong>applicare</strong></span> <span class='ocrx_word' id='word_1_295' title='bbox 1015 3362 1110 3436; x_wconf 90' lang='lat' dir='ltr'><strong>rebus,</strong></span> <span class='ocrx_word' id='word_1_296' title='bbox 1136 3361 1171 3421; x_wconf 90' lang='lat' dir='ltr'><strong>de</strong></span> <span class='ocrx_word' id='word_1_297' title='bbox 1195 3379 1254 3437; x_wconf 88' lang='lat' dir='ltr'><strong>qua</strong></span> <span class='ocrx_word' id='word_1_298' title='bbox 1276 3362 1346 3419; x_wconf 91' lang='lat' dir='ltr'><strong>mihi</strong></span> <span class='ocrx_word' id='word_1_299' title='bbox 1371 3379 1459 3439; x_wconf 89' lang='lat' dir='ltr'><strong>opera</strong></span> <span class='ocrx_word' id='word_1_300' title='bbox 1481 3378 1575 3420; x_wconf 86' lang='lat' dir='ltr'><strong>sermo</strong></span> <span class='ocrx_word' id='word_1_301' title='bbox 1598 3374 1656 3419; x_wconf 92' lang='lat' dir='ltr'><strong>non</strong></span> <span class='ocrx_word' id='word_1_302' title='bbox 1679 3363 1744 3420; x_wconf 77' lang='lat' dir='ltr'><strong>tuit.</strong></span> <span class='ocrx_word' id='word_1_303' title='bbox 1792 3364 1830 3422; x_wconf 84' lang='lat' dir='ltr'><strong>lit</strong></span> <span class='ocrx_word' id='word_1_304' title='bbox 1850 3380 1895 3422; x_wconf 84' lang='lat' dir='ltr'><strong>cur</strong></span> 
     </span>
     <span class='ocr_line' id='line_1_32' title="bbox 525 3449 1894 3527; baseline 0 -18"><span class='ocrx_word' id='word_1_305' title='bbox 525 3468 593 3511; x_wconf 89' lang='lat' dir='ltr'><strong>-me</strong></span> <span class='ocrx_word' id='word_1_306' title='bbox 616 3451 724 3511; x_wconf 87' lang='lat' dir='ltr'><strong>relatas</strong></span> <span class='ocrx_word' id='word_1_307' title='bbox 754 3458 787 3510; x_wconf 89' lang='lat' dir='ltr'><strong>nt</strong></span> <span class='ocrx_word' id='word_1_308' title='bbox 813 3456 981 3525; x_wconf 87' lang='lat' dir='ltr'><strong>negantem,</strong></span> <span class='ocrx_word' id='word_1_309' title='bbox 1013 3450 1063 3525; x_wconf 91' lang='lat' dir='ltr'><strong>qui</strong></span> <span class='ocrx_word' id='word_1_310' title='bbox 1093 3450 1167 3525; x_wconf 87' lang='lat' dir='ltr'><strong>legis</strong></span> <span class='ocrx_word' id='word_1_311' title='bbox 1199 3450 1369 3509; x_wconf 78' lang='lat' dir='ltr'><strong>affirmantis</strong></span> <span class='ocrx_word' id='word_1_312' title='bbox 1401 3449 1507 3523; x_wconf 66' lang='lat' dir='ltr'><strong>ruba,</strong></span> <span class='ocrx_word' id='word_1_313' title='bbox 1538 3458 1567 3509; x_wconf 93' lang='lat' dir='ltr'><strong>te</strong></span> <span class='ocrx_word' id='word_1_314' title='bbox 1591 3451 1719 3509; x_wconf 78' lang='lat' dir='ltr'><strong>unitates</strong></span> <span class='ocrx_word' id='word_1_315' title='bbox 1751 3452 1894 3527; x_wconf 83' lang='lat' dir='ltr'><strong>applicare</strong></span> 
     </span>
     <span class='ocr_line' id='line_1_33' title="bbox 547 3536 1469 3614; baseline -0.004 -17"><span class='ocrx_word' id='word_1_316' title='bbox 547 3540 653 3613; x_wconf 78' lang='lat' dir='ltr'><strong>rebar,</strong></span> <span class='ocrx_word' id='word_1_317' title='bbox 672 3536 818 3614; x_wconf 90' lang='lat' dir='ltr'><strong>quod&#39;est</strong></span> <span class='ocrx_word' id='word_1_318' title='bbox 839 3554 911 3595; x_wconf 88' lang='lat' dir='ltr'><strong>sane</strong></span> <span class='ocrx_word' id='word_1_319' title='bbox 935 3554 971 3597; x_wconf 85' lang='lat' dir='ltr'><strong>ex</strong></span> <span class='ocrx_word' id='word_1_320' title='bbox 994 3538 1141 3596; x_wconf 89' lang='lat' dir='ltr'><strong>abstracto</strong></span> <span class='ocrx_word' id='word_1_321' title='bbox 1164 3545 1329 3597; x_wconf 91' lang='lat' dir='ltr'><strong>concretum</strong></span> <span class='ocrx_word' id='word_1_322' title='bbox 1351 3536 1469 3596; x_wconf 81' lang='lat' dir='ltr'><strong>tacerel</strong></span> 
     </span>
    </p>

    <p class='ocr_par' dir='ltr' id='par_1_5' title="bbox 540 3622 1895 4843">
     <span class='ocr_line' id='line_1_34' title="bbox 636 3622 1894 3702; baseline 0.001 -19"><span class='ocrx_word' id='word_1_323' title='bbox 636 3624 731 3701; x_wconf 85' lang='lat' dir='ltr'><strong>Quam</strong></span> <span class='ocrx_word' id='word_1_324' title='bbox 761 3627 849 3701; x_wconf 90' lang='lat' dir='ltr'><strong>igitur</strong></span> <span class='ocrx_word' id='word_1_325' title='bbox 872 3630 904 3681; x_wconf 90' lang='lat' dir='ltr'><strong>tu</strong></span> <span class='ocrx_word' id='word_1_326' title='bbox 925 3623 973 3683; x_wconf 93' lang='lat' dir='ltr'><strong>hic</strong></span> <span class='ocrx_word' id='word_1_327' title='bbox 995 3623 1082 3701; x_wconf 87' lang='lat' dir='ltr'><strong>plena</strong></span> <span class='ocrx_word' id='word_1_328' title='bbox 1104 3625 1214 3702; x_wconf 88' lang='lat' dir='ltr'><strong>pagina</strong></span> <span class='ocrx_word' id='word_1_329' title='bbox 1236 3626 1287 3684; x_wconf 72' lang='lat'><strong>⁶26.</strong></span> <span class='ocrx_word' id='word_1_330' title='bbox 1320 3624 1407 3683; x_wconf 83' lang='lat' dir='ltr'><strong>infers</strong></span> <span class='ocrx_word' id='word_1_331' title='bbox 1429 3622 1646 3702; x_wconf 87' lang='lat' dir='ltr'><strong>philosophiam</strong></span> <span class='ocrx_word' id='word_1_332' title='bbox 1669 3622 1894 3702; x_wconf 63' lang='lat' dir='ltr'><strong>Pythagoricus</strong></span> 
     </span>
     <span class='ocr_line' id='line_1_35' title="bbox 547 3710 1893 3792; baseline 0 -21"><span class='ocrx_word' id='word_1_333' title='bbox 547 3710 582 3771; x_wconf 90' lang='lat' dir='ltr'><strong>de</strong></span> <span class='ocrx_word' id='word_1_334' title='bbox 609 3714 755 3792; x_wconf 82' lang='lat' dir='ltr'><strong>mysteriis</strong></span> <span class='ocrx_word' id='word_1_335' title='bbox 778 3714 985 3788; x_wconf 85' lang='lat' dir='ltr'><strong>trigonicorum</strong></span> <span class='ocrx_word' id='word_1_336' title='bbox 1007 3728 1192 3773; x_wconf 90' lang='lat' dir='ltr'><strong>numerorum</strong></span> <span class='ocrx_word' id='word_1_337' title='bbox 1218 3715 1250 3783; x_wconf 93' lang='lat' dir='ltr'><strong>l,</strong></span> <span class='ocrx_word' id='word_1_338' title='bbox 1275 3714 1309 3785; x_wconf 82' lang='lat'><strong>3,</strong></span> <span class='ocrx_word' id='word_1_339' title='bbox 1335 3714 1369 3785; x_wconf 90' lang='grc'><strong>6,</strong></span> <span class='ocrx_word' id='word_1_340' title='bbox 1397 3712 1445 3780; x_wconf 86' lang='grc'><strong>10,</strong></span> <span class='ocrx_word' id='word_1_341' title='bbox 1468 3728 1503 3770; x_wconf 89' lang='lat' dir='ltr'><strong>ea</strong></span> <span class='ocrx_word' id='word_1_342' title='bbox 1525 3728 1609 3769; x_wconf 85' lang='lat' dir='ltr'><strong>suam</strong></span> <span class='ocrx_word' id='word_1_343' title='bbox 1632 3721 1760 3771; x_wconf 91' lang='lat' dir='ltr'><strong>meretur</strong></span> <span class='ocrx_word' id='word_1_344' title='bbox 1781 3714 1893 3771; x_wconf 86' lang='lat' dir='ltr'><strong>laudem</strong></span> 
     </span>
     <span class='ocr_line' id='line_1_36' title="bbox 545 3797 1893 3879; baseline 0.001 -21"><span class='ocrx_word' id='word_1_345' title='bbox 545 3798 611 3859; x_wconf 91' lang='lat' dir='ltr'><strong>loco</strong></span> <span class='ocrx_word' id='word_1_346' title='bbox 644 3814 749 3879; x_wconf 18' lang='lat' dir='ltr'><strong>suone</strong></span> <span class='ocrx_word' id='word_1_347' title='bbox 776 3799 963 3877; x_wconf 83' lang='lat' dir='ltr'><strong>peritioribus</strong></span> <span class='ocrx_word' id='word_1_348' title='bbox 990 3797 1077 3873; x_wconf 91' lang='lat' dir='ltr'><strong>hujus</strong></span> <span class='ocrx_word' id='word_1_349' title='bbox 1106 3799 1313 3878; x_wconf 87' lang='lat' dir='ltr'><strong>philosophiae</strong></span> <span class='ocrx_word' id='word_1_350' title='bbox 1344 3816 1432 3875; x_wconf 87' lang='lat' dir='ltr'><strong>quam</strong></span> <span class='ocrx_word' id='word_1_351' title='bbox 1460 3814 1525 3856; x_wconf 92' lang='lat' dir='ltr'><strong>sum</strong></span> <span class='ocrx_word' id='word_1_352' title='bbox 1554 3816 1619 3875; x_wconf 88' lang='lat' dir='ltr'><strong>ego.</strong></span> <span class='ocrx_word' id='word_1_353' title='bbox 1673 3799 1743 3858; x_wconf 84' lang='lat' dir='ltr'><strong>lica</strong></span> <span class='ocrx_word' id='word_1_354' title='bbox 1778 3800 1893 3876; x_wconf 87' lang='lat' dir='ltr'><strong>quiden</strong></span> 
     </span>
     <span class='ocr_line' id='line_1_37' title="bbox 545 3884 1893 3967; baseline 0.001 -22"><span class='ocrx_word' id='word_1_355' title='bbox 545 3888 618 3947; x_wconf 90' lang='lat' dir='ltr'><strong>haec</strong></span> <span class='ocrx_word' id='word_1_356' title='bbox 641 3889 744 3947; x_wconf 89' lang='lat' dir='ltr'><strong>messis</strong></span> <span class='ocrx_word' id='word_1_357' title='bbox 775 3894 916 3959; x_wconf 89' lang='lat' dir='ltr'><strong>nonest,</strong></span> <span class='ocrx_word' id='word_1_358' title='bbox 948 3903 1003 3945; x_wconf 91' lang='lat' dir='ltr'><strong>nec</strong></span> <span class='ocrx_word' id='word_1_359' title='bbox 1026 3904 1061 3945; x_wconf 86' lang='lat' dir='ltr'><strong>ea</strong></span> <span class='ocrx_word' id='word_1_360' title='bbox 1091 3886 1218 3963; x_wconf 88' lang='lat' dir='ltr'><strong>indigeo.</strong></span> <span class='ocrx_word' id='word_1_361' title='bbox 1262 3887 1367 3967; x_wconf 81' lang='lat' dir='ltr'><strong>Spicas</strong></span> <span class='ocrx_word' id='word_1_362' title='bbox 1396 3896 1492 3944; x_wconf 87' lang='lat' dir='ltr'><strong>tamen</strong></span> <span class='ocrx_word' id='word_1_363' title='bbox 1516 3884 1631 3961; x_wconf 85' lang='lat' dir='ltr'><strong>aliquas</strong></span> <span class='ocrx_word' id='word_1_364' title='bbox 1660 3889 1774 3962; x_wconf 83' lang='lat' dir='ltr'><strong>passim</strong></span> <span class='ocrx_word' id='word_1_365' title='bbox 1802 3889 1893 3959; x_wconf 81' lang='lat' dir='ltr'><strong>legere</strong></span> 
     </span>
     <span class='ocr_line' id='line_1_38' title="bbox 544 3971 1895 4053; baseline -0.002 -18"><span class='ocrx_word' id='word_1_366' title='bbox 544 3974 672 4052; x_wconf 84' lang='lat' dir='ltr'><strong>expedit.</strong></span> <span class='ocrx_word' id='word_1_367' title='bbox 721 3971 844 4034; x_wconf 79' lang='lat' dir='ltr'><strong>Gradus</strong></span> <span class='ocrx_word' id='word_1_368' title='bbox 864 3978 1081 4051; x_wconf 74' lang='lat' dir='ltr'><strong>progressionis</strong></span> <span class='ocrx_word' id='word_1_369' title='bbox 1102 3976 1223 4053; x_wconf 76' lang='lat' dir='ltr'><strong>formae</strong></span> <span class='ocrx_word' id='word_1_370' title='bbox 1243 3978 1278 4033; x_wconf 81' lang='lat' dir='ltr'><strong>irs</strong></span> <span class='ocrx_word' id='word_1_371' title='bbox 1300 3982 1417 4033; x_wconf 83' lang='lat' dir='ltr'><strong>natura</strong></span> <span class='ocrx_word' id='word_1_372' title='bbox 1441 3974 1725 4051; x_wconf 73' lang='lat' dir='ltr'><strong>abcmperfeeerorre</strong></span> <span class='ocrx_word' id='word_1_373' title='bbox 1747 3976 1793 4032; x_wconf 78' lang='lat' dir='ltr'><strong>cd</strong></span> <span class='ocrx_word' id='word_1_374' title='bbox 1812 3994 1895 4033; x_wconf 82' lang='lat' dir='ltr'><strong>sum·</strong></span> 
     </span>
     <span class='ocr_line' id='line_1_39' title="bbox 544 4060 1893 4141; baseline 0.001 -20"><span class='ocrx_word' id='word_1_375' title='bbox 544 4081 626 4121; x_wconf 87' lang='lat' dir='ltr'><strong>mam</strong></span> <span class='ocrx_word' id='word_1_376' title='bbox 646 4062 862 4140; x_wconf 77' lang='lat' dir='ltr'><strong>perfectionem</strong></span> <span class='ocrx_word' id='word_1_377' title='bbox 885 4060 1016 4139; x_wconf 89' lang='lat' dir='ltr'><strong>appellas</strong></span> <span class='ocrx_word' id='word_1_378' title='bbox 1036 4064 1247 4137; x_wconf 81' lang='lat' dir='ltr'><strong>proportiones</strong></span> <span class='ocrx_word' id='word_1_379' title='bbox 1266 4060 1420 4141; x_wconf 76' lang='lat' dir='ltr'><strong>formales.</strong></span> <span class='ocrx_word' id='word_1_380' title='bbox 1465 4060 1552 4121; x_wconf 88' lang='lat' dir='ltr'><strong>Hunc</strong></span> <span class='ocrx_word' id='word_1_381' title='bbox 1581 4079 1733 4122; x_wconf 88' lang='lat' dir='ltr'><strong>numerum</strong></span> <span class='ocrx_word' id='word_1_382' title='bbox 1765 4065 1811 4120; x_wconf 86' lang='lat' dir='ltr'><strong>ais</strong></span> <span class='ocrx_word' id='word_1_383' title='bbox 1831 4066 1893 4139; x_wconf 69' lang='lat' dir='ltr'><strong>tor·</strong></span> 
     </span>
     <span class='ocr_line' id='line_1_40' title="bbox 544 4148 1892 4227; baseline 0.001 -20"><span class='ocrx_word' id='word_1_384' title='bbox 544 4152 669 4224; x_wconf 86' lang='lat' dir='ltr'><strong>malem,</strong></span> <span class='ocrx_word' id='word_1_385' title='bbox 692 4167 762 4209; x_wconf 87' lang='lat' dir='ltr'><strong>vere</strong></span> <span class='ocrx_word' id='word_1_386' title='bbox 784 4152 921 4226; x_wconf 77' lang='lat' dir='ltr'><strong>igneam,</strong></span> <span class='ocrx_word' id='word_1_387' title='bbox 951 4153 1068 4210; x_wconf 79' lang='lat' dir='ltr'><strong>rationi</strong></span> <span class='ocrx_word' id='word_1_388' title='bbox 1087 4150 1376 4227; x_wconf 74' lang='lat' dir='ltr'><strong>familiarissimam.</strong></span> <span class='ocrx_word' id='word_1_389' title='bbox 1415 4148 1513 4221; x_wconf 91' lang='lat' dir='ltr'><strong>Vide,</strong></span> <span class='ocrx_word' id='word_1_390' title='bbox 1542 4166 1601 4226; x_wconf 88' lang='lat' dir='ltr'><strong>qua</strong></span> <span class='ocrx_word' id='word_1_391' title='bbox 1622 4165 1653 4209; x_wconf 91' lang='lat' dir='ltr'><strong>re</strong></span> <span class='ocrx_word' id='word_1_392' title='bbox 1676 4153 1892 4209; x_wconf 82' lang='lat' dir='ltr'><strong>conveniamus</strong></span> 
     </span>
     <span class='ocr_line' id='line_1_41' title="bbox 544 4236 1892 4327; baseline 0.001 -32"><span class='ocrx_word' id='word_1_393' title='bbox 544 4236 618 4296; x_wconf 90' lang='lat' dir='ltr'><strong>Mihi</strong></span> <span class='ocrx_word' id='word_1_394' title='bbox 646 4240 752 4297; x_wconf 89' lang='lat' dir='ltr'><strong>mentis</strong></span> <span class='ocrx_word' id='word_1_395' title='bbox 780 4245 810 4297; x_wconf 88' lang='lat' dir='ltr'><strong>et</strong></span> <span class='ocrx_word' id='word_1_396' title='bbox 837 4238 866 4295; x_wconf 91' lang='lat' dir='ltr'><strong>in</strong></span> <span class='ocrx_word' id='word_1_397' title='bbox 896 4255 932 4297; x_wconf 90' lang='lat' dir='ltr'><strong>ea</strong></span> <span class='ocrx_word' id='word_1_398' title='bbox 960 4237 1176 4327; x_wconf 80' lang='lat' dir='ltr'><strong>quantitatum</strong></span> <span class='ocrx_word' id='word_1_399' title='bbox 1188 4244 1217 4295; x_wconf 93' lang='lat' dir='ltr'><strong>et</strong></span> <span class='ocrx_word' id='word_1_400' title='bbox 1245 4237 1360 4310; x_wconf 89' lang='lat' dir='ltr'><strong>circuli,</strong></span> <span class='ocrx_word' id='word_1_401' title='bbox 1394 4237 1447 4295; x_wconf 88' lang='lat' dir='ltr'><strong>tibi</strong></span> <span class='ocrx_word' id='word_1_402' title='bbox 1474 4244 1596 4296; x_wconf 88' lang='lat' dir='ltr'><strong>naturae</strong></span> <span class='ocrx_word' id='word_1_403' title='bbox 1626 4240 1797 4313; x_wconf 88' lang='lat' dir='ltr'><strong>generantis</strong></span> <span class='ocrx_word' id='word_1_404' title='bbox 1828 4255 1892 4314; x_wconf 72' lang='lat' dir='ltr'><strong>oper</strong></span> 
     </span>
     <span class='ocr_line' id='line_1_42' title="bbox 544 4324 1892 4403; baseline 0.001 -21"><span class='ocrx_word' id='word_1_405' title='bbox 544 4326 739 4401; x_wconf 85' lang='lat' dir='ltr'><strong>praecedunt,</strong></span> <span class='ocrx_word' id='word_1_406' title='bbox 770 4342 843 4403; x_wconf 90' lang='lat' dir='ltr'><strong>quas</strong></span> <span class='ocrx_word' id='word_1_407' title='bbox 866 4324 997 4401; x_wconf 90' lang='lat' dir='ltr'><strong>sequitur</strong></span> <span class='ocrx_word' id='word_1_408' title='bbox 1020 4328 1156 4401; x_wconf 83' lang='lat' dir='ltr'><strong>utrinque</strong></span> <span class='ocrx_word' id='word_1_409' title='bbox 1179 4342 1326 4387; x_wconf 88' lang='lat' dir='ltr'><strong>numerus.</strong></span> <span class='ocrx_word' id='word_1_410' title='bbox 1372 4324 1409 4382; x_wconf 84' lang='lat' dir='ltr'><strong>Et</strong></span> <span class='ocrx_word' id='word_1_411' title='bbox 1431 4331 1462 4381; x_wconf 89' lang='lat' dir='ltr'><strong>ut</strong></span> <span class='ocrx_word' id='word_1_412' title='bbox 1482 4341 1539 4399; x_wconf 87' lang='lat' dir='ltr'><strong>ego</strong></span> <span class='ocrx_word' id='word_1_413' title='bbox 1565 4327 1628 4383; x_wconf 90' lang='lat' dir='ltr'><strong>sine</strong></span> <span class='ocrx_word' id='word_1_414' title='bbox 1651 4327 1822 4401; x_wconf 85' lang='lat' dir='ltr'><strong>quantitate</strong></span> <span class='ocrx_word' id='word_1_415' title='bbox 1844 4326 1892 4384; x_wconf 88' lang='lat' dir='ltr'><strong>de-</strong></span> 
     </span>
     <span class='ocr_line' id='line_1_43' title="bbox 545 4410 1891 4489; baseline 0 -18"><span class='ocrx_word' id='word_1_416' title='bbox 545 4414 731 4475; x_wconf 87' lang='lat' dir='ltr'><strong>terminata</strong></span> <span class='ocrx_word' id='word_1_417' title='bbox 724 4430 753 4470; x_wconf 92' lang='grc' dir='ltr'><strong>ιιι</strong></span> <span class='ocrx_word' id='word_1_418' title='bbox 775 4422 881 4487; x_wconf 89' lang='lat' dir='ltr'><strong>mente,</strong></span> <span class='ocrx_word' id='word_1_419' title='bbox 906 4414 948 4470; x_wconf 93' lang='lat' dir='ltr'><strong>sic</strong></span> <span class='ocrx_word' id='word_1_420' title='bbox 970 4419 1000 4470; x_wconf 91' lang='lat' dir='ltr'><strong>tu</strong></span> <span class='ocrx_word' id='word_1_421' title='bbox 1024 4410 1085 4471; x_wconf 89' lang='lat' dir='ltr'><strong>sino</strong></span> <span class='ocrx_word' id='word_1_422' title='bbox 1109 4410 1202 4489; x_wconf 89' lang='lat' dir='ltr'><strong>gradu</strong></span> <span class='ocrx_word' id='word_1_423' title='bbox 1225 4421 1303 4471; x_wconf 91' lang='lat' dir='ltr'><strong>certo</strong></span> <span class='ocrx_word' id='word_1_424' title='bbox 1327 4414 1570 4489; x_wconf 84' lang='lat' dir='ltr'><strong>progressionis</strong></span> <span class='ocrx_word' id='word_1_425' title='bbox 1563 4430 1591 4469; x_wconf 90' lang='grc' dir='ltr'><strong>ιιι</strong></span> <span class='ocrx_word' id='word_1_426' title='bbox 1613 4419 1727 4488; x_wconf 86' lang='lat' dir='ltr'><strong>natura,</strong></span> <span class='ocrx_word' id='word_1_427' title='bbox 1754 4416 1891 4471; x_wconf 81' lang='lat' dir='ltr'><strong>unitatem</strong></span> 
     </span>
     <span class='ocr_line' id='line_1_44' title="bbox 544 4498 1891 4601; baseline 0.001 -43"><span class='ocrx_word' id='word_1_428' title='bbox 544 4498 657 4560; x_wconf 82' lang='lat' dir='ltr'><strong>nullam</strong></span> <span class='ocrx_word' id='word_1_429' title='bbox 681 4503 877 4577; x_wconf 89' lang='lat' dir='ltr'><strong>agnoscimus.</strong></span> <span class='ocrx_word' id='word_1_430' title='bbox 922 4498 1047 4577; x_wconf 88' lang='lat' dir='ltr'><strong>Propior</strong></span> <span class='ocrx_word' id='word_1_431' title='bbox 1067 4508 1165 4561; x_wconf 88' lang='lat' dir='ltr'><strong>tamen</strong></span> <span class='ocrx_word' id='word_1_432' title='bbox 1188 4516 1253 4558; x_wconf 91' lang='lat' dir='ltr'><strong>sum</strong></span> <span class='ocrx_word' id='word_1_433' title='bbox 1276 4518 1331 4576; x_wconf 86' lang='lat' dir='ltr'><strong>ego</strong></span> <span class='ocrx_word' id='word_1_434' title='bbox 1359 4498 1562 4601; x_wconf 86' lang='lat' dir='ltr'><strong>philosophiae</strong></span> <span class='ocrx_word' id='word_1_435' title='bbox 1585 4498 1727 4573; x_wconf 91' lang='lat' dir='ltr'><strong>Procli,</strong></span> <span class='ocrx_word' id='word_1_436' title='bbox 1732 4503 1785 4577; x_wconf 90' lang='lat' dir='ltr'><strong>qui</strong></span> <span class='ocrx_word' id='word_1_437' title='bbox 1809 4499 1891 4559; x_wconf 85' lang='lat' dir='ltr'><strong>Jam-</strong></span> 
     </span>
     <span class='ocr_line' id='line_1_45' title="bbox 544 4585 1892 4665; baseline -0.002 -19"><span class='ocrx_word' id='word_1_438' title='bbox 544 4586 642 4648; x_wconf 90' lang='lat' dir='ltr'><strong>blloho</strong></span> <span class='ocrx_word' id='word_1_439' title='bbox 667 4598 717 4648; x_wconf 91' lang='lat' dir='ltr'><strong>tuo</strong></span> <span class='ocrx_word' id='word_1_440' title='bbox 740 4590 883 4665; x_wconf 89' lang='lat' dir='ltr'><strong>posterior</strong></span> <span class='ocrx_word' id='word_1_441' title='bbox 905 4588 973 4661; x_wconf 90' lang='lat' dir='ltr'><strong>luit,</strong></span> <span class='ocrx_word' id='word_1_442' title='bbox 1005 4590 1055 4663; x_wconf 91' lang='lat' dir='ltr'><strong>qui</strong></span> <span class='ocrx_word' id='word_1_443' title='bbox 1087 4588 1204 4647; x_wconf 89' lang='lat' dir='ltr'><strong>titulum</strong></span> <span class='ocrx_word' id='word_1_444' title='bbox 1233 4586 1315 4646; x_wconf 92' lang='lat' dir='ltr'><strong>illum</strong></span> <span class='ocrx_word' id='word_1_445' title='bbox 1346 4585 1415 4647; x_wconf 80' lang='lat' dir='ltr'><strong>vere</strong></span> <span class='ocrx_word' id='word_1_446' title='bbox 1437 4590 1519 4663; x_wconf 70' lang='lat' dir='ltr'><strong>ignei</strong></span> <span class='ocrx_word' id='word_1_447' title='bbox 1548 4586 1585 4646; x_wconf 92' lang='lat' dir='ltr'><strong>ad</strong></span> <span class='ocrx_word' id='word_1_448' title='bbox 1607 4598 1734 4647; x_wconf 88' lang='lat' dir='ltr'><strong>mentem</strong></span> <span class='ocrx_word' id='word_1_449' title='bbox 1759 4587 1892 4657; x_wconf 81' lang='lat' dir='ltr'><strong>traducit,</strong></span> 
     </span>
     <span class='ocr_line' id='line_1_46' title="bbox 543 4674 1892 4774; baseline -0.002 -39"><span class='ocrx_word' id='word_1_450' title='bbox 543 4698 634 4754; x_wconf 79' lang='grc' dir='ltr'><em>πυρος</em></span> <span class='ocrx_word' id='word_1_451' title='bbox 656 4700 758 4756; x_wconf 78' lang='lat' dir='ltr'><strong>respon</strong></span> <span class='ocrx_word' id='word_1_452' title='bbox 785 4676 995 4750; x_wconf 89' lang='lat' dir='ltr'><strong>inculcatione;</strong></span> <span class='ocrx_word' id='word_1_453' title='bbox 1025 4684 1092 4735; x_wconf 90' lang='lat' dir='ltr'><strong>tuas</strong></span> <span class='ocrx_word' id='word_1_454' title='bbox 1122 4689 1192 4735; x_wconf 81' lang='lat' dir='ltr'><strong>vero</strong></span> <span class='ocrx_word' id='word_1_455' title='bbox 1222 4679 1442 4774; x_wconf 76' lang='lat' dir='ltr'><strong>macerationes</strong></span> <span class='ocrx_word' id='word_1_456' title='bbox 1470 4680 1497 4731; x_wconf 83' lang='lat' dir='ltr'><strong>et</strong></span> <span class='ocrx_word' id='word_1_457' title='bbox 1516 4674 1710 4752; x_wconf 71' lang='lat' dir='ltr'><strong>perfectiones</strong></span> <span class='ocrx_word' id='word_1_458' title='bbox 1739 4676 1892 4751; x_wconf 84' lang='lat' dir='ltr'><strong>abjicitur</strong></span> 
     </span>
     <span class='ocr_line' id='line_1_47' title="bbox 540 4766 1129 4843; baseline 0.002 -20"><span class='ocrx_word' id='word_1_459' title='bbox 540 4787 612 4843; x_wconf 82' lang='grc' dir='ltr'><strong>μιγα</strong></span> <span class='ocrx_word' id='word_1_460' title='bbox 636 4784 711 4835; x_wconf 75' lang='lat' dir='ltr'><strong>rona</strong></span> <span class='ocrx_word' id='word_1_461' title='bbox 732 4766 962 4841; x_wconf 75' lang='grc' dir='ltr'>βαρυφλοισβοιο</span> <span class='ocrx_word' id='word_1_462' title='bbox 985 4766 1129 4841; x_wconf 68' lang='lat' dir='ltr'><strong>yeradl&#39;qc.</strong></span> 
     </span>
    </p>

    <p class='ocr_par' dir='ltr' id='par_1_6' title="bbox 542 4848 1890 5194">
     <span class='ocr_line' id='line_1_48' title="bbox 629 4848 1890 4927; baseline -0.003 -17"><span class='ocrx_word' id='word_1_463' title='bbox 629 4850 728 4927; x_wconf 85' lang='lat' dir='ltr'><strong>Atque</strong></span> <span class='ocrx_word' id='word_1_464' title='bbox 750 4851 817 4913; x_wconf 94' lang='lat' dir='ltr'><strong>hinc</strong></span> <span class='ocrx_word' id='word_1_465' title='bbox 842 4850 887 4910; x_wconf 81' lang='lat' dir='ltr'><strong>rel</strong></span> <span class='ocrx_word' id='word_1_466' title='bbox 911 4851 1036 4911; x_wconf 88' lang='lat' dir='ltr'><strong>maxime</strong></span> <span class='ocrx_word' id='word_1_467' title='bbox 1051 4849 1226 4923; x_wconf 89' lang='lat' dir='ltr'><strong>demonstro,</strong></span> <span class='ocrx_word' id='word_1_468' title='bbox 1249 4848 1360 4907; x_wconf 89' lang='lat' dir='ltr'><strong>nullam</strong></span> <span class='ocrx_word' id='word_1_469' title='bbox 1381 4848 1529 4908; x_wconf 89' lang='lat' dir='ltr'><strong>doctrinae</strong></span> <span class='ocrx_word' id='word_1_470' title='bbox 1545 4858 1613 4909; x_wconf 85' lang='lat' dir='ltr'><strong>tuae</strong></span> <span class='ocrx_word' id='word_1_471' title='bbox 1627 4848 1767 4926; x_wconf 85' lang='lat' dir='ltr'><strong>injuriam</strong></span> <span class='ocrx_word' id='word_1_472' title='bbox 1784 4849 1890 4909; x_wconf 79' lang='lat' dir='ltr'><strong>illatam</strong></span> 
     </span>
     <span class='ocr_line' id='line_1_49' title="bbox 542 4936 1888 5015; baseline -0.001 -19"><span class='ocrx_word' id='word_1_473' title='bbox 542 4955 561 4996; x_wconf 87' lang='lat' dir='ltr'><strong>a</strong></span> <span class='ocrx_word' id='word_1_474' title='bbox 583 4939 656 4998; x_wconf 89' lang='lat' dir='ltr'><strong>meis</strong></span> <span class='ocrx_word' id='word_1_475' title='bbox 681 4940 956 5015; x_wconf 87' lang='lat' dir='ltr'><strong>comparationibus,</strong></span> <span class='ocrx_word' id='word_1_476' title='bbox 980 4936 1048 4997; x_wconf 88' lang='lat' dir='ltr'><strong>dum</strong></span> <span class='ocrx_word' id='word_1_477' title='bbox 1072 4954 1127 5014; x_wconf 91' lang='lat' dir='ltr'><strong>ego</strong></span> <span class='ocrx_word' id='word_1_478' title='bbox 1144 4954 1224 4997; x_wconf 89' lang='lat' dir='ltr'><strong>meos</strong></span> <span class='ocrx_word' id='word_1_479' title='bbox 1229 4937 1455 4997; x_wconf 88' lang='lat' dir='ltr'><strong>harmoniarum</strong></span> <span class='ocrx_word' id='word_1_480' title='bbox 1471 4938 1610 4996; x_wconf 90' lang='lat' dir='ltr'><strong>terminos</strong></span> <span class='ocrx_word' id='word_1_481' title='bbox 1632 4937 1753 5013; x_wconf 90' lang='lat' dir='ltr'><strong>appello</strong></span> <span class='ocrx_word' id='word_1_482' title='bbox 1777 4938 1888 4997; x_wconf 86' lang='lat' dir='ltr'><strong>mathe-</strong></span> 
     </span>
     <span class='ocr_line' id='line_1_50' title="bbox 543 5020 1888 5104; baseline -0.001 -21"><span class='ocrx_word' id='word_1_483' title='bbox 543 5028 674 5098; x_wconf 84' lang='lat' dir='ltr'><strong>maticos,</strong></span> <span class='ocrx_word' id='word_1_484' title='bbox 698 5030 764 5084; x_wconf 87' lang='lat' dir='ltr'><strong>tuos</strong></span> <span class='ocrx_word' id='word_1_485' title='bbox 777 5043 845 5099; x_wconf 83' lang='lat' dir='ltr'><strong>vqro</strong></span> <span class='ocrx_word' id='word_1_486' title='bbox 862 5020 1081 5103; x_wconf 84' lang='lat' dir='ltr'><strong>aenigmaticos,</strong></span> <span class='ocrx_word' id='word_1_487' title='bbox 1106 5028 1210 5104; x_wconf 84' lang='lat' dir='ltr'><strong>pictos,</strong></span> <span class='ocrx_word' id='word_1_488' title='bbox 1230 5024 1436 5085; x_wconf 83' lang='lat' dir='ltr'><strong>Hermeticos.·</strong></span> <span class='ocrx_word' id='word_1_489' title='bbox 1460 5024 1534 5083; x_wconf 86' lang='lat' dir='ltr'><strong>Nam</strong></span> <span class='ocrx_word' id='word_1_490' title='bbox 1550 5040 1608 5082; x_wconf 94' lang='lat' dir='ltr'><strong>non</strong></span> <span class='ocrx_word' id='word_1_491' title='bbox 1625 5042 1689 5084; x_wconf 87' lang='lat' dir='ltr'><strong>esse</strong></span> <span class='ocrx_word' id='word_1_492' title='bbox 1704 5025 1888 5087; x_wconf 74' lang='lat' dir='ltr'><strong>mathemati·</strong></span> 
     </span>
     <span class='ocr_line' id='line_1_51' title="bbox 543 5108 1858 5194; baseline 0.002 -21"><span class='ocrx_word' id='word_1_493' title='bbox 543 5130 602 5191; x_wconf 89' lang='lat' dir='ltr'><strong>cos,</strong></span> <span class='ocrx_word' id='word_1_494' title='bbox 625 5113 712 5176; x_wconf 79' lang='lat' dir='ltr'><strong>facile</strong></span> <span class='ocrx_word' id='word_1_495' title='bbox 736 5120 781 5173; x_wconf 89' lang='lat' dir='ltr'><strong>est</strong></span> <span class='ocrx_word' id='word_1_496' title='bbox 803 5130 838 5173; x_wconf 83' lang='lat' dir='ltr'><strong>ex</strong></span> <span class='ocrx_word' id='word_1_497' title='bbox 861 5113 920 5173; x_wconf 92' lang='lat' dir='ltr'><strong>illis</strong></span> <span class='ocrx_word' id='word_1_498' title='bbox 943 5116 1001 5172; x_wconf 90' lang='lat' dir='ltr'><strong>tuis</strong></span> <span class='ocrx_word' id='word_1_499' title='bbox 1023 5112 1163 5191; x_wconf 84' lang='lat' dir='ltr'><strong>gradibus</strong></span> <span class='ocrx_word' id='word_1_500' title='bbox 1185 5114 1394 5192; x_wconf 80' lang='lat' dir='ltr'><strong>perfectionum</strong></span> <span class='ocrx_word' id='word_1_501' title='bbox 1418 5116 1447 5171; x_wconf 93' lang='lat' dir='ltr'><strong>in</strong></span> <span class='ocrx_word' id='word_1_502' title='bbox 1470 5123 1575 5172; x_wconf 87' lang='lat' dir='ltr'><strong>natura</strong></span> <span class='ocrx_word' id='word_1_503' title='bbox 1597 5108 1858 5194; x_wconf 73' lang='lat' dir='ltr'><strong>demonstr’are.⁸³)</strong></span> 
     </span>
    </p>
   </div>
   <div class='ocr_carea' id='block_1_3' title="bbox 0 0 2238 6192">
    <p class='ocr_par' dir='ltr' id='par_1_7' title="bbox 0 0 2238 6192">
     <span class='ocr_line' id='line_1_52' title="bbox 0 0 2238 6192; baseline 0 5"><span class='ocrx_word' id='word_1_504' title='bbox 0 0 2238 6192; x_wconf 95' lang='lat' dir='ltr'><strong> </strong></span> 
     </span>
    </p>
   </div>
  </div>
 </body>
</html>
