4467 6192
751 738 929 798 1166666166.
963 741 1048 800 liber
1063 743 1114 803 111.
1133 747 1222 817 caput
1238 749 1275 812 Π.
1622 771 1684 831 tta

348 909 475 981 sabran,
499 927 581 983 qnam
599 920 628 968 et
644 913 730 983 major
747 914 833 971 babet
849 914 885 971 aa
903 914 1039 973 minorem
1074 917 1153 988 Quot
1172 923 1242 980 enirn
1264 924 1292 982 in
1309 925 1362 983 bac
1377 930 1499 988 6666666
1521 939 1685 1005 geometrica

350 998 384 1046 est
398 992 535 1061 proportio
553 992 656 1066 eadem,
674 994 702 1050 id
720 995 749 1050 iu
766 1000 861 1048 nostra
878 994 999 1050 sectione
1016 999 1120 1056 musica
1138 1009 1180 1058 est
1197 1003 1313 1074 qualitas
1327 1007 1430 1074 eadem,
1447 1026 1517 1081 quas
1534 1029 1683 1074 consonan-

346 1070 390 1138 tia,
406 1071 608 1142 concordantia,
626 1073 815 1144 congruentia,
838 1071 979 1127 harmonia
996 1073 1101 1132 dicitnr.
1138 1080 1208 1136 Cave
1226 1090 1317 1140 nmen
1334 1087 1515 1147 subsumseris
1532 1108 1682 1154 consonan-

332 1146 401 1202 -tiam
416 1148 507 1217 specie
526 1149 654 1219 eandem,
672 1152 745 1205 sicut
761 1149 818 1205 illic
835 1150 974 1220 proportio
993 1158 1035 1206 eat
1053 1155 1139 1210 unica.

420 1227 535 1283 Veteres
553 1230 636 1298 buius
655 1229 782 1286 sectionis
800 1245 855 1284 non
873 1229 1051 1288 meminerunt
1067 1233 1120 1289 boc
1138 1243 1233 1306 sensu,
1259 1237 1323 1306 qula
1344 1255 1421 1298 veras
1444 1252 1681 1310 consonantiarum

347 1318 434 1358 cemes
452 1308 637 1378 nesciverunt3
656 1309 690 1364 de
707 1309 828 1379 ipaorntn
845 1323 909 1363 vero
928 1311 1046 1386 sectione
1064 1312 1181 1371 cbordae
1199 1331 1310 1385 agemus
1327 1321 1448 1380 inferius.

417 1379 648 1459 Propositio
670 1383 727 1442 IX.
772 1383 871 1444 Sectio
887 1383 1012 1445 obordac
1034 1388 1062 1445 in
1077 1397 1175 1465 partes
1191 1391 1263 1452 duas
1279 1397 1418 1471 aequales
1440 1408 1485 1460 ast
1502 1401 1679 1468 barmonIca.

416 1466 481 1518 ilem
504 1465 570 1533 quia
591 1470 683 1534 partes
705 1465 834 1535 aequales
861 1482 956 1521 sonum
979 1469 1063 1523 edunt
1087 1471 1201 1528 eundem
1230 1475 1268 1529 ln·
1286 1491 1340 1535 uns
1364 1479 1455 1551 aliqua
1483 1487 1606 1543 tensione
1630 1505 1679 1560 per

341 1541 436 1596 trione
452 1542 478 1612 2,
497 1549 557 1598 tota
574 1562 639 1600 raro
658 1553 699 1600 est
712 1545 879 1615 singularum
895 1545 988 1616 dupla,
1007 1553 1139 1604 consonet
1154 1551 1235 1620 igitur
1246 1553 1363 1611 identice
1435 1565 1438 1574 ’
1480 1583 1678 1644 015¹·

340 1635 393 1674 tum
416 1636 507 1675 earum
534 1637 709 1694 unaqueque,
738 1641 789 1694 per
813 1641 892 1695 prop.
914 1629 940 1681 1:
967 1633 1022 1682 tres
1048 1628 1130 1696 igitur
1159 1633 1360 1706 consonantiae,
1412 1589 1678 1709 k:

341 1713 414 1765 imre
429 1715 479 1768 par
496 1701 682 1760 definitionem
699 1706 802 1761 cbortls
820 1712 894 1760 secta
912 1712 953 1760 est
970 1704 1170 1778 harmonice.⁸)
1412 1705 1678 1768 π-θηῖ

1255 1830 1676 1858 -—'—·-···—·-———.

1359 1871 1676 1892 ffl—

1193 1925 1202 1956 ¹
1507 1938 1516 1972 ι

411 2019 631 2100 Prop'oaitio
652 2022 712 2083 X,
740 2023 840 2085 Sectio
863 2024 987 2087 cbordas
1011 2030 1040 2086 in
1063 2027 1138 2090 dnae
1153 2041 1265 2112 partes,
1295 2043 1490 2118 proportionis
1515 2043 1571 2105 tlu-
1646 2047 1653 2080 ¹

337 2105 403 2184 pise,
433 2117 478 2170 est
499 2110 678 2171 harmonica
1011 2125 1017 2131 '

410 2191 505 2248 Partes
521 2188 595 2249 enim
613 2193 694 2263 hujus
712 2195 895 2264 proportionis
919 2204 1072 2252 consonant
1091 2198 1208 2268 identice
1226 2220 1277 2274 per
1292 2223 1370 2278 prop.
1389 2213 1414 2269 1.
1426 2227 1570 2274 ,z
1588 2187 1601 2224 ⁸

338 2267 368 2322 st
382 2268 440 2338 qaia
457 2288 522 2340 pars
538 2274 626 2343 major
644 2282 686 2328 ert
703 2271 787 2343 dupla
804 2272 928 2339 minoris,
953 2281 1012 2330 tota
1027 2273 1110 2344 igitur
1127 2289 1170 2335 est
1194 2283 1276 2352 tripla
1293 2287 1412 2345 minoris.
1427 2285 1569 2410 ᾖ
1645 2297 1650 2406 Ι

336 2347 380 2401 list
394 2348 473 2417 igitur
490 2352 525 2407 acl
542 2354 690 2421 minorem,
714 2359 745 2407 ut
762 2351 880 2406 cuculus
898 2352 933 2408 ati
950 2362 1055 2423 partem
1072 2357 1206 2427 trigoniw
1224 2362 1422 2431 lateremoor·
1492 2401 1496 2417 ·
1556 2383 1559 2392 ’

336 2435 388 2492 tom,
404 2437 431 2484 at
446 2447 607 2503 consonam,
630 2448 680 2503 per
698 2431 869 2488 corollarium
887 2433 1011 2499 ultimum
1037 2436 1134 2506 capitit
1151 2441 1261 2508 prioris3
1284 2459 1368 2512 quaro
1386 2454 1415 2504 et

335 2504 388 2574 ipsa
401 2513 457 2564 tota
474 2510 548 2580 parti
566 2511 664 2566 minori
681 2526 802 2567 consona
819 2518 870 2580 est,
888 2517 1030 2582 perenn.
1068 2515 1205 2578 Qonsonat
1217 2521 1300 2591 igitur
1312 2535 1340 2582 et
1353 2528 1412 2596 ejus
1424 2551 1566 2668 Ε
1606 2477 1613 2760 ¹
1656 2521 1669 2556 ⁹

336 2584 434 2655 duplae,
456 2604 495 2645 ac
514 2591 639 2658 residuo,
663 2607 713 2662 per
729 2607 840 2662 propos.
859 2593 884 2648 l.
920 2592 989 2661 Tres
1005 2593 1090 2664 igitur
1110 2613 1161 2666 par
1178 2602 1246 2656 banc
1263 2605 1411 2662 sectionem

335 2668 513 2722 comonantiaa
530 2671 744 2740 constituuntur,
762 2684 827 2738 erqo
845 2677 896 2726 eto.

406 2774 620 2855 Propositio
642 2779 700 2839 XI.
745 2778 844 2840 baetin
867 2778 994 2841 chordae
1015 2783 1045 2839 in
1068 2783 1142 2845 <luas
1163 2795 1270 2865 partas,
1301 2799 1495 2870 proportionis
1516 2803 1564 2860 ip.
1638 2801 1647 2832 ¹

335 2866 369 2918 ter
387 2879 417 2921 sc
438 2865 560 2942 triplae,
584 2876 629 2928 est
650 2868 828 2928 hamontca
1049 2879 1054 2891 ‘
1582 2905 1596 2938 a
1623 2799 1627 2974 4

406 2943 473 3001 llam
492 2949 556 3016 quin
574 2958 666 3019 partes
685 2954 697 3006 t
718 2956 746 3004 et
763 2950 779 3006 3
797 2955 862 3004 suat
880 2948 915 3003 ad
927 2949 1040 3007 Invicem
1058 2961 1090 3009 ut
1106 2969 1170 3024 para
1183 2957 1276 3013 circuli
1288 2975 1408 3020 consona
1422 2983 1544 3028 ζ

334 3020 360 3074 etl
374 3030 464 3096 totum,
482 3032 673 3087 consonabunt
689 3037 717 3086 et
735 3030 811 3099 Ipsae
828 3023 900 3085 inter
916 3045 959 3092 se,
982 3047 1033 3101 per
1050 3047 1093 3086 ar.
1112 3035 1136 3088 5.
1173 3035 1210 3088 Et
1229 3033 1291 3104 qnia
1311 3041 1406 3098 feti
1508 3043 1544 3099 ἐξ

333 3101 422 3158 Itciunt
437 3106 463 3175 4,
481 3111 574 3176 parat
594 3125 656 3165 cum
673 3113 732 3164 toto
749 3109 767 3162 t
784 3107 945 3164 consonabit
962 3123 1013 3177 per
1029 3110 1163 3166 morosi
1184 3121 1213 3168 et
1228 3130 1278 3183 per
1288 3132 1366 3188 prop.
1380 3121 1404 3185 3,
1536 3127 1544 3135 '

404 3185 527 3257 Denique
551 3189 617 3258 qnia
639 3187 777 3244 residuum
801 3187 817 3242 3
844 3194 976 3266 consonat
1001 3203 1062 3243 cnm
1086 3197 1164 3257 parte
1189 3192 1216 3260 1,
1248 3197 1407 3254 consonabit

333 3261 400 3317 etiam
416 3280 477 3320 cnm
495 3265 555 3336 ejus
573 3267 726 3338 quadruplo
743 3269 769 3337 4,
787 3282 825 3323 sc
843 3282 905 3322 cum
922 3273 982 3324 tota
993 3267 1103 3325 chorda
1139 3267 1229 3339 Quare
1247 3273 1331 3332 ethic
1348 3267 1560 3440 6666ὶέἑὲ
1599 3230 1606 3510 1

1525 3365 1559 3434 t:

332 3348 385 3395 rmt
398 3349 596 3401 wmonantina.

301 3505 305 3510 ’
402 3522 615 3600 PropositIo
637 3521 712 3583 XII.
765 3522 863 3584 Sestio
894 3524 1019 3587 chordae
1047 3529 1077 3586 ln
1111 3526 1185 3590 duas
1218 3539 1329 3609 partes,
1362 3545 1558 3624 proportionis

401 3693 469 3749 Nam
487 3696 552 3764 quia
567 3701 660 3764 partes
678 3700 742 3748 aunt
759 3694 957 3768 inquadruple
969 3711 1057 3765 prop,
1077 3705 1227 3754 consonant
1238 3697 1320 3771 igitur
1331 3704 1402 3763 iuter
1415 3724 1556 3794 ζῇ
1575 3760 1587 3794 ⁶

331 3786 354 3824 re
367 3772 488 3845 identice,
518 3789 568 3845 per
583 3788 660 3844 prop.
678 3772 703 3842 3,
727 3779 754 3827 ct
772 3774 836 3843 quia
853 3778 868 3831 1
893 3784 922 3831 et
938 3771 1070 3830 {faciunt
1088 3777 1118 3844 5,
1144 3793 1207 3845 ergo
1225 3796 1288 3848 pars
1309 3785 1318 3837 l
1340 3801 1400 3841 cum
1487 3799 1556 3811 ’-

330 3857 376 3905 tota
391 3855 406 3908 5
424 3859 564 3921 consonat,
581 3867 632 3921 per
649 3853 755 3906 axioma
773 3857 797 3908 l.
816 3858 845 3910 et
862 3855 1032 3910 corollarium
1056 3855 1165 3911 (lictum.
1201 3858 1292 3926 Quare
1309 3870 1367 3919 tota
1384 3867 1400 3922 5

331 3939 443 3987 consonat
463 3930 546 3985 etiam
571 3945 631 3984 cum
653 3929 739 4000 portis
764 3935 776 3987 1
805 3932 956 4003 quadrupla
974 3935 1004 3999 l,
1030 3949 1080 4005 per
1103 3950 1144 4003 pr.
1163 3936 1187 3990 4,
1224 3935 1290 3992 Tres
1317 3939 1400 4010 Igitur

334 3606 394 3670 bier
414 3628 444 3670 aa
467 3609 663 3688 quadruplae,
686 3618 730 3670 est
753 3610 931 3680 harmonica.
1617 3544 1621 3652 Ι
1630 3583 1658 4010 ¹⁸

329 4003 384 4063 int
400 4010 596 4065 consonantiae.
633 4010 707 4079 Ergo
726 4017 777 4067 etc

399 4159 613 4239 Propositio
636 4163 725 4223 XIII.
771 4162 869 4224 Sectio
901 4161 1025 4226 chordae
1053 4166 1084 4224 in
1111 4159 1185 4226 duas
1212 4179 1325 4250 partes,
1356 4068 1553 4258 propurga.
1592 4184 1616 4291 ,1

328 4244 388 4306 inter
408 4266 437 4309 se
461 4249 649 4327 quintuplae,
674 4258 718 4311 est
739 4251 937 4311 harmonica
1030 4262 1034 4271 ‘
1337 4261 1340 4268 '

398 4331 463 4386 llam
482 4332 546 4401 quia
562 4350 627 4403 pars
645 4341 687 4389 eat
707 4337 728 4403 1,
747 4334 886 4389 residuum
904 4334 934 4405 b,
952 4332 1055 4389 babent
1071 4333 1154 4402 igitur
1167 4341 1380 4417 proportionem,
1402 4365 1482 4418 quam
1501 4355 1551 4410 cir.
1593 4295 1597 4399 Ι

327 4405 390 4464 cnut
406 4417 477 4465 totus
504 4411 539 4466 ad
556 4419 662 4481 partem
684 4423 891 4483 consonantem,
914 4430 965 4483 per
983 4429 1025 4468 ax.
1046 4416 1069 4469 l.
1096 4421 1124 4468 et
1147 4417 1318 4474 corollarium
1409 4451 1498 4504 4„

327 4484 418 4542 iitttnn.
451 4489 541 4557 Quare
560 4497 587 4545 et
603 4491 679 4560 ipssa
697 4492 768 4546 inter
785 4508 815 4545 se
834 4507 969 4547 consonae
988 4499 1063 4564 sunt,
1083 4508 1139 4564 ,per
1156 4509 1199 4548 ax.
1219 4495 1244 4550 5.
1280 4497 1318 4552 lit
1355 4465 1497 4556 35:
1640 4539 1653 4574 ,

328 4565 378 4630 qnia
392 4572 482 4636 pust
508 4584 570 4623 cnm
586 4569 696 4625 residuo
716 4572 731 4624 5
755 4569 821 4624 lacit
844 4572 975 4641 btotnm,
998 4573 1081 4642 igitur
1103 4581 1162 4644 (per
1180 4590 1223 4629 ax.
1246 4579 1269 4632 1.
1289 4583 1318 4652 et
1355 4531 1496 4655 ffff-T:
1568 4609 1580 4645 ρ

327 4645 485 4709 nullatum)
509 4664 574 4718 pars
591 4651 614 4724 1x
626 4656 759 4705 consonat
780 4665 840 4704 cum
862 4654 921 4704 toto
939 4651 964 4706 6.
999 4651 1037 4706 Et
1055 4652 1118 4721 quia
1143 4650 1279 4708 residuum
1299 4657 1314 4711 5

327 4729 359 4775 tat
372 4725 404 4779 etl
420 4736 542 4794 quartam
564 4733 670 4797 partem
694 4728 728 4783 de
746 4735 805 4782 toto
823 4727 923 4783 circulo
943 4729 959 4785 6
983 4729 1099 4800 (scilicet
1122 4729 1156 4785 ad
1181 4730 1213 4800 ll
1232 4729 1314 4800 bnjus
1407 4759 1547 4771 ———

327 4795 456 4872 6666666)
474 4812 505 4860 ut
522 4804 639 4860 circulus
656 4811 731 4861 totns
750 4807 783 4862 10
800 4804 957 4876 stipantem
980 4823 1127 4866 consonant
1145 4807 1176 4872 6,
1203 4823 1253 4878 per
1269 4825 1313 4864 co·
1352 4763 1548 4934 ξ

326 4877 455 4953 olbnun,
481 4899 565 4952 quare
593 4891 621 4940 et
645 4883 818 4940 residuumb
845 4899 906 4938 cum
932 4892 990 4941 toto
1018 4887 1035 4942 6
1061 4883 1232 4955 consonabit,
1263 4901 1323 4958 per,
1353 4893 1435 4912 -*··
1513 4858 1526 4926 ὓ

326 4971 387 5028 prop.
403 4965 428 5017 t.
457 4963 510 5017 Vel
528 4963 601 5033 quod
619 4962 713 5033 eodem
731 4962 813 5026 redit.
838 4963 902 5032 qnia
919 4965 1058 5020 residuum
1075 4966 1092 5020 5
1111 4969 1154 5018 est
1175 4963 1210 5018 ad
1228 4965 1309 5021 totius
1332 4966 1426 5024 circuli
1443 4970 1459 5027 6
1477 4969 1589 5043 duplum
1609 4973 1650 5038 12,

326 5043 350 5088 rt
369 5054 427 5106 pers
449 5057 567 5098 consona
592 5041 627 5096 ad
652 5051 755 5109 totum,
781 5057 832 5112 per
854 5042 1036 5108 corollarium,
1062 5057 1147 5112 quare
1170 5049 1198 5096 ot
1221 5042 1273 5099 hoc
1293 5045 1467 5104 residuumb
1492 5049 1651 5107 consonabit

362 5195 463 5249 ’illatae
474 5211 503 5242 ax
513 5201 600 5242 manca
612 5205 691 5244 suma
703 5202 789 5243 aaut·
803 5199 962 5252 mauman
975 5209 1006 5242 ar
1019 5199 1178 5251 aequantibus,
1193 5209 1261 5246 66666
1273 5205 1353 5257 captas
1366 5203 1482 5251 Milone.
