4467 6192
936 694 1077 764 Apologia.
1594 647 1606 664 Ἴ
1619 691 1679 753 441

336 868 450 930 lioveri
473 870 572 931 Solem
597 874 673 932 circa
696 869 832 951 eorporis
848 892 932 934 axem
956 873 1144 949 immobilem,
1161 872 1262 934 oeulis
1282 878 1374 950 patet,
1397 869 1449 931 sed
1471 866 1685 931 astronomicis.

333 958 395 1017 Non
426 966 525 1019 umen
554 961 579 1018 is
602 958 644 1017 illi
667 969 764 1019 motus
795 964 873 1021 inest
902 962 940 1021 ob
963 963 1096 1037 luminis,
1130 980 1218 1039 qnam
1242 960 1444 1032 incelebres,
1478 956 1682 1038 mobilitatem,

333 1064 397 1105 narn
431 1046 479 1105 bio
501 1054 597 1106 motus
620 1046 737 1107 luminis
761 1057 805 1109 est
836 1053 899 1110 sine
922 1058 1066 1127 tempore,
1101 1052 1164 1110 veri
1184 1056 1281 1109 motus
1304 1057 1373 1110 sunt
1396 1049 1428 1107 in
1449 1052 1589 1121 tempore.
1636 1041 1683 1102 Ad

332 1142 441 1192 motum
464 1151 535 1193 vero
551 1137 661 1195 *ceteris
684 1134 810 1212 planetis
833 1137 1021 1197 inserendum
1045 1155 1120 1215 opus
1144 1155 1210 1197 esse
1226 1136 1289 1196 Soli
1311 1143 1391 1196 motu
1413 1133 1523 1211 proprii
1542 1134 1682 1207 corporis,

333 1221 359 1280 id
392 1230 437 1280 est
466 1221 636 1299 dogmatum
667 1241 757 1283 unum
789 1224 883 1286 dietae
919 1226 1079 1302 Epitomes.
1134 1224 1245 1285 Terras
1273 1230 1390 1284 metum
1417 1229 1452 1282 tu
1473 1220 1616 1298 restincti
1648 1222 1695 1282 s'ss.

330 1310 455 1386 physico
482 1316 615 1369 auctoru
645 1310 867 1371 Maerocossni?
921 1313 960 1371 At
991 1313 1113 1374 eundem
1144 1329 1200 1390 ego
1229 1312 1349 1371 Terrae
1365 1316 1477 1369 motum
1508 1306 1623 1367 defendi
1654 1307 1683 1363 in

333 1397 467 1472 lip'rtome
491 1395 638 1457 doctrinae
661 1398 831 1475 sphaericae
854 1400 1004 1475 diurnum,
1040 1403 1069 1459 io
1091 1401 1167 1461 libro
1191 1406 1252 1470 etus
1276 1398 1329 1459 lV.
1352 1396 1513 1477 (doetrinae
1533 1394 1682 1453 theoricae

332 1482 434 1572 primo)
458 1502 596 1547 mnarum.
642 1482 827 1547 contendant
857 1490 934 1548 inter
963 1506 995 1549 se
1016 1489 1083 1550 libri
1106 1490 1211 1561 nonni,
1242 1485 1376 1563 judicent
1397 1501 1467 1543 rero
1492 1487 1681 1559 spectatores,

331 1572 357 1629 id
382 1554 427 1630 es't
450 1570 610 1631 lectores(
627 1573 751 1634 Falleris
766 1582 863 1636 tammr
887 1578 911 1635 si
926 1586 1023 1652 putas,
1047 1584 1147 1654 erepto
1162 1575 1234 1634 mibi
1249 1574 1356 1633 Terrae
1372 1578 1449 1633 motu
1469 1570 1573 1630 eadere
1587 1585 1682 1627 meam

332 1658 540 1734 Harmoniam·
572 1659 684 1720 scilieet
713 1678 773 1721 non
800 1661 896 1737 legisti
926 1682 963 1725 ne
987 1666 1105 1723 titulum
1129 1662 1245 1735 quidem
1273 1660 1341 1720 libri
1367 1660 1474 1736 quinti,
1510 1658 1559 1715 ubi
1582 1662 1682 1733 aperte

331 1760 446 1820 moneo,
470 1755 503 1805 ut
526 1754 557 1805 et
578 1764 642 1824 cap.
668 1750 695 1807 3.
721 1749 772 1808 iol.
796 1752 868 1823 275,
892 1759 988 1811 stante
1012 1755 1100 1812 etiarn
1123 1750 1231 1810 Brabci
1254 1750 1409 1820 sententio,
1433 1748 1480 1805 cui
1500 1744 1592 1805 Terra
1612 1751 1681 1816 stat,
1797 1772 1801 1777 =

270 1903 276 1916 Ι
332 1834 430 1893 valere
452 1834 636 1893 harmonicas
659 1835 930 1911 demonstrationes,
956 1856 1028 1915 quas
1052 1838 1153 1899 doceo.
1199 1838 1285 1913 Piget
1307 1834 1424 1895 undem
1451 1839 1495 1893 tot
1516 1829 1683 1890 contradic-

331 1925 445 1981 tionnm
468 1923 675 1983 faciendarum.
719 1924 796 1989 Nam
819 1925 888 2001 quid
913 1928 1033 1986 interest
1054 1924 1133 2005 (pag.
1150 1922 1217 2004 20),
1241 1930 1388 2000 qnantum
1404 1922 1618 1996 superaspersa
1640 1918 1683 1977 od

329 2011 525 2085 lamnasque
547 2009 635 2084 diem,
660 2013 710 2086 qui
733 2014 940 2074 astronomiam
965 2016 1083 2091 insuper
1112 2013 1222 2074 babere
1251 2012 1352 2071 interis
1381 2011 1527 2083 etiamque
1550 2012 1681 2066 conmm-

330 2098 395 2155 sisti
418 2096 529 2174 supra?
573 2097 685 2157 Ternos
708 2098 832 2159 circulos
847 2116 902 2177 ego
917 2118 975 2161 non
999 2104 1071 2179 ipsis
1093 2102 1222 2161 motibus
1243 2098 1415 2175 periodiols,
1437 2095 1489 2157 sed
1512 2094 1681 2171 regionibus

331 2187 467 2260 assigno,
490 2182 567 2244 intra
590 2198 669 2262 quas
687 2190 855 2247 cairoentur
883 2194 989 2249 motus.
1035 2190 1112 2265 Ergo
1136 2205 1237 2247 rmum
1266 2187 1314 2246 bic
1337 2184 1436 2247 dixisti
1460 2200 1513 2260 per
1535 2181 1680 2255 accidens,

331 2273 427 2330 orbita
457 2270 592 2348 planetae
624 2273 756 2377 aequalis
769 2276 831 2333 'est
862 2274 969 2335 circulo
996 2278 1124 2353 regionis
1146 2294 1218 2337 sarae
1246 2273 1359 2348 medio,
1389 2270 1549 2346 cademque
1571 2286 1591 2329 a
1612 2267 1681 2329 Sole

329 2366 373 2417 est
397 2364 569 2419 eccentrioa.
615 2360 652 2419 Et
675 2361 827 2437 quiajam
849 2366 995 2428 excusasti
1019 2371 1101 2423 tuem
1124 2364 1161 2423 ab
1185 2364 1364 2423 astronomia
1385 2367 1486 2419 nosue
1511 2358 1681 2434 peregrine·

328 2449 448 2520 tionem,
473 2450 581 2524 quippe
605 2449 632 2503 in
657 2446 745 2507 aliam
767 2450 821 2509 tibi
844 2452 887 2509 sic
910 2450 1033 2516 dictam
1041 2454 1259 2523 astronomiam,
1281 2456 1314 2509 nt
1330 2456 1428 2509 tamen
1450 2445 1512 2507 tolo
1532 2444 1586 2504 tibi
1608 2461 1681 2536 snp-

327 2542 432 2610 petent
453 2536 483 2592 in
508 2543 716 2609 astronomum,
740 2537 898 2611 transfugis
920 2540 1009 2611 igitur
1032 2539 1069 2598 ad
1092 2539 1263 2616 theologos,
1281 2537 1390 2613 jubens
1412 2552 1461 2595 me
1482 2550 1517 2593 ex
1539 2517 1682 2607 scriptura
1746 2572 1754 2581 -

326 2624 462 2697 probare,
486 2620 574 2703 qnod
590 2622 672 2681 Deus
696 2630 807 2682 mentor
829 2625 976 2685 coelorum
1007 2644 1158 2687 numerum
1187 2645 1222 2687 ax
1246 2626 1376 2701 quiesque
1400 2621 1570 2699 corporibus
1591 2637 1682 2695 regu

327 2710 440 2768 laribus
464 2708 653 2785 desumssritp
682 2712 739 2769 nisi
762 2712 883 2785 taciem,
907 2730 964 2772 non
987 2722 1018 2773 tu
1042 2715 1113 2773 mihi
1138 2714 1250 2781 credes
1263 2712 1320 2773 boc
1341 2710 1491 2772 asserenti.
1537 2708 1617 2783 Ego,
1641 2708 1681 2765 mi

326 2796 473 2870 Roberte,
506 2799 532 2855 si
555 2803 583 2856 te
605 2798 727 2861 scissem
759 2816 795 2859 ea
825 2756 883 2861 boi
903 2800 969 2861 loeo
1001 2810 1214 2879 pugnaturum,
1248 2798 1337 2917 plane
1362 2813 1420 2858 nou
1443 2797 1681 2872 comparuissem,

328 2883 411 2960 qnod
434 2901 494 2943 rano
517 2885 606 2945 verbo
630 2885 739 2947 dictum
762 2894 833 2947 esto.

413 2971 481 3032 Non
506 2971 613 3032 desinis
634 2991 681 3033 ms
703 2991 834 3050 gravmo,
857 2992 904 3035 me
927 2976 1133 3037 consonantias
1155 2975 1322 3035 barmoniae
1341 2989 1426 3033 meas
1446 2970 1583 3032 coelestis
1597 2967 1681 3029 oedi-

296 3082 303 3105 ο
323 3060 414 3121 ficare
430 3078 518 3137 snper
532 3063 735 3137 proportiones
749 3060 851 3119 borum
868 3061 995 3141 quinque
1011 3080 1173 3139 corporum.
1213 3064 1310 3139 Atque
1330 3059 1402 3119 nibil
1417 3058 1487 3119 illae
1502 3059 1681 3117 minuerunt

326 3166 416 3224 qnam
439 3146 634 3221 harmonicae,
658 3154 781 3224 excepta
804 3149 984 3210 tetraidrica.
1030 3152 1213 3226 cognatione
1236 3148 1353 3226 qnidam
1367 3148 1469 3222 aliqua
1487 3145 1554 3203 lara
1576 3144 1680 3220 probo

325 3235 402 3294 trabi
419 3242 515 3294 certes
530 3233 697 3295 barmoniae
713 3253 731 3294 a
746 3238 833 3295 certis
843 3236 987 3313 figuriss
974 3256 1036 3314 Jam
1052 3244 1140 3297 antea
1154 3240 1229 3296 inter
1243 3238 1328 3297 orbos
1343 3234 1530 3311 interpositis,
1547 3239 1578 3292 at
1592 3233 1679 3307 ipsis·

323 3324 401 3380 sima
426 3323 456 3379 in
479 3320 631 3381 individuo
653 3325 804 3400 proportio
826 3326 921 3385 causis
944 3325 1045 3385 nititur
1067 3326 1155 3401 longe
1176 3313 1319 3402 pluribus.
1364 3323 1431 3381 Non
1453 3319 1593 3389 attulisti,
1617 3319 1681 3377 llo·

322 3411 426 3479 berta,
452 3416 565 3468 tanturn
589 3410 759 3485 diligentiae
781 3411 818 3471 sd
841 3411 996 3495 legendum
1018 3414 1125 3472 librum
1148 3431 1245 3471 meum
1267 3412 1304 3485 V,
1335 3417 1447 3487 quanta
1468 3409 1605 3468 convenit
1627 3405 1691 3483 itti,

322 3498 375 3572 qni
409 3496 491 3556 bano
513 3496 578 3557 vnit
608 3498 790 3573 convellere3
825 3517 914 3575 quara
948 3503 1143 3575 praestitisset
1162 3508 1203 3560 -te
1231 3500 1267 3561 de
1289 3500 1400 3576 ignotis·
1430 3497 1575 3571 mouisse,
1608 3496 1682 3571 quia
1746 3542 1751 3549 .

323 3583 428 3646 honor
452 3600 510 3643 non
533 3602 628 3657 mens,
652 3584 703 3645 sed
726 3590 864 3646 creatoris
886 3590 991 3661 agitur.
1149 3624 1153 3629 -

417 3671 471 3731 Ad
496 3672 676 3749 Analysin
700 3672 787 3732 Xlll.
834 3674 1041 3735 aliodrense
1065 3693 1147 3734 meus
1169 3676 1271 3744 texuit,
1296 3671 1376 3731 aliud
1398 3671 1528 3749 analysis
1543 3676 1595 3728 tua
1617 3668 1679 3727 dis·

321 3759 446 3821 solvere
478 3760 653 3836 aggreditur.
699 3760 793 3837 Super
822 3764 919 3822 causis
949 3764 1217 3835 consonantiarum,
1250 3778 1308 3819 non
1336 3760 1400 3835 iam
1421 3774 1509 3835 super
1529 3758 1679 3818 coneinnts

320 3849 469 3919 minimis,
493 3866 559 3908 eum
583 3848 731 3908 veteribus
749 3849 825 3907 mibi
848 3853 1063 3909 contentionem
1088 3867 1153 3909 esse
1175 3849 1249 3921 diri,
1273 3846 1368 3923 deque
1390 3848 1426 3907 iis
1443 3854 1478 3905 te
1500 3863 1537 3904 ne
1561 3843 1678 3919 nunidem

320 3938 468 4011 cogitare,
493 3934 567 3995 adeo
590 3954 690 3995 verum
713 3934 781 4008 dixi,
805 3943 838 3995 ut
860 3926 947 3997 etiam
971 3955 1016 3997 me
1040 3936 1075 3996 de
1098 3938 1136 3995 iis
1153 3927 1235 3995 'elane
1259 3935 1401 3996 dicentem
1423 3933 1600 4009 nequidem
1624 3947 1679 3989 ex-

318 4023 449 4094 audias,
471 4022 629 4099 respondes
653 4024 729 4082 enim
752 4022 788 4083 de
811 4025 959 4085 concinnis
982 4023 1122 4097 dissonis,
1142 4040 1208 4081 non
1233 4022 1269 4081 de
1292 4024 1498 4082 consonantiis.
1545 4023 1608 4095 Age
1631 4027 1679 4076 ta·
1746 4070 1752 4083 ,
1856 4070 1861 4089 ,

319 4128 402 4183 men,
427 4112 608 4185 pensitamus
630 4112 717 4172 eriam
740 4109 800 4185 illa,
825 4128 900 4187 qnae
922 4113 976 4170 abs
999 4118 1027 4172 te
1052 4110 1177 4172 deortu
1199 4112 1496 4170 concinnatumsunt
1517 4108 1604 4176 dien.

413 4196 506 4257 Recta
535 4197 643 4256 formas
670 4215 765 4258 meam
799 4201 1000 4275 negationem:
1033 4195 1196 4259 intervallis
1225 4200 1361 4258 masonis
1383 4198 1590 4277 nonpositsm
1613 4210 1678 4253 esse

317 4300 513 4343 communem
536 4301 701 4345 mensuram
725 4285 913 4347 numeralem.
963 4288 1166 4347 strationem
1189 4288 1306 4347 unicam
1336 4302 1423 4345 ame
1452 4284 1595 4361 prolatam
1624 4281 1679 4351 ais,

315 4389 403 4449 qnae
424 4372 502 4430 ratio
526 4378 622 4430 tamen
644 4389 702 4431 non
727 4381 780 4432 cst.
824 4372 891 4433 Hoo
911 4375 1033 4434 voluisti
1057 4374 1162 4447 dicere,
1184 4382 1214 4435 te
1231 4382 1347 4451 praeter
1361 4375 1476 4431 unicam
1498 4370 1579 4429 illam
1594 4368 1678 4429 simi-

313 4458 496 4530 litudinem,
528 4458 567 4519 ¹de
589 4460 762 4535 pusionibus
785 4460 931 4523 bominem
954 4463 1208 4539 componentibus,
1238 4461 1312 4520 nibil
1333 4458 1504 4532 intelligere.
1549 4456 1678 4515 Ratioa

312 4564 365 4607 nse
392 4544 477 4611 diets
498 4544 573 4605 baec
595 4554 652 4605 est:
666 4574 669 4581 ¹
683 4550 886 4625 proportiones
909 4549 984 4611 inter
1006 4568 1037 4611 se
1061 4567 1120 4609 non
1141 4549 1317 4627 multiplices
1340 4553 1410 4606 sunt
1430 4546 1679 4610 incommensura-

311 4632 409 4707 biles,
434 4632 592 4694 intervalla
616 4651 745 4702 consona
768 4642 835 4694 snat
856 4640 1059 4712 proportiones
1087 4638 1162 4695 inter
1184 4654 1217 4695 ss
1241 4654 1300 4695 non
1323 4632 1511 4708 multiplices,
1543 4639 1678 4708 praeter-

310 4739 416 4799 quam
443 4720 597 4781 intervalla
619 4720 779 4796 diapason,
812 4740 881 4799 ergo
905 4722 1059 4784 intervalla
1081 4740 1209 4783 consona
1239 4730 1353 4798 praeter
1376 4719 1518 4797 diapason
1540 4724 1609 4779 sant
1630 4720 1678 4776 in·

310 4806 616 4871 commensurabilia.
660 4808 743 4869 Haeo
766 4812 840 4869 ratio
864 4813 1025 4871 invictas
996 4820 1056 4882 est,
1090 4826 1180 4885 qnare
1202 4809 1274 4867 nibil
1297 4805 1417 4911 impedit
1448 4806 1494 4865 vel
1520 4806 1675 4879 ,anicam“

309 4914 396 4959 esse.
450 4895 552 4970 Neque
566 4902 672 4957 tamen
695 4898 762 4956 hinc
785 4896 881 4955 solum
902 4897 1010 4973 iniero,
1034 4912 1164 4963 consona
1186 4895 1334 4955 concinnis
1355 4910 1420 4952 esse
1442 4900 1549 4953 natnra
1569 4895 1676 4972 priora.
1750 4886 1763 4899 “

307 4972 395 5048 lierni
426 4984 513 5041 etlam
537 4990 668 5043 veteram
692 4984 800 5061 aliqui,
831 4985 881 5059 qui
904 4940 1109 5043 conscientias
1139 5000 1203 5043 esse
1231 4982 1539 5042 incommensurabiles
1569 4998 1676 5057 negsre

307 5092 376 5134 non
404 5078 566 5149 poterant,
587 5072 730 5132 concinna
751 5078 856 5131 natura
878 5072 974 5147 priora
996 5072 1135 5131 iecerunt
1179 5070 1238 5131 Sed
1259 5070 1334 5131 baec
1352 5074 1401 5133 est
1432 5068 1572 5130 illationis
1593 5076 1677 5129 mete

307 5174 426 5233 eausa,
450 5160 522 5235 'quia
543 5174 681 5235 consona,
704 5166 738 5219 ut
759 5158 939 5219 diatesseron
965 5153 1021 5244 is„
1045 5156 1182 5237 diapente
1197 5153 1255 5243 Ἃ,
1277 5164 1474 5219 monebantur
1494 5173 1547 5235 per
1568 5158 1677 5235 figeres
