4467 6192
552 670 614 731 414
1016 662 1183 735 appendicis
1200 662 1422 720 Harmonicorum

549 840 677 903 Materia
710 840 918 907 declarationis
949 850 1018 903 tuae
1048 860 1210 921 sensusque
1237 854 1306 909 sunt
1336 847 1513 922 increpantis
1545 846 1663 921 potius,
1699 854 1733 905 ιιι
1759 847 1786 904 si
1813 862 1890 923 quem
1967 853 1968 900 l

548 930 635 1005 juxta
662 937 692 989 te
715 932 920 989 consistentem
944 932 973 986 iu
996 930 1130 1007 publico,
1161 950 1216 992 nec
1239 934 1360 993 verbum
1382 934 1592 1010 preferentem,
1624 933 1722 994 verbis
1743 933 1891 1009 profligare
1967 967 1968 980 ι

549 1016 674 1094 locoque
695 1017 805 1094 pellere
827 1016 1096 1077 stomachabundus
1124 1022 1301 1080 annitereris.
1347 1020 1380 1079 In
1403 1019 1518 1098 pulpito
1549 1038 1595 1079 me
1618 1024 1813 1080 coustitutum
1833 1022 1889 1079 exi·
1967 1063 1968 1070 ι

549 1106 714 1179 stimabam,
738 1104 807 1165 dum
829 1120 903 1180 opus
926 1103 1136 1165 Harmonieum
1158 1108 1254 1167 scribo
1277 1111 1585 1186 comparationemque
1607 1108 1638 1166 in
1658 1108 1716 1167 tina
1738 1109 1889 1183 subjungo,

549 1203 581 1251 ιιι
604 1210 671 1252 ιιιι
693 1210 740 1252 me
762 1191 801 1251 ad
823 1208 935 1251 morum
958 1208 1109 1253 censuram
1134 1212 1232 1255 vocas.
1276 1194 1473 1256 Resdondeho
1489 1194 1624 1272 equidem
1640 1195 1679 1253 ad
1694 1196 1825 1271 objecta,
1847 1194 1891 1253 sed

549 1279 736 1357 deponito,
767 1278 839 1338 illud
866 1279 1005 1339 honestas
1035 1282 1179 1359 postulat,
1212 1282 1268 1341 lroc
1290 1285 1426 1360 aequitas
1453 1286 1602 1359 permittit
1648 1282 1759 1341 Censes
1791 1300 1892 1341 errores

496 1413 499 1431 .
551 1384 698 1446 quemque
720 1384 789 1426 auos
812 1383 869 1425 uon
892 1377 970 1427 recte
993 1368 1145 1429 obducere
1164 1369 1294 1429 colorum
1317 1370 1497 1431 diversorum
1521 1370 1717 1444 obscuritate;
1742 1370 1848 1428 duram
1868 1372 1892 1426 in

547 1454 608 1527 his,
639 1456 690 1532 qui
711 1454 784 1514 talia
805 1453 929 1528 audent,
957 1458 1093 1531 agnoscis
1115 1457 1239 1515 frontem
1261 1465 1350 1532 atque
1373 1457 1524 1517 audacem.
1569 1456 1733 1517 Laudabile
1762 1458 1892 1515 nimimm

549 1541 605 1601 lroc
634 1550 678 1601 est
705 1543 821 1601 initium
852 1558 991 1601 masuras
1013 1551 1097 1617 tuae,
1131 1551 1263 1620 promtus
1291 1561 1400 1605 annuo.
1445 1545 1539 1604 Facta
1566 1544 1615 1605 vel
1643 1548 1753 1623 scripta
1782 1548 1893 1621 propria

548 1646 640 1706 negas
663 1628 831 1689 extollenda
853 1647 905 1706 per
928 1628 1100 1707 philantiam
1124 1649 1290 1707 raramque
1312 1632 1452 1708 gloriam:
1476 1632 1634 1691 adsentior.
1679 1631 1767 1691 Vitia
1780 1631 1893 1708 publica

551 1734 616 1775 eum
647 1720 820 1777 auctoritate
850 1726 947 1775 taxas:
982 1718 1102 1777 interest
1131 1718 1266 1795 publice,
1300 1727 1333 1778 ut
1354 1727 1384 1779 te
1409 1736 1476 1779 cum
1503 1715 1808 1794 juventus'atudrosa
1838 1728 1892 1777 tum

549 1806 703 1883 scriptores
734 1822 835 1864 omues
862 1803 993 1865 audiant.
1038 1804 1175 1881 iniquum
1199 1821 1315 1881 censes,
1344 1802 1521 1884 quemquam
1547 1824 1580 1867 se
1601 1808 1712 1883 populo
1743 1805 1892 1865 venditare

547 1909 598 1967 per
627 1891 726 1951 laudis
755 1891 875 1952 alterius
906 1889 1109 1956 detrimentum
1146 1894 1346 1971 honestaeque
1377 1894 1473 1955 ianuae
1505 1893 1737 1970 depressionem,
1773 1910 1890 1969 operum
1967 1961 1968 1978 χ

545 1982 704 2055 praeconia
726 1994 846 2039 suorum
867 1993 919 2055 per
939 1979 1064 2039 aliorum
1087 1980 1262 2055 injurias-et
1284 1981 1410 2040 dedecus
1436 1980 1610 2059 orelulusts
1625 1981 1818 2041 ebucciaare:
1841 1984 1892 2039 ini·
1967 1981 1968 1984 ’

547 2069 719 2142 quissimum
761 2066 816 2126 hoc
846 2066 964 2125 omnino
995 2076 1025 2127 et
1045 2070 1208 2146 praeceptis
1236 2068 1344 2127 divinis
1372 2069 1564 2145 humanisque
1592 2070 1780 2129 contrarium.
1828 2068 1893 2128 Non
1967 2055 1968 2066 ¹

545 2154 799 2229 praeripientem
825 2153 983 2213 ιιιιοιῶιι
1005 2154 1159 2227 jndieimn
1189 2156 1225 2215 de
1252 2149 1338 2214 libris
1358 2154 1444 2215 editis
1472 2172 1493 2215 ιι
1522 2154 1776 2232 damnabas:
1809 2156 1893 2231 plane

546 2245 668 2319 iuquam
697 2241 754 2301 hoc
776 2250 875 2301 vetare
902 2241 1014 2317 justum
1042 2252 1234 2322 sanctumque
1263 2254 1316 2303 est.
1349 2242 1517 2322 Scripsisse
1540 2252 1585 2315 te,
1620 2245 1678 2316 ais,
1712 2240 1891 2319 simpliciter,

546 2331 672 2403 elucere,
705 2328 835 2388 voluisse
862 2327 978 2405 placere
1005 2321 1131 2407 poprdo:
1160 2325 1260 2399 lando.
1304 2326 1403 2419 liugas
1430 2341 1461 2390 ιι
1483 2347 1650 2408 quenquam
1679 2330 1818 2400 clanculo
1848 2330 1891 2388 vel

548 2425 648 2493 aperte
671 2419 868 2495 vituperasse:
892 2425 1045 2477 contentus
1060 2430 1136 2477 sum.
1180 2407 1263 2477 liele
1282 2418 1585 2490 aanrnemafieciase,
1608 2415 1722 2476 nullum
1746 2421 1778 2475 in
1802 2435 1893 2495 queu-

545 2520 634 2580 quam
657 2502 788 2564 dicacule
809 2504 948 2584 probrum
971 2503 1093 2579 dixisse,
1123 2504 1231 2563 nullius
1253 2504 1363 2564 famam
1385 2506 1513 2565 invidiae
1534 2507 1711 2580 aeruginosa
1734 2504 1825 2563 deute
1847 2523 1893 2563 ar·

544 2592 667 2665 rosisse,
711 2590 822 2669 cynicis
857 2591 986 2650 moribus
1016 2590 1231 2668 calumniisque
1260 2592 1453 2652 abstinuisse:
1491 2604 1599 2666 macte,
1632 2591 1837 2651 Christianum
1863 2601 1890 2651 te

545 2685 692 2754 praestas,
720 2695 810 2755 perge
831 2680 890 2739 ital
935 2677 1085 2762 Negasne
1107 2696 1240 2739 sermone
1270 2683 1423 2739 temerario
1456 2696 1559 2739 usum:
1591 2696 1729 2757 maguum
1753 2680 1785 2739 te
1807 2698 1892 2756 prae·

547 2764 629 2840 dico,
660 2768 685 2823 si
707 2761 879 2843 hocusque
902 2768 1019 2841 quaque
1041 2765 1163 2840 cavisti3
1184 2778 1251 2824 rara
1272 2764 1419 2842 linguae,
1433 2781 1500 2825 rara
1522 2766 1626 2825 ‹alami
1648 2766 1776 2826 iellcitas
1800 2770 1892 2827 omni-

546 2853 659 2930 busque
682 2855 820 2913 encomiis
835 2851 1040 2931 praedicauda.
1086 2854 1186 2930 Atqrie
1199 2855 1276 2925 hinc,
1299 2856 1352 2925 ais,
1376 2862 1405 2913 te
1425 2856 1621 2929 constituisse,
1643 2858 1893 2932 comparationem

545 2957 642 2999 meam
665 2940 805 3023 replicare
828 2938 1021 3000 amaritudine
1043 2943 1188 3021 seposita:
1221 2941 1300 3002 bona
1321 2958 1411 3001 causa
1432 2940 1604 3017 impellens,
1631 2943 1778 3026 propositi
1803 2943 1892 3001 torma

546 3026 776 3104 speciosissima,
808 3045 860 3106 spe
888 3027 991 3105 plenus
1021 3044 1095 3087 sum.
1143 3026 1371 3087 Animadvertis
1398 3047 1419 3087 a
1446 3023 1494 3087 ine
1523 3028 1577 3086 tibi
1604 3028 1719 3101 objmte
1740 3030 1892 3088 ιιοιιιιιιιιι

547 3115 711 3190 subtiliter,
735 3116 870 3193 agnoscis
893 3124 989 3175 tamen
1011 3132 1151 3178 serenam
1172 3114 1207 3173 ιιι
1229 3118 1267 3175 iis
1297 3115 1521 3199 quodammodo
1540 3118 1690 3194 frenum:
1725 3132 1786 3175 non
1810 3114 1891 3187 male,

546 3209 580 3261 ιιι
600 3201 699 3276 video,
721 3220 817 3279 neque
840 3211 871 3262 tu
895 3200 931 3262 de
954 3221 1000 3262 me
1022 3220 1132 3280 speras,
1155 3204 1212 3260 nisi
1234 3204 1259 3262 si
1282 3204 1312 3261 ia
1327 3219 1400 3263 voce
1421 3204 1569 3261 subtiliter
1590 3202 1787 3261 subtilissima
1804 3201 1892 3263 lateat

547 3292 736 3365 querimonia.
781 3291 846 3366 Ego
867 3289 952 3361 milri,
976 3288 1119 3363 lieberto,
1141 3291 1215 3349 meis
1238 3289 1330 3350 veluti
1353 3287 1535 3350 auditoribus
1560 3288 1596 3349 de
1618 3290 1734 3366 pulpito
1757 3308 1826 3349 sum
1847 3290 1892 3349 lo-

545 3385 629 3436 cutus
652 3376 688 3436 de
703 3376 874 3437 Ptolemaeo
897 3394 991 3454 aeque
1013 3385 1102 3454 atque
1126 3376 1163 3437 de
1182 3374 1322 3451 lieberto,
1347 3385 1488 3453 quantum
1509 3376 1548 3436 ad
1571 3376 1746 3437 erudiendos
1769 3376 1891 3438 lectores

545 3462 708 3543 conducere
744 3481 808 3523 sum
840 3465 1012 3536 arbitratus,
1044 3465 1208 3524 caliditate
1237 3482 1307 3525 usus
1334 3464 1402 3535 illu,
1436 3482 1512 3542 quae
1541 3464 1580 3524 ad
1603 3463 1799 3523 dividendum
1822 3468 1891 3523 inter

444 3584 448 3594 x
545 3552 717 3628 scriptiones
746 3550 848 3611 aflines
876 3553 1094 3628 requirebatur,
1123 3552 1259 3628 ignarus,
1289 3554 1430 3612 interesse
1451 3551 1610 3611 Robertum
1639 3554 1747 3628 ipsum.
1797 3550 1891 3627 Quare

545 3638 618 3699 nihil
636 3655 753 3713 eorum,
787 3638 921 3717 quaeda
944 3640 1007 3714 ejus
1031 3654 1119 3715 opere
1140 3640 1256 3723 scripqi,
1287 3647 1427 3716 tanquam
1457 3643 1577 3701 euewri
1598 3638 1747 3711 miccium
1778 3641 1890 3715 scripsi.

545 3724 605 3786 Sed
627 3728 697 3804 quia
719 3727 845 3787 couritur
866 3744 882 3786 e
900 3718 991 3785 'turba
1011 3722 1159 3786 Robertus
1181 3727 1244 3809 ipse
1267 3728 1451 3803 improvisus,
1475 3744 1603 3803 aequum
1622 3725 1760 3805 equidem
1774 3738 1889 3797 museo,

516 3888 517 3897 ἵ
547 3820 580 3873 ut
602 3821 631 3873 et
654 3817 716 3891 ipsa
748 3811 783 3873 de
806 3831 838 3875 se
861 3814 998 3889 loquatur
1020 3812 1114 3890 deque
1144 3812 1220 3872 libro
1242 3831 1314 3888 sun;
1344 3815 1383 3874 si,
1399 3813 1470 3889 qnid
1492 3831 1548 3891 ego
1576 3815 1651 3876 libro
1683 3813 1748 3889 ejus
1779 3822 1890 3891 praeter

544 3908 670 3960 merrtem
700 3902 848 3979 scriptoris
879 3898 1036 3977 adscripsi,
1070 3896 1177 3973 diluet,
1212 3890 1388 3960 contrarium
1414 3908 1572 3974 monstret,
1608 3900 1745 3961 audiatur
1776 3903 1807 3958 in
1836 3901 1890 3959 hoc

545 3987 649 4047 muudi
669 3988 796 4050 ιιιιιιιοε
825 3990 935 4067 primus
957 4004 1013 4065 ego
1035 3990 1095 4047 mei
1110 3986 1216 4063 judieii
1245 4006 1333 4065 super
1355 3988 1420 4064 ejus
1441 3986 1516 4047 libro
1539 4004 1650 4048 errores
1681 4004 1842 4063 agnoscam
1862 3997 1890 4047 et

545 4076 676 4148 iatohor,
705 4076 731 4135 si
754 4092 805 4135 eos
833 4078 896 4152 ipse
917 4070 996 4135 mihi¹
1012 4074 1164 4136 detexerit.
1207 4074 1372 4150 Torquere,
1401 4074 1549 4149 Boberte,
1578 4084 1674 4135 tecum
1695 4079 1732 4134 ia
1750 4092 1890 4136 aerem

544 4159 678 4240 frontem
691 4169 798 4240 potes,
819 4170 992 4239 retorquere
1013 4177 1074 4222 uon
1093 4172 1196 4241 potes,
1216 4165 1275 4221 nisi
1294 4165 1326 4223 ia
1348 4162 1508 4223 tenentem
1640 4206 1644 4212 .

634 4248 688 4309 nd
711 4250 896 4327 Aualysiu
919 4250 944 4313 1.
988 4248 1099 4310 Videor
1120 4258 1150 4309 te
1177 4266 1318 4311 recusam
1339 4251 1488 4323 inscitiae,
1521 4252 1642 4323 aoritm,
1673 4248 1743 4309 lieet
1766 4249 1888 4311 omits.

543 4336 618 4397 Τιιιι
639 4337 697 4397 hoc
718 4344 765 4397 ιιι
786 4337 943 4411 occultum,
965 4336 1103 4411 Robsrte,
1125 4346 1158 4395 ιιι
1173 4346 1237 4399 toto
1252 4336 1342 4397 coslo
1365 4354 1451 4397 erres.
1497 4336 1576 4412 Quid
1591 4339 1712 4395 intersit.
1728 4340 1807 4397 inter
1826 4346 1888 4395 ιιι

542 4442 682 4501 measque
703 4424 885 4499 harmonias,
914 4424 1043 4495 edissero
1065 4422 1203 4494 fideliter,
1230 4423 1314 4483 nulla
1336 4425 1506 4485 cicuitiaue
1527 4442 1608 4485 usus.
1652 4423 1734 4483 Nihil
1764 4432 1796 4484 ιι
1817 4427 1888 4483 iata·

543 4521 573 4571 et
593 4512 804 4574 Ptolemaeum.
816 4510 990 4573 discriminis
1013 4512 1161 4587 sst„nisi
1182 4511 1263 4588 quod
1284 4522 1318 4570 tu
1340 4528 1474 4587 superes,
1505 4511 1556 4571 ille
1577 4530 1630 4571 uns
1651 4511 1821 4586 quindecim
1840 4529 1887 4569 aa·

543 4598 617 4659 culis
644 4602 810 4661 antecessit.
863 4598 930 4675 Quo
960 4600 1079 4661 aomiue
1107 4599 1162 4658 tibi
1190 4598 1368 4675 percendum
1390 4601 1600 4671 censuissem,.
1616 4600 1691 4670 nisi,
1720 4601 1752 4657 in
1774 4597 1885 4676 pulpito

544 4690 732 4761 constitutus,
755 4688 896 4763 majorem
918 4687 1065 4763 proiectus
1087 4686 1268 4759 auditorum,
1291 4703 1380 4762 quam
1402 4687 1612 4747 mirationem
1633 4684 1816 4760 habuissem.

630 4774 682 4833 Ad
706 4774 891 4857 Auslysiu
914 4774 954 4833 Il.
999 4773 1072 4835 Jure
1093 4782 1146 4835 tuo
1168 4775 1267 4845 uteris,
1288 4773 1370 4848 qood
1393 4790 1471 4852 rere,
1492 4772 1546 4833 aed
1568 4774 1685 4833 conche
1707 4790 1790 4835 aras
1832 4775 1839 4787 '

541 4859 622 4943 (nara
644 4860 730 4939 plura
751 4860 788 4922 de
810 4864 868 4921 tuis
891 4861 1071 4923 editionibus
1083 4878 1144 4921 noa
1158 4859 1312 4940 noveram)
1333 4869 1366 4921 tu
1384 4860 1514 4938 explicas
1529 4860 1628 4926 latina
1671 4859 1775 4919 Patior
1789 4868 1883 4929 etism,

544 4958 577 5008 ut
598 4948 720 5008 accedat
741 4948 779 5007 ed
802 4951 1035 5027 comparationes
1057 4964 1141 5009 meas
1162 4950 1231 5026 ista,
1252 4947 1332 5024 quod
1352 4950 1457 5023 plures
1477 4966 1532 5023 epe
1551 4951 1587 5007 in
1606 4965 1675 5007 arco
1687 4961 1884 5022 opmaam

545 5034 743 5107 insumserlm,
776 5052 865 5111 quam
892 5044 924 5095 ιιι
953 5038 1056 5096 intuo
1084 5034 1293 5096 hebdomadas.
1337 5036 1418 5095 Nihil
1447 5043 1546 5102 tamsq
1574 5034 1727 5110 adrogabo
1749 5036 1882 5111 terporis

543 5122 582 5183 ad
610 5122 776 5201 sugendam
802 5121 939 5199 gloriam,
977 5140 1032 5185 nse
1056 5131 1181 5200 textum,
1199 5125 1263 5200 ipse
1291 5141 1388 5185 meum
1421 5125 1597 5188 immeritum
1626 5121 1689 5203 (iol.
1718 5119 1795 5203 268)
1809 5120 1884 5185 ,ialai
