4467 6192
939 714 981 769 De
999 710 1120 767 Motibus
1137 706 1313 763 Plaustumm
1330 705 1509 761 Hermonieis.

1233 886 1313 957 rimi,
1343 886 1374 943 in
1403 886 1540 963 opposite
1566 886 1697 961 proxime
1723 881 1822 943 Solem
1849 897 1894 939 re·

1233 976 1325 1032 nient.
1368 971 1403 1031 Io
1417 972 1533 1049 adjecto
1548 972 1697 1031 schemate
1710 988 1764 1048 pro
1779 966 1896 1044 singulis

1234 1059 1359 1137 planetis
1381 1060 1452 1119 teeti
1474 1068 1543 1119 sunt
1556 1058 1657 1119 olrouli
1672 1062 1756 1131 terni,
1780 1072 1896 1133 quorun

1235 1147 1332 1207 nullus
1355 1147 1464 1207 indicet
1486 1149 1564 1206 viam
1580 1150 1674 1229 ipsam
1693 1146 1834 1224 planetae
1857 1158 1898 1201 ee-

1235 1237 1405 1309 eentrieam,
1435 1233 1488 1294 sed
1515 1234 1630 1295 medius
1655 1233 1790 1311 quidem,
1824 1231 1899 1287 etio

1235 1323 1331 1381 Marte
1353 1323 1418 1395 ΒΕ,
1444 1330 1489 1381 est
1511 1322 1645 1399 aequalis
1668 1322 1783 1381 orbitae
1803 1334 1899 1377 eccen-

1236 1413 1334 1482 trione,
1354 1408 1452 1486 quood
1466 1405 1630 1486 longiorem
1642 1410 1708 1485 ejus
1718 1409 1900 1477 diametrum

1237 1498 1332 1557 orbitn
1364 1514 1433 1556 vero
1460 1500 1538 1575 ipse,
1570 1507 1603 1557 ut
1626 1497 1699 1570 AD,
1731 1496 1830 1571 tangit
1856 1491 1899 1551 All

1236 1586 1416 1662 superiorem
1439 1602 1475 1643 ex
1496 1586 1589 1644 tribue
1616 1586 1654 1644 ab
1677 1600 1737 1643 nna
1758 1580 1900 1661 plagali,

1237 1674 1401 1731 interiorem
1424 1670 1476 1731 OD
1501 1690 1537 1733 ex
1561 1673 1698 1749 opposita
1721 1671 1760 1730 D.
1808 1668 1902 1727 Ciron-

1238 1760 1284 1818 lus
1298 1758 1365 1832 GH,
1388 1762 1503 1836 punctis
1520 1761 1710 1821 obumbratus
1731 1764 1761 1817 et
1775 1773 1830 1835 per
1843 1772 1903 1814 een·

1238 1854 1313 1906 trum
1329 1846 1407 1907 Solis
1423 1846 1593 1924 descriptus,
1613 1847 1724 1906 indicat
1739 1848 1821 1907 viem
1836 1842 1904 1903 Solis

1240 1933 1320 2016 apud
1349 1930 1519 2013 ‘Pythonem
1542 1934 1655 2010 Brahe;
1690 1935 1740 2010 qui
1777 1935 1803 1991 si
1835 1931 1901 1988 haue

1240 2025 1319 2081 viam
1350 2030 1498 2095 movetur,
1528 2026 1626 2083 omnia
1656 2023 1775 2087 omnino
1804 2026 1904 2096 puncta
1965 2054 1966 2061 κ

1212 2112 1331 2169 ·totius
1351 2114 1521 2185 systematis
1543 2111 1707 2188 planetarii,
1729 2109 1780 2165 hie
1795 2106 1905 2184 depicti,

1240 2198 1321 2257 vium
1342 2197 1480 2255 incedunt
1499 2199 1663 2275 aequalem,
1686 2196 1815 2272 quilibet
1831 2210 1905 2251 suan

1240 2286 1395 2362 propriam.
1439 2285 1478 2344 llt
1499 2302 1558 2345 uno
1580 2286 1644 2363 ejus
1660 2284 1779 2363 puncto,
1804 2279 1907 2341 stillost

1242 2382 1340 2431 oenuo
1362 2370 1454 2445 Solis,
1486 2375 1516 2430 in
1546 2390 1604 2432 one
1632 2376 1679 2432 sui
1701 2368 1802 2430 eireull
1832 2376 1905 2447 parte

1230 2466 1351 2532 etente,
1376 2466 1407 2517 ut
1430 2459 1478 2519 hie
1499 2462 1531 2518 iu
1552 2461 1660 2535 infima,
1684 2459 1784 2518 omnia
1797 2457 1908 2515 omnino

1241 2554 1351 2625 peneto
1372 2547 1540 2624 'systematis
1562 2548 1681 2607 stabunt
1704 2546 1825 2603 in‘imle
1849 2560 1908 2621 par·

1242 2635 1320 2693 tibus
1342 2650 1462 2709 suorum
1477 2634 1614 2712 quodque
1633 2633 1815 2692 circulorum.
1854 2629 1908 2688 Ve-

1242 2724 1319 2781 neris
1343 2724 1432 2783 etium
1461 2729 1519 2797 tres
1548 2722 1648 2783 oiroull
1675 2728 1794 2798 propter
1821 2734 1910 2793 engu-

1076 2821 1094 2838 “
1243 2810 1331 2867 mium
1357 2811 1446 2885 spatii
1468 2814 1600 2870 eoierunt
1628 2812 1658 2867 in
1681 2826 1771 2868 unum
1801 2812 1910 2884 praeter

1217 2896 1433 2958 'voluntatem

1329 2983 1428 3043 Tertio
1455 2991 1569 3063 repetat
1593 2982 1686 3043 leetor
1714 3000 1750 3043 ex
1773 2979 1910 3057 Mysterlo

1243 3086 1308 3130 meo
1336 3070 1600 3149 Oosmogrephioo‚
1630 3069 1710 3147 quod
1741 3068 1821 3129 edidi
1851 3072 1912 3127 aute

1244 3161 1286 3216 ‘2⁸1
1317 3174 1426 3218 annos:
1464 3176 1615 3219 numerum
1646 3158 1836 3235 planetarum
1865 3168 1912 3212 sen

1243 3247 1451 3305 eurrienlornm
1468 3249 1545 3307 eirea
1555 3246 1654 3307 Solem
1670 3245 1840 3305 desumtnm
1856 3256 1913 3301 ease

1242 3351 1262 3393 a
1288 3335 1505 3409 sapientissimo
1531 3333 1689 3394 conditore
1720 3350 1758 3391 ex
1787 3332 1913 3408 quinque

1242 3420 1343 3497 liguris
1372 3421 1554 3499 regularibus
1585 3420 1704 3492 solidis,
1740 3418 1778 3479 de
1813 3417 1914 3495 quibus

1242 3505 1391 3587 Euclides
1411 3510 1473 3585 jam
1506 3518 1574 3569 ente
1607 3516 1652 3567 tot
1680 3506 1782 3568 seculo
1813 3506 1914 3565 librum

1242 3590 1374 3672 scripsit,
1406 3600 1455 3673 qni
1479 3596 1695 3657 Elementorum
1727 3594 1854 3666 dieitur,
1883 3606 1915 3649 eo

1243 3682 1322 3757 quod
1351 3701 1387 3743 ex
1417 3686 1649 3761 propositionum
1678 3683 1753 3743 serie
1782 3682 1821 3740 sit
1848 3694 1915 3738 eon·

1242 3777 1377 3829 structos.
1429 3770 1515 3845 Quod
1547 3780 1644 3831 eutem
1676 3769 1763 3847 plure
1794 3782 1914 3845 corpore

1241 3856 1388 3933 regularia
1409 3867 1558 3935 nequeant
1581 3876 1655 3933 esse,
1677 3857 1735 3916 hoe
1758 3864 1813 3930 est,
1837 3850 1914 3931 quod

1241 3942 1352 4019 figurae
1374 3944 1480 4021 planae
1503 3947 1653 4023 regulares
1676 3950 1826 4020 nequeant
1848 3958 1913 4000 sae·

1142 4098 1145 4105 ¹
1241 4034 1308 4106 pius
1337 4050 1426 4109 quem
1449 4035 1605 4110 quinquies
1636 4037 1665 4091 in
1689 4031 1818 4091 solidum
1845 4046 1915 4087 eon·

1213 4172 1216 4178 Δ
1241 4136 1360 4195 gruere,
1394 4120 1424 4179 ld
1446 4122 1522 4182 libro
1546 4120 1676 4181 seeundo
1704 4120 1795 4196 hujus
1817 4115 1916 4196 operis

1240 4209 1346 4284 patuit.
1398 4226 1402 4237 ¹
1434 4218 1437 4227 ’

1328 4294 1450 4371 Quarto,
1475 4296 1555 4373 quod
1579 4299 1685 4357 attinet
1699 4295 1916 4373 proportionem

1240 4382 1402 4442 orbitarum
1433 4383 1680 4461 planetariamm,
1715 4380 1769 4439 ille
1800 4376 1918 4457 quidem

1241 4470 1317 4529 inter
1345 4470 1430 4533 binus
1460 4472 1571 4532 orbitus
1594 4473 1708 4531 vicinae
1739 4484 1856 4545 semper
1877 4470 1919 4523 est

1238 4562 1331 4631 mnia,
1354 4566 1388 4618 ut
1401 4558 1488 4619 ieeile
1504 4566 1653 4638 appareat,
1677 4568 1917 4633 unamquemque

1239 4643 1357 4703 illarum
1371 4634 1607 4725 appropidqnere
1618 4646 1799 4725 proportioni
1810 4645 1916 4701 nnieee

614 4792 622 4799 ,
1189 4695 1194 4909 b
1240 4731 1354 4791 orbium
1377 4736 1463 4794 unius
1488 4749 1524 4795 ex
1540 4736 1669 4811 quinque
1683 4731 1787 4792 solidis
1804 4730 1914 4807 figuris,

1240 4817 1351 4879 seilicet
1374 4822 1454 4882 orbis
1470 4822 1680 4898 circumscripti
1700 4818 1738 4879 ad
1755 4820 1855 4878 orbem
1876 4817 1921 4872 in-

1188 4926 1193 5016 Ι
1241 4907 1381 4985 seriptum
1411 4908 1539 4986 flgnmeq
1568 4918 1600 4968 et
1622 4926 1681 4969 non
1704 4914 1803 4966 tam'en
1834 4904 1921 4982 plone

1244 4994 1377 5071 nequalia
1401 5006 1453 5069 est,
1478 5006 1512 5057 ut
1536 4997 1604 5057 olim
1627 5012 1718 5055 ausus
1738 4995 1781 5052 lui
1801 4992 1840 5052 de
1854 5006 1920 5068 per·

563 5073 643 5137 seete
653 5074 778 5155 deniqne
800 5084 978 5143 muouomie
992 5083 1133 5162 polliceri.
1165 5082 1240 5142 Nam
1264 5090 1332 5159 poet
1353 5083 1520 5144 absolutam
1536 5084 1808 5145 demonstrationem
1833 5082 1922 5139 inter·

562 5160 707 5229 vallorum
734 5184 770 5229 ex
812 5168 1067 5233 observationibus
1095 5167 1204 5231 Brahei
1240 5168 1417 5246 deprehendi
1450 5171 1522 5234 hoe:
1561 5173 1628 5248 nulli
1657 5170 1776 5249 quidem
1805 5166 1921 5245 anguli*
