4467 6192
545 643 607 711 308
984 646 1027 700 De
1044 640 1165 704 Metabus
1181 643 1356 704 Plenetamm
1372 641 1550 705 Harmonicis.

544 830 740 884 mircenorum
762 824 933 898 intervallo,
963 825 1011 886 vel
1034 826 1220 888 semitonium
1247 822 1331 916 blm,
1360 827 1409 888 vel
1430 825 1542 903 aliquid
1566 825 1785 899 intermedium,
1815 841 1891 902 qom-

434 961 438 969 .
543 919 622 970 mate
642 907 714 995 ms„
742 911 856 971 dietam
877 912 927 972 vel
950 915 988 973 ah
1011 913 1062 974 illo
1086 915 1134 975 vel
1157 916 1195 976 ah
1217 911 1287 992 hoc3
1315 915 1432 974 loie'rior
1454 923 1524 974 vero
1549 913 1596 974 vel
1619 914 1711 974 diesin
1734 912 1891 988 simplicem

544 994 630 1081 Ἢ,
660 1000 708 1059 vel
730 998 921 1059 differentiam
944 1003 1020 1060 inter
1041 1003 1229 1062 semitonium
1261 1011 1291 1062 ct
1312 1003 1422 1076 diesin,
1454 1019 1530 1079 quae
1561 1009 1605 1061 est
1631 997 1741 1083 ’ἥβην
1773 1001 1830 1059 hoc
1851 1008 1891 1058 cst

543 1081 616 1170 ⁴²!ss
638 1087 714 1160 fere,
743 1085 793 1146 vel
815 1086 943 1165 deumne
965 1090 1098 1149 similiter
1129 1090 1240 1167 aliquid
1264 1089 1485 1164 intermedium,
1517 1097 1660 1149 commate
1683 1083 1748 1171 Ἢ
1784 1087 1892 1146 distans

544 1171 652 1233 selah
675 1175 728 1233 illo
751 1174 799 1235 v'el
821 1175 859 1233 ah
882 1175 951 1250 hoe,
984 1194 1025 1237 sc.
1054 1176 1104 1236 ille
1128 1177 1290 1257 duplicem,
1322 1180 1376 1237 iste
1405 1176 1565 1256 simplicem
1597 1174 1710 1252 diesin,
1741 1183 1893 1252 utrumque

542 1261 729 1322 intervallum
752 1269 896 1323 commate
920 1261 1104 1327 diminutum.

628 1361 702 1432 Nam
717 1363 866 1432 superioria
891 1363 1003 1434 propria
1024 1364 1107 1419 debet
1125 1379 1185 1420 esse
1206 1363 1294 1431 major
1309 1351 1398 1432 'quam
1424 1362 1506 1418 diesis
1525 1377 1575 1432 per
1592 1379 1633 1431 pr.
1651 1363 1701 1431 25,
1727 1363 1892 1420 minorasse

543 1452 623 1506 quam
641 1447 723 1495 tonus
741 1440 789 1510 ’Ἀθ
807 1457 857 1510 per
873 1440 1090 1510 praecedentem.
1127 1442 1165 1496 tt
1182 1456 1246 1500 sero
1264 1442 1388 1513 superior
1405 1439 1636 1498 debetexoedere
1654 1439 1810 1496 interiorem
1829 1441 1893 1496 dissi

541 1531 604 1586 uua,
623 1533 672 1588 per
689 1537 731 1590 pr.
749 1521 793 1577 at.
828 1520 866 1578 Et
884 1519 981 1576 suadet
998 1520 1155 1578 harmonice
1171 1519 1367 1594 pulchritudo,
1383 1530 1413 1578 ut
1431 1520 1557 1591 propriae
1575 1518 1684 1590 horum,
1710 1519 1735 1577 ai
1754 1520 1790 1575 ob
1809 1522 1894 1589 parvi·
1971 1579 1972 1588 ,

541 1601 625 1652 tatem
643 1604 781 1668 nequeunt
805 1614 866 1654 esse
883 1597 1069 1667 harmonicae,
1093 1601 1191 1655 saltem
1214 1617 1249 1654 ex
1267 1599 1407 1656 concinnis
1434 1599 1501 1667 sint„
1527 1597 1550 1652 si
1568 1597 1627 1652 heri
1653 1598 1705 1660 hoc
1722 1600 1823 1670 possit,
1847 1617 1895 1674 per
1966 1648 1972 1682 ,1

541 1689 586 1730 ax.
607 1679 631 1733 t.
666 1679 751 1748 Atqui
769 1679 902 1732 concinna
919 1678 1024 1734 minora
1049 1696 1130 1748 quam
1149 1687 1191 1734 est
1208 1686 1291 1735 tonus
1310 1679 1358 1749 ll„,
1375 1684 1440 1732 sunt
1456 1683 1561 1731 tautum
1586 1675 1655 1745 duo,
1680 1678 1851 1733 semitonium
1868 1688 1895 1736 st
1971 1685 1972 1690 ’

541 1751 637 1826 diesim
666 1758 735 1813 haec
757 1774 821 1812 vero
840 1757 968 1812 deerunt
994 1759 1065 1812 inter
1089 1774 1123 1822 se,
1142 1772 1197 1812 nou
1220 1757 1300 1828 diesi,
1328 1758 1382 1813 sed·
1400 1757 1490 1827 aliquo
1515 1751 1619 1811 minori
1635 1755 1779 1812 intervallo
1805 1758 1892 1828 ¹²⁵lffl.

541 1832 603 1889 Non
622 1844 738 1906 possunt
755 1838 838 1906 igitur
858 1837 939 1892 simul
956 1835 1058 1890 hahere
1076 1837 1201 1905 superior
1219 1839 1404 1906 semitonium,
1422 1835 1534 1892 interior
1551 1835 1652 1900 diesin,
1675 1835 1724 1890 sed
1742 1843 1791 1891 sut
1817 1851 1893 1905 supe·
1970 1893 1972 1908 Α

540 1910 596 1966 rior
613 1914 727 1970 habehit
742 1915 915 1970 semitonium
938 1913 1009 1981 Ἢ,
1033 1913 1146 1968 interior
1167 1916 1267 1985 ΨΜ,
1288 1915 1319 1970 ·h.
1340 1929 1363 1971 e.
1380 1905 1453 1985 Ἣ,
1478 1922 1526 1969 aut
1543 1913 1656 1968 interior
1679 1913 1793 1968 habebit
1810 1913 1893 1968 diesin

544 1989 614 2061 Ἢ,
640 1994 766 2073 apperior
787 2007 854 2047 raro
876 1991 1013 2062 duplicem
1037 1992 1125 2048 diesin
1151 1995 1207 2065 ¹⁹1„
1231 1995 1297 2049 iere
1338 1996 1405 2050 Cam
1434 2007 1499 2047 vero
1523 1992 1664 2061 cuiusque
1691 1993 1820 2062 planctae
1841 1993 1894 2047 sint
1971 2055 1972 2072 χ

541 2071 667 2141 aequalia
680 2073 758 2141 jura,
785 2085 871 2139 quare
888 2072 913 2124 si
928 2070 1092 2140 inpropriis
1109 2074 1231 2141 ipsorum
1249 2073 1375 2130 violanda
1392 2074 1446 2130 fuit
1471 2079 1569 2127 natura
1587 2072 1722 2140 conmuni,
1748 2069 1895 2140 aequaliter
1971 2097 1972 2100 ¹

539 2146 568 2202 iu
587 2158 703 2221 utroque
721 2148 848 2204 violanda
863 2147 928 2216 fuit,
953 2158 984 2203 ut
1002 2148 1154 2206 differentia
1166 2155 1344 2224 ,propriorum
1363 2155 1430 2223 ipsis
1447 2152 1651 2208 intervallorum
1674 2165 1786 2205 manere
1803 2157 1895 2218 posset

541 2237 638 2286 exeam
655 2230 752 2299 diesis,
770 2228 806 2284 sd
825 2227 1036 2284 discriminanda
1053 2245 1153 2298 genera
1171 2233 1371 2289 harmoniarum
1393 2231 1561 2300 necessmia,
1584 2246 1634 2300 per
1651 2246 1692 2300 pr.
1707 2230 1751 2285 Ἀ
1789 2233 1894 2298 Aequa·

540 2311 606 2366 liter
620 2319 711 2366 antem
729 2319 796 2364 tune
813 2307 968 2362 violabatur
984 2308 1110 2363 concinni
1133 2319 1232 2366 natura
1249 2314 1425 2382 lustroque,
1448 2311 1471 2366 si
1488 2320 1591 2380 quanto
1617 2308 1767 2380 snpedoris
1786 2313 1894 2380 propria

540 2391 681 2459 proportio
703 2386 849 2443 deficiebat
869 2402 887 2439 a
909 2384 976 2440 diesi
1001 2386 1103 2454 duplici
1131 2388 1314 2457 superacutae
1338 2391 1523 2453 semitonium,
1549 2398 1626 2445 teuto
1651 2390 1734 2445 etiam
1759 2389 1895 2444 tutatores

538 2468 652 2538 propria
669 2466 799 2523 deiiceret
815 2483 833 2520 a
851 2464 919 2520 diesi
936 2464 1065 2534 simplici,
1084 2475 1261 2536 superaretve
1277 2468 1447 2523 intervallum
1470 2469 1560 2538 wilm.

626 2547 712 2601 Porro
730 2546 775 2600 hic
791 2557 922 2599 excessus
945 2543 989 2597 vel
1006 2543 1131 2599 deiectus
1149 2545 1243 2612 debuit
1266 2561 1326 2601 esse
1345 2562 1450 2602 comma
1467 2546 1543 2618 ⁶⁰1⁸„
1559 2545 1635 2614 qnia
1654 2561 1762 2600 rursum
1794 2547 1894 2602 nubum

541 2623 616 2679 aliud
635 2624 808 2680 intervallum
825 2623 1029 2679 monstrabatur
1047 2641 1064 2678 a
1081 2625 1304 2695 proportionibus
1328 2624 1507 2693 harmonicis,
1531 2633 1559 2680 ct
1576 2631 1608 2678 ut
1624 2639 1730 2679 comma
1751 2625 1793 2681 sic
1811 2627 1899 2696 expr'a'

540 2710 660 2760 meretur
675 2706 747 2760 inter
764 2711 854 2759 motus
872 2703 1013 2772 coelestes,
1033 2702 1104 2756 siem
1122 2715 1281 2772 expressum
1298 2713 1344 2758 est
1360 2704 1387 2758 in
1406 2704 1576 2772 harmonicis,
1595 2703 1699 2758 scilieet
1709 2704 1769 2760 solo
1782 2719 1895 2759 excessu

540 2790 569 2837 et
586 2783 695 2839 defectu
712 2783 832 2838 interae
854 2780 1067 2838 intervallorum.
1104 2782 1215 2836 Comma
1237 2783 1308 2837 enim
1320 2783 1359 2837 da
1382 2784 1544 2838 harmonicis
1563 2782 1706 2852 distinguit
1728 2785 1802 2839 inter
1819 2791 1895 2839 tenor

539 2863 676 2932 majorem·
686 2868 715 2917 et
732 2863 863 2918 minorem
879 2875 932 2916 nec
949 2860 1029 2914 aliter
1040 2861 1203 2917 innotescit.

626 2942 724 2997 Restat
744 2949 776 2994 at
794 2939 990 3009 disquiremus,
1018 2946 1082 2994 utra
1104 2956 1139 2994 ex
1156 2941 1303 3010 propositis
1324 2941 1433 3010 potiora
1449 2945 1504 2996 sint
1521 2940 1676 3008 mtervallo,
1705 2957 1773 2998 num
1798 2942 1893 3012 messa
1971 3001 1972 3010 ,

472 3035 478 3050 .
539 3019 654 3087 simplex
671 3035 723 3089 pro
739 3019 862 3074 interiori
877 3018 1003 3086 planeta,
1023 3015 1126 3086 duplex
1143 3035 1194 3087 pro
1212 3019 1361 3087 superiori,
1384 3035 1418 3074 an
1437 3019 1530 3088 potius
1547 3019 1720 3074 semitonium
1744 3037 1796 3090 pro
1815 3037 1891 3092 sapa
1971 3023 1972 3056 l

537 3098 617 3165 riori,
641 3107 670 3154 et
692 3099 774 3170 “iim
796 3114 847 3168 pro
864 3097 994 3151 infcriori.
1030 3097 1068 3152 Et
1090 3098 1202 3153 vincunt
1226 3099 1392 3169 argumentis
1417 3100 1516 3154 dieses.
1551 3099 1621 3153 llam
1645 3089 1699 3154 etsi
1722 3101 1893 3156 semiustus

539 3179 615 3234 varie
631 3193 791 3248 expressum
810 3183 854 3232 eet
870 3177 899 3230 in
918 3172 1125 3246 malandrias,
1144 3186 1173 3232 at
1191 3180 1295 3234 tomum
1316 3178 1396 3248 'blm
1414 3194 1469 3233 non
1487 3182 1530 3233 est
1547 3191 1714 3246 exproesum.
1752 3179 1854 3234 Coum
1870 3183 1896 3230 et

540 3256 623 3312 diesis
642 3267 686 3311 ast
702 3269 835 3325 expressa
852 3255 927 3308 varie
944 3263 973 3307 et
991 3255 1093 3326 duplex
1110 3255 1194 3312 diesis
1212 3256 1418 3325 quodammodo,
1440 3273 1478 3311 sc.
1496 3257 1524 3311 in
1541 3256 1709 3312 resolutione
1724 3257 1895 3314 tonornnrin

542 3336 640 3402 disses,
659 3335 805 3390 semitonia
821 3341 850 3389 ct
866 3334 1008 3402 lemmata3
1025 3341 1092 3390 tunc
1110 3335 1191 3403 enim,
1209 3343 1240 3390 nt
1257 3335 1326 3390 libro
1338 3337 1387 3389 111.
1406 3351 1464 3405 cap.
1477 3337 1503 3391 8.
1523 3335 1632 3404 dictum,
1650 3335 1894 3404 proximeinriosm

517 3416 696 3472 .suecedunt
714 3416 784 3470 duae
801 3413 890 3470 dieses
907 3413 1015 3468 duobus
1033 3414 1109 3468 loeis.
1146 3413 1269 3468 Alterum
1293 3421 1498 3483 argumentum,
1521 3413 1594 3483 quod
1612 3414 1640 3468 ln
1659 3415 1835 3470 distinctione
1849 3430 1894 3482 qe

542 3512 637 3549 nemm
656 3494 769 3565 propria
786 3500 850 3547 sunt
864 3493 928 3561 jura
945 3491 1059 3560 dieseos,
1078 3491 1155 3546 nulla
1173 3492 1314 3562 semitonii,
1332 3494 1419 3561 major
1437 3493 1521 3562 igitur
1532 3501 1674 3562 respectus
1692 3493 1836 3578 haheudps
1847 3493 1896 3546 init

540 3574 661 3644 dieseon,
680 3590 762 3645 quam
779 3572 923 3628 semitonii.
959 3569 1099 3626 Condatur
1116 3585 1152 3626 ex
1170 3570 1294 3627 omnibus
1312 3571 1378 3641 hoc,
1397 3573 1544 3642 superioris
1563 3572 1700 3643 propriam
1718 3573 1818 3629 debere
1836 3585 1894 3628 esse
1970 3615 1972 3634 ,

546 3654 655 3724 miae
672 3667 722 3708 ⁸²¹¹
744 3651 799 3723 “te
817 3651 887 3721 aare,
905 3646 1042 3704 antenoris
1059 3648 1199 3719 propriam
1219 3650 1302 3722 ”tae
1320 3667 1372 3716 seu
1387 3651 1446 3722 ”is
1463 3653 1530 3720 vere.

631 3745 816 3823 Quaeritur,
834 3751 929 3802 utrum
952 3760 1066 3801 summa
1089 3737 1236 3818 sapientia
1260 3747 1383 3804 creatrix
1415 3753 1559 3822 occupate
1580 3745 1667 3804 luerit
1698 3747 1727 3802 in
1759 3744 1893 3820 icombus

540 3835 604 3894 istis
626 3832 797 3893 resonantis
820 3829 1042 3907 conquirendis.
1086 3829 1281 3906 Respondeo,
1305 3831 1366 3891 fieri
1389 3850 1485 3909 posse,
1509 3840 1542 3893 ut
1564 3833 1674 3903 multae
1697 3832 1894 3893 mercationes

538 3921 661 3995 lateant,
684 3928 716 3980 at
737 3922 763 3980 si
784 3917 1007 3995 ponderosiores
1029 3924 1136 3976 natura
1157 3921 1339 3978 harmonicas
1361 3936 1420 3980 non
1442 3919 1517 3992 tulit,
1541 3921 1651 3997 quippe
1673 3920 1703 3976 in
1724 3918 1891 3995 proportio·

540 4010 642 4083 uihus,
666 4009 740 4067 iutra
761 4006 892 4066 omnium
916 4007 1125 4066 couciunorum
1147 4008 1342 4082 quantitatem
1365 4005 1627 4079 descendentibus,
1654 4005 1814 4080 absurdum
1836 4021 1893 4064 non

540 4104 594 4171 est,
618 4096 716 4156 Deum
740 4093 788 4154 vol
801 4094 892 4167 istas,
915 4102 1065 4169 utcunque
1088 4101 1250 4170 appareant
1273 4101 1386 4169 tenues,
1409 4112 1473 4154 esee
1489 4103 1632 4168 secutum,
1655 4109 1720 4152 cum
1743 4089 1816 4156 nihil
1831 4095 1893 4152 vine

540 4199 632 4244 eausa
654 4177 841 4242 ordinaverit.
888 4180 1053 4240 Absurdius
1075 4197 1103 4238 n.
1129 4179 1215 4256 louge
1239 4190 1318 4241 esset
1339 4181 1492 4256 allirmsre,
1515 4181 1612 4241 Deum
1634 4180 1688 4240 has
1704 4184 1892 4257 quantitates,

541 4272 616 4331 inira
639 4270 756 4347 quidem
778 4271 990 4348 praescriptum
1014 4271 1049 4325 iis
1072 4271 1226 4327 terminum
1249 4272 1311 4328 toni
1334 4271 1471 4344 minoris,
1494 4270 1615 4328 iortnito
1642 4270 1818 4346 arripuisse,
1839 4283 1894 4326 nce

540 4359 647 4419 suffieit
676 4358 787 4418 dicere:
820 4362 918 4414 tantm
948 4355 1069 4427 sumsit,
1102 4357 1173 4430 quia
1202 4363 1302 4417 tantae
1324 4356 1512 4433 placuemnt;
1542 4357 1572 4414 in
1595 4357 1781 4432 geometricis
1809 4357 1893 4428 euim,

538 4447 669 4508 libertati
691 4445 844 4506 electionis
866 4442 1024 4518 ethectis,
1054 4441 1133 4504 nihil
1153 4443 1218 4502 Deo
1241 4443 1354 4520 placuit
1382 4445 1457 4504 siue⁴
1476 4461 1566 4504 causa
1587 4447 1767 4520 geometrice
1788 4441 1894 4520 'quali-

541 4553 674 4611 cunque,
698 4541 731 4593 ut
752 4537 874 4609 apparet
896 4533 926 4587 iu
950 4531 1008 4588 oris
1030 4529 1177 4602 loliorum,
1201 4531 1229 4588 in
1252 4533 1382 4608 squamis
1405 4534 1539 4609 piscium,
1566 4534 1596 4589 in
1619 4531 1747 4609 pellibus
1770 4533 1894 4591 letarum
1970 4559 1972 4582 ι

541 4639 699 4698 earumque
721 4617 844 4680 maculis
867 4624 898 4677 et
919 4616 1100 4700 macularum
1125 4617 1224 4678 ordine
1248 4628 1277 4678 et
1299 4617 1452 4688 similibus.

628 4725 856 4803 Propositio
877 4719 1015 4782 XXVII.
1060 4720 1189 4781 Telluris
1210 4731 1240 4782 et
1253 4721 1377 4782 Veneris
1398 4730 1530 4782 motuum
1553 4724 1703 4800 proporu‘o
1723 4721 1817 4798 maior
1835 4719 1893 4780 vle-
1971 4753 1972 4756 =

541 4812 606 4872 buit
629 4830 695 4872 esse
709 4821 795 4872 sexta
810 4809 892 4883 durs,
915 4812 1098 4870 intermotua
1113 4807 1260 4888 aphelios;
1282 4811 1385 4882 minor,
1408 4815 1492 4870 sexta
1507 4809 1614 4883 mollis,
1636 4811 1712 4869 irater
1726 4807 1893 4888 perihalios.

627 4894 754 4964 Oportuit
775 4907 801 4948 n.
827 4892 958 4960 dbtinqui
982 4906 1084 4962 genera
1116 4891 1318 4948 harmoniarum
1339 4906 1390 4962 per
1410 4907 1457 4947 ax.
1480 4893 1523 4948 20.
1560 4891 1591 4946 ld
1614 4899 1707 4948 autem
1730 4891 1790 4948 tieri
1811 4889 1893 4945 aliter

540 4989 596 5029 non
613 4975 811 5044 potuitquam
826 4987 876 5042 per
894 4978 987 5027 sextas
1006 4986 1056 5042 per
1072 4969 1115 5026 23.
1152 4969 1254 5026 Earum
1271 4969 1355 5039 igitur
1371 4985 1454 5028 unam
1466 4973 1505 5039 il,
1522 4985 1585 5031 oum
1602 4970 1759 5041 acceperint
1768 4971 1851 5026 Terra
1863 4975 1894 5024 at

541 5049 578 5130 ὁ,
596 5053 712 5124 proximi
728 5050 856 5121 planetae
873 5060 902 5105 et
918 5048 1070 5106 icosiedrici
1089 5063 1140 5117 per
1152 5049 1198 5104 15:
1218 5047 1339 5120 oportuit
1357 5051 1386 5104 et
1402 5049 1516 5122 alteram
1529 5049 1565 5120 ³l,
1581 5049 1614 5105 iis
1626 5050 1718 5105 tribui.
1754 5049 1813 5106 lieu
1824 5063 1891 5104 vcro

539 5130 612 5186 inter
630 5136 774 5199 exuemus,
793 5138 987 5200 conserpentes
999 5128 1042 5184 rel
1053 5127 1233 5200 discerpentes,
1252 5127 1301 5183 sed
1312 5127 1384 5184 iuter
1401 5127 1524 5197 suadem
1535 5128 1633 5200 plagae
1641 5135 1788 5200 extremos,
1805 5141 1888 5183 uuam
