4467 6192
528 673 592 734 814
913 673 956 728 De
973 672 1095 729 Motibus
1111 672 1288 730 Pirustarum
1304 669 1482 726 Hoemonicis.

527 844 625 912 Ithne
641 844 730 902 lector
745 850 810 914 post
826 844 937 911 lineam
955 861 1026 917 qnae
1043 846 1143 904 desinit
1159 846 1199 903 sic
1215 846 1309 916 ”iram
1326 844 1465 904 edsuribm
1480 843 1544 900 ister
1570 861 1588 900 ι
1604 859 1661 914 qua
1676 844 1701 902 si
1718 844 1827 902 uteres
1844 845 1874 916 i,

525 935 575 975 seu
592 923 666 992 ”im
692 931 779 978 restat
801 923 870 993 ”lm
901 925 1032 982 diminuta
1050 933 1128 983 sexta
1145 925 1241 992 mollis,
1261 940 1331 998 quae
1349 931 1393 980 est
1409 925 1481 980 inter
1496 926 1530 995 dt
1544 925 1587 982 sel
1605 942 1634 982 ce
1653 923 1696 978 rei
1714 941 1748 980 oc
1766 933 1876 980 ocum

525 1000 619 1134 m
626 1001 762 1070 simplicis.
787 1003 825 1058 nt
841 1004 869 1058 ln
886 1005 1011 1075 subjecte
1027 1007 1130 1064 tabella
1147 1007 1260 1077 primam
1278 1006 1376 1061 lincam
1394 1010 1528 1074 occupent
1544 1005 1610 1061 isia:
1635 1005 1688 1060 Pro
1707 1003 1740 1074 ii,
1760 1011 1804 1058 est
1823 1005 1877 1073 ¹¹1„

620 1096 661 1136 m·
677 1110 682 1119 ⁴

612 1167 656 1221 Ex
674 1168 878 1240 perserperet,
904 1172 932 1225 in
953 1178 1102 1242 systemate
1120 1171 1238 1229 naturali
1257 1171 1360 1228 clavem
1377 1170 1565 1242 [genuinam
1584 1172 1616 1223 nt
1632 1168 1680 1224 iila
1696 1175 1743 1228 ert,
1758 1184 1794 1224 ax
1811 1171 1877 1226 nair

524 1246 664 1317 principiis
681 1248 812 1310 ordinata
831 1264 892 1306 cum
910 1250 1022 1307 dolare
1039 1252 1207 1307 constituere
1225 1258 1331 1307 sextam
1348 1249 1457 1306 mollem
1475 1245 1646 1304 deficientem
1673 1261 1722 1302 scu
1748 1247 1878 1304 adniteri-

524 1340 594 1380 narn.
632 1325 698 1380 Cum
723 1327 805 1396 igitur
830 1329 902 1383 inter
926 1328 1087 1399 peribolinnr
1105 1331 1182 1385 Joris
1209 1330 1236 1384 in
1261 1329 1332 1384 clari
1358 1327 1477 1398 genuina
1503 1327 1523 1382 d
1548 1325 1726 1382 constitutum
1753 1335 1783 1382 et
1807 1328 1878 1386 inter

524 1402 661 1472 spiselis!
678 1406 774 1460 Martis
794 1406 830 1461 sit
855 1406 978 1474 perlecta
994 1415 1074 1462 sexu
1091 1406 1180 1464 mollis
1198 1423 1282 1477 supra
1299 1405 1491 1475 disdiapason,
1511 1417 1565 1460 non
1583 1419 1647 1462 raro
1665 1403 1796 1460 deiicicas
1806 1445 1813 1469 ,
1824 1421 1879 1482 per

524 1495 601 1551 prop.
621 1483 663 1551 13,
681 1485 804 1553 sequitur
821 1485 937 1540 Martem
964 1484 1073 1554 apbeiiu
1089 1495 1166 1542 motu
1193 1486 1302 1556 aignme
1327 1485 1431 1550 locum,
1458 1483 1628 1554 quiritans
1647 1491 1781 1539 commate
1798 1485 1893 1542 eln'or'

524 1557 600 1620 tiavc
617 1561 734 1630 panuina
748 1563 777 1632 [ς
794 1562 886 1632 itaque
902 1579 959 1620 non
977 1564 1029 1619 nisi
1045 1564 1258 1639 [adulterinum
1276 1562 1408 1618 obtinebit
1427 1577 1513 1630 coque
1531 1578 1587 1617 non
1604 1561 1694 1631 pinne,
1713 1562 1763 1617 sed
1781 1563 1879 1618 saltem

525 1637 720 1705 quadamtenus
743 1638 772 1695 in
799 1641 870 1695 hanc
898 1641 1000 1697 scalam
1027 1643 1169 1699 consentit
1223 1641 1449 1697 Concordentinm
1487 1655 1551 1696 vcro
1579 1639 1761 1696 universalem
1788 1657 1879 1712 neque

524 1732 621 1784 porram
638 1733 728 1788 neque
745 1719 923 1776 adulterinam
941 1721 1099 1789 ingreditur.
1136 1722 1205 1777 Nam
1223 1721 1336 1777 Veneris
1355 1719 1502 1791 periheiius
1521 1718 1625 1774 obtinet
1636 1717 1726 1774 iocum
1744 1736 1760 1775 c
1777 1721 1879 1776 tensio·

525 1793 566 1847 nis
584 1794 673 1865 buius.
692 1798 730 1852 At
745 1798 817 1872 inter
834 1815 856 1869 c,
864 1801 884 1868 f
895 1792 938 1854 ee't
955 1798 1132 1870 dissonamia
1151 1797 1386 1855 suricinium:
1403 1798 1536 1854 Dissonat
1552 1799 1634 1867 igitur
1651 1800 1727 1854 liare
1744 1799 1782 1855 ab
1800 1801 1880 1856 nnius

524 1870 710 1940 planetarum.
737 1893 775 1932 sc.
793 1895 811 1934 a
829 1879 941 1934 Veneris
958 1879 1103 1950 perihello„
1133 1879 1187 1935 ileu
1207 1889 1234 1935 et
1252 1896 1269 1935 a
1287 1879 1385 1934 ceteris
1403 1879 1519 1941 Veneris
1537 1879 1656 1934 motibus
1675 1879 1813 1950 meone,
1841 1894 1880 1935 re·

525 1948 669 2010 mittuntur
685 1970 712 2008 n.
730 1954 751 2010 ii
767 1972 822 2011 nno
841 1963 975 2012 commate
992 1957 1197 2027 minumuuanr
1211 1973 1262 2028 per
1278 1956 1476 2014 mendicem:
1503 1971 1588 2024 quare
1605 1973 1666 2013 cum
1684 1957 1756 2012 inter
1774 1958 1880 2027 perihe·

524 2025 590 2085 lium
609 2030 721 2088 umens
739 2041 767 2091 et
783 2036 921 2105 apbeiinnr
940 2037 1036 2092 Martis
1055 2037 1091 2091 eit
1108 2037 1281 2092 semitonium
1299 2043 1327 2091 et
1345 2041 1462 2099 comma.
1480 2033 1552 2093 later
1568 2035 1652 2104 igitur
1670 2035 1812 2105 epheiinrn
1830 2037 1880 2092 Vs

525 2107 597 2161 neris
616 2117 644 2164 ct
656 2108 798 2181 cp'heiium
810 2114 908 2169 Martis
924 2114 976 2172 erit
994 2109 1173 2171 semitonium·
1184 2121 1212 2171 et
1224 2113 1305 2171 diesis
1319 2113 1507 2188 (dissimulatis
1521 2114 1645 2183 ocmvisl,
1664 2114 1718 2170 hoc
1735 2121 1782 2170 est
1798 2123 1880 2172 tonna

524 2187 625 2256 minor,
644 2192 718 2259 quod
736 2187 1372 2256 adhucdlssonnmestintervallumian'tum
1390 2193 1527 2254 antonin
1542 2190 1632 2248 mollis
1652 2193 1760 2261 generis
1779 2194 1881 2248 sedan

524 2263 648 2352 epletius
665 2270 761 2326 Martia
780 2272 927 2338 consentit,
952 2287 1006 2326 non
1024 2271 1105 2328 etiam
1132 2270 1247 2328 induri.
1284 2270 1354 2326 Nam
1381 2285 1449 2327 cum·
1462 2269 1589 2340 sphetim
1607 2270 1720 2328 Veneria
1738 2272 1880 2340 conspirat

523 2348 706 2411 messueris
725 2347 793 2414 dari,
811 2349 907 2404 Martis
925 2364 990 2403 vero
1008 2349 1131 2418 ephcliue
1157 2347 1343 2416 (dissimulatis
1362 2347 1475 2416 octcme)
1493 2349 1530 2403 sit
1548 2349 1638 2403 iectus
1664 2348 1746 2405 altior
1765 2366 1880 2418 queuis

525 2425 589 2491 tono
607 2424 723 2486 minore.
749 2430 902 2486 necessario
927 2429 1010 2499 igitur
1027 2429 1152 2498 ephsiius
1168 2428 1266 2484 Martis
1292 2427 1321 2482 in
1339 2427 1391 2482 hac
1417 2429 1544 2484 musione
1560 2426 1667 2484 medius
1684 2428 1757 2484 inter
1772 2429 1790 2497 l
1805 2431 1879 2497 etfp

525 2496 648 2571 caderet,
677 2503 778 2562 iaciens
796 2524 893 2581 comp
910 2509 1012 2578 (quem.
1022 2509 1050 2562 in
1068 2508 1120 2564 hac
1138 2508 1262 2564 tensione
1280 2515 1397 2576 occupet
1415 2506 1541 2576 aphelius
1558 2507 1688 2576 Telluris)
1706 2507 1880 2566 intervalium

524 2575 579 2645 ²⁸in
598 2580 679 2650 plene
696 2584 895 2644 inconcinnum.
912 2593 1007 2644 tonum
1025 2603 1070 2644 sc..
1082 2588 1218 2657 majorem,
1238 2587 1282 2644 cni
1300 2586 1408 2642 ademta
1426 2586 1462 2641 sit
1480 2585 1571 2640 diesis.

612 2678 715 2736 Eodem
733 2679 818 2738 modo'
831 2675 1006 2752 prebebiter,
1033 2684 1130 2739 Martis
1158 2673 1295 2755 ephellum
1320 2683 1402 2738 etiarn
1426 2698 1443 2736 a
1460 2681 1577 2738 Telluris
1595 2681 1716 2738 motibus
1734 2679 1880 2736 dissidens.

524 2751 594 2809 Nam
612 2759 754 2826 quiscum
771 2762 904 2832 periheiio
921 2763 1035 2817 Veneris
1062 2763 1234 2818 semitonium
1252 2768 1281 2817 et
1298 2773 1402 2816 comma
1419 2761 1498 2829 iecit,
1524 2777 1574 2831 per
1592 2759 1678 2829 dicta,
1700 2761 1792 2824 idest
1813 2759 1881 2832 ²⁴12„

441 2864 446 2870 -
523 2835 572 2889 sed
597 2837 721 2906 perihelr'i
745 2839 847 2896 Terrae
872 2848 900 2895 et
917 2841 1031 2896 Veneris
1059 2840 1164 2896 iaciunt
1189 2848 1295 2897 sextam
1318 2840 1426 2896 mollem
1453 2840 1487 2906 η,
1504 2855 1554 2894 sen
1576 2840 1631 2909 ¹⁵1„
1654 2856 1706 2910 per
1731 2856 1814 2910 prop.
1834 2842 1881 2896 2¹1:

524 2913 621 2969 Martis
638 2915 721 2984 igitur
738 2917 862 2989 aphelius
880 2925 941 2974 carn
958 2917 1090 2988 perihelio
1103 2915 1220 2974 Telluris
1238 2919 1352 2990 (additis
1369 2918 1409 2974 iili
1427 2919 1544 2988 octaris)
1571 2919 1653 2974 faciet
1674 2918 1727 2988 ¹⁴1„
1747 2934 1798 2974 sen
1823 2919 1881 2988 ’im

523 2988 712 3050 inconcinnum
730 2997 915 3068 intervallum,
941 2997 1042 3052 nedum
1059 2993 1258 3068 harmodium,
1285 3004 1317 3054 nt
1333 3003 1362 3054 et
1380 2998 1426 3068 'ir-
1461 2997 1515 3054 list
1537 3013 1564 3053 n.
1581 2998 1720 3061 dissonum
1739 3005 1769 3054 et
1784 3000 1881 3055 incon·

524 3071 632 3126 cinnum
650 3073 778 3145 quicquid
796 3082 839 3131 eat
856 3082 926 3132 mter
943 3076 976 3145 ii,
994 3083 1023 3131 et
1040 3074 1087 3143 Ἃ,
1115 3084 1147 3131 ut
1171 3075 1216 3132 hic
1233 3078 1273 3144 ‘ir-
1311 3069 1364 3132 seo
1389 3091 1442 3134 nec
1464 3077 1536 3132 ullus
1561 3076 1769 3132 aliuss'i'elluris
1786 3085 1883 3134 motas

524 3150 689 3207 concordare
706 3159 799 3224 petest
816 3169 878 3209 cum
895 3153 1004 3226 epbciio
1021 3154 1128 3210 Martis.
1163 3155 1333 3226 Namsupru
1346 3155 1457 3223 dictum,
1473 3155 1547 3226 qued
1561 3157 1589 3211 -ia
1607 3171 1669 3210 cum
1686 3154 1798 3224 apiculis
1818 3154 1883 3232 Tel·

524 3228 591 3284 luris
609 3230 691 3286 iaciat
710 3231 765 3301 “ln
783 3234 973 3290 inconcinnum
991 3234 1181 3303 [dissimulatis
1202 3235 1339 3303 notarim:
1362 3233 1420 3304 lam
1438 3249 1502 3290 raro
1521 3250 1538 3291 a
1555 3237 1587 3302 ⁸1,
1606 3233 1649 3288 rui
1668 3233 1723 3301 Ὗ,
1742 3234 1883 3303 usquein

525 3307 582 3375 ²⁵1„
608 3312 699 3366 omnis
724 3321 789 3368 sunt
806 3314 911 3368 minora
927 3313 1037 3368 minimo
1055 3311 1196 3371 mensio
1213 3312 1377 3368 harmonico.

611 3417 856 3482 Corollarlum
878 3421 991 3482 XLIV.
1036 3421 1124 3481 Patet
1145 3423 1234 3498 igitur
1256 3438 1290 3480 er
1313 3419 1370 3481 hac
1392 3416 1474 3500 piop.
1490 3422 1542 3480 43.
1565 3419 1601 3480 de
1616 3417 1695 3480 Jorc
1718 3427 1749 3480 et
1771 3419 1882 3498 Marte,

434 3567 439 3587 Ι
525 3511 555 3564 et
577 3522 613 3564 ex
636 3505 686 3569 39.
709 3507 745 3568 de
767 3508 894 3568 Saturno
917 3519 947 3569 ct
968 3508 1061 3583 Jove,
1092 3511 1179 3568 et'ex
1203 3509 1252 3572 36.
1275 3505 1311 3569 de
1333 3505 1412 3568 Jove
1436 3506 1622 3580 etTcliurc,
1652 3515 1681 3567 ct
1704 3525 1739 3568 ex
1765 3510 1818 3568 32.
1845 3509 1883 3569 de

525 3590 670 3666 Sumne,
692 3612 743 3659 cur
763 3613 854 3674 supra
874 3607 940 3674 cap.
958 3597 988 3655 ὅ.
1001 3597 1186 3674 planetarum
1200 3604 1297 3657 notus
1309 3603 1457 3658 extremos
1480 3611 1576 3672 neque
1598 3611 1701 3668 omnes
1723 3595 1763 3654 cd
1786 3613 1883 3656 unum

525 3688 655 3756 systema
678 3683 810 3746 naturale
833 3701 885 3744 seu
907 3684 1018 3746 scalam
1032 3685 1175 3747 micam
1196 3685 1406 3761 perfectissime
1422 3681 1658 3744 accommodatos
1671 3699 1754 3761 ussup
1770 3700 1882 3761 neque,

526 3769 576 3842 qui
599 3767 639 3826 nd
660 3779 790 3848 systema
811 3773 953 3831 tensionis
976 3772 1108 3847 ejusdcm
1128 3771 1345 3833 accommodati
1368 3779 1465 3843 erant,
1494 3787 1595 3833 omues
1617 3767 1684 3835 liius
1707 3769 1774 3830 loce
1798 3771 1882 3832 illins

524 3855 651 3917 naturali
672 3859 787 3918 ratione
806 3858 951 3940 ‘divisisse
979 3865 1032 3923 seu
1060 3861 1276 3929 successionem
1309 3860 1515 3943 concinnerunt
1544 3855 1767 3924 intervallorum
1798 3877 1883 3920 mere

418 3946 421 3955 '
526 3941 689 4007 naturalem
711 3943 841 4007 eiecisse
863 3945 1076 4025 deprehensum
1096 3949 1145 4008 sit.
1190 3945 1267 4008 Nam
1293 3947 1405 4024 priores
1426 3953 1496 4006 eunt
1524 3961 1648 4018 causare¹
1679 3945 1790 4020 quibus
1814 3949 1883 4006 ein-

524 4029 748 4107 guliplenetee
769 4033 901 4110 singulm
922 4036 1093 4094 suntnacti
1114 4029 1298 4107 harmoniae,
1333 4033 1438 4108 quibus
1461 4040 1490 4092 et
1512 4047 1613 4092 omnes
1644 4031 1783 4110 planetes
1807 4034 1883 4094 isar-

524 4120 639 4177 rnonias
661 4119 851 4194 anlvmsales,
874 4122 982 4197 quibus
1004 4121 1129 4198 denium
1152 4131 1182 4182 et
1205 4119 1373 4180 hermoniae
1396 4111 1581 4180 uaivmselee'
1599 4117 1658 4178 duo
1680 4136 1801 4195 genera,
1827 4121 1884 4180 du·

524 4221 589 4264 rum
613 4212 647 4265 ct
665 4206 769 4266 molle:
793 4209 901 4284 qulbus
922 4210 1036 4286 positis,
1055 4209 1118 4286 jam
1133 4208 1289 4286 impeditur
1303 4205 1471 4268 omnimode
1483 4205 1716 4267 accommodatio
1730 4207 1771 4266 ad
1786 4209 1885 4268 enum

525 4293 659 4354 nabrraie
680 4301 831 4372 systema„
865 4294 977 4370 Quodsi
999 4295 1070 4356 illae
1092 4297 1199 4356 caueae
1215 4296 1516 4377 nonprrieceesleeent
1538 4295 1720 4366 neomeniis,
1752 4293 1882 4355 dubium

526 4380 639 4439 nullum
663 4390 723 4454 est,
755 4383 826 4459 quin
850 4381 897 4442 rel
920 4395 1010 4442 unum
1032 4383 1163 4461 systema
1186 4399 1305 4460 unaque
1335 4381 1399 4458 ejus
1421 4383 1517 4440 tensio
1540 4379 1722 4458 planetarum
1746 4385 1885 4444 omnium

525 4475 622 4528 motus
645 4477 788 4530 exuemus
811 4470 995 4546 complexum
1017 4478 1111 4546 esset3
1145 4469 1191 4530 vel
1214 4473 1239 4529 ei
1269 4469 1384 4542 duobus
1416 4467 1624 4547 systematibue
1647 4484 1722 4545 opus
1745 4469 1802 4528 init
1827 4489 1885 4548 pro

527 4552 641 4614 duobus
664 4553 766 4617 cantus
789 4551 964 4633 generibus,
1000 4554 1073 4616 dur‘o
1095 4563 1126 4617 ct
1146 4555 1244 4634 molli,
1266 4547 1337 4618 '‘non
1360 4559 1389 4614 in
1412 4555 1505 4616 altera
1527 4561 1639 4614 tantum
1662 4560 1780 4632 generis
1803 4557 1886 4632 duri,

526 4643 578 4704 sed
602 4646 689 4704 etiam
713 4647 741 4702 in
763 4645 877 4722 reliqua
907 4645 1022 4721 generis
1050 4645 1148 4704 mollis
1175 4646 1339 4722 ipsissimus
1362 4641 1437 4703 'crdo
1467 4641 1564 4703 scalae
1597 4641 1739 4702 naturalis
1774 4645 1887 4706 turem

527 4748 688 4809 expressus.
733 4731 835 4792 Habes
862 4733 950 4809 igitur
978 4731 1026 4792 bic
1056 4732 1134 4792 dicto
1158 4749 1221 4809 cep.
1246 4733 1275 4792 5.
1299 4733 1456 4809 promissae
1486 4747 1590 4791 musas
1610 4727 1805 4791 dissidiorum
1830 4751 1888 4812 per

526 4819 656 4891 minima,
670 4827 710 4878 'ct
730 4818 1006 4897 onerum-quiden
1028 4821 1178 4879 concinnis
1201 4820 1322 4878 minora.

613 4939 830 5020 Propositio
851 4941 949 5005 XLV.
975 4917 1042 5003 'Ad
1072 4959 1253 5016 communem
1285 4941 1425 5018 majorem
1448 4939 1570 5006 Veneris
1596 4948 1626 5000 et
1647 4937 1789 5000 Mercurii
1819 4941 1888 5004 dis-

532 5027 690 5106 diapaeou,
717 5047 772 5090 uec
801 5048 863 5091 non
889 5029 927 5092 ad
950 5029 1087 5103 Mercurii
1119 5030 1208 5090 etiam
1235 5032 1398 5108 propriam,
1429 5044 1519 5104 sume
1544 5027 1689 5104 prioribus
1712 5029 1888 5090 rationibus

531 5131 614 5195 prop.
641 5121 679 5178 12
702 5125 733 5181 et
756 5119 806 5178 16.
828 5117 992 5194 stabilitas,
1021 5115 1161 5180 amedera
1192 5118 1323 5194 oportuit
1353 5113 1541 5180 intervalium
1567 5112 1691 5192 aequale
1719 5115 1886 5180 menduc
