4467 6192
873 653 1023 712 ιιιιιι.
1044 657 1133 728 caput
1149 657 1195 720 ιι.
1646 663 1708 726 ιιι

353 831 617 915 habentihuaffl),
639 835 684 895 uti
705 832 912 913 praediximus,
935 845 969 898 nt
990 847 1058 900 sunt
1079 841 1155 901 inter
1170 838 1271 899 divina
1286 840 1404 918 quidem
1426 845 1523 902 motus
1539 829 1710 904 coelestium

354 941 526 1002 corporum,
549 925 624 984 inter
645 923 782 986 mortalia
804 943 874 986 roro
896 935 993 986 motus
1015 929 1141 988 maxime
1156 927 1349 989 humanarum
1370 929 1532 990 animarum
1540 925 1616 1010 vm),
1641 931 1710 1008 qnia

355 1031 393 1072 ex
417 1011 492 1070 solis
515 1009 604 1071 dictis
627 1012 744 1088 utrique
767 1015 913 1092 competit,
933 1021 970 1074 ut
991 1031 1052 1074 ona
1074 1032 1138 1076 cam
1163 1018 1255 1092 primo
1278 1023 1308 1077 et
1329 1017 1538 1094 potentissimo
1561 1025 1656 1091 moin,
1680 1017 1711 1078 id

354 1107 402 1159 est
433 1116 501 1157 cnm
530 1107 615 1158 motu
643 1097 733 1158 locali
761 1102 880 1179 insuper
910 1104 998 1163 etlam
1021 1105 1144 1162 rationis
1173 1105 1329 1181 participes
1351 1105 1410 1163 sint
1422 1099 1500 1185 11()],
1532 1109 1649 1164 omnino
1681 1113 1711 1166 et

355 1189 551 1264 conspicuum
579 1185 636 1246 boe
659 1192 704 1246 est
733 1195 763 1248 ιι
785 1188 863 1248 dare
886 1187 1081 1263 demonstret,
1112 1189 1395 1268 quoniamquidem
1426 1192 1464 1252 ab
1488 1191 1605 1254 bomine
1628 1210 1710 1254 eom·
1775 1219 1782 1236 ·

354 1273 502 1354 prehendi
524 1282 637 1351 potest,
661 1276 757 1334 inesse
780 1277 816 1336 iis
840 1274 1062 1354 dispositionem
1085 1284 1114 1339 et
1136 1277 1419 1339 administrationem
1448 1273 1578 1356 aliquam
1603 1298 1710 1342 seeun-

357 1361 429 1422 dum
453 1361 639 1424 harmonicas
660 1379 799 1422 sonorum
821 1366 1043 1442 proportiones,
1074 1373 1108 1424 ιι
1129 1365 1247 1441 quidem
1278 1366 1377 1427 videre
1400 1371 1445 1428 est
1466 1384 1519 1444 per
1541 1375 1654 1446 partes,
1684 1371 1710 1428 si

357 1450 545 1526 disputemus
567 1448 604 1510 de
626 1459 752 1526 utroque
773 1468 880 1529 genem
901 1452 1086 1529 singulatim,
1108 1454 1194 1513 initio
1216 1455 1294 1515 iacto
1316 1453 1354 1514 ab
1375 1453 1438 1529 illo,
1466 1454 1544 1531 qnod
1567 1456 1710 1518 humanus

356 1540 475 1598 animas
497 1538 708 1615 complectitur.

444 1637 519 1693 Nota
536 1639 559 1694 1.
597 1637 662 1706 Gap.
681 1637 729 1695 IV.
746 1639 803 1706 jam
821 1638 968 1694 secundm
985 1639 1142 1709 aggreditur
1161 1639 1359 1710 quaestionem,
1378 1639 1405 1694 in
1418 1639 1515 1710 quibus
1527 1643 1610 1701 rebns
1627 1640 1711 1699 insInt

354 1716 558 1785 proportiones.
595 1716 660 1784 lpse
677 1716 799 1788 appellat
814 1739 863 1788 ψ
878 1739 926 1771 roo
943 1719 1108 1790 iconomo
1127 1723 1249 1788 ιυιιιιν,
1268 1733 1402 1787 quaeror
1418 1719 1570 1788 emphatice
1588 1721 1653 1778 satis
1672 1723 1710 1780 al·

354 1794 429 1849 ludit
445 1795 482 1850 ad
498 1795 574 1864 ipsas
591 1797 791 1864 proportiones,
809 1813 865 1852 nnn
883 1797 918 1853 ad
935 1795 1094 1853 immonem
1112 1799 1219 1866 mentis,
1239 1811 1309 1866 qnae
1327 1797 1360 1851 iis
1379 1805 1410 1853 ιι
1428 1797 1535 1866 objecto
1554 1815 1584 1854 ιι
1601 1809 1710 1857 exercet

353 1873 446 1943 iisqne
469 1883 501 1928 ιι
523 1875 673 1947 archetypo
699 1876 785 1932 utitur
812 1877 847 1933 ad
872 1875 1072 1932 eiiormandnm
1095 1876 1205 1946 aliquod
1230 1877 1390 1946 subjectum.
1425 1877 1619 1932 Demonstrant
1636 1879 1710 1936 hunc

355 1969 470 2008 aeneum
487 1954 563 2009 vocis
579 1962 608 2012 ιι
625 1956 715 2025 capita
734 1956 921 2026 dicendorum,
941 1957 1040 2028 quibos
1059 1957 1185 2012 omnibns
1203 1957 1256 2010 hoc
1274 1956 1343 2026 agit,
1361 1963 1392 2011 ut
1411 1955 1548 2025 ostendat,
1575 1956 1708 2026 quomodo

355 2039 452 2102 partes
471 2031 556 2088 ueluti
574 2035 767 2104 subjectorum,
787 2035 821 2091 ds
839 2037 937 2106 quibua
956 2044 1028 2107 aget,
1046 2037 1075 2090 in
1093 2038 1284 2107 proportiones
1300 2037 1472 2094 harmonicen
1490 2051 1637 2106 earrnnqne
1648 2027 1710 2106 pro'·

354 2113 431 2181 prias
450 2112 609 2170 affectiones
626 2114 781 2186 descriptae
798 2117 862 2176 sint.
1210 2159 1214 2167 ·

444 2191 518 2247 Nota
535 2193 570 2247 li
606 2193 704 2262 Ιιιιιι
731 2195 851 2250 cavenda
877 2201 921 2250 ιιι
942 2194 1103 2264 ambiguitas
1132 2194 1205 2249 cirea
1228 2195 1361 2250 humanas
1389 2193 1505 2262 animas3
1534 2191 1613 2247 aliter
1639 2191 1711 2248 ineat

355 2269 465 2326 animae
482 2269 599 2327 incultas
616 2272 787 2341 harmonica,
810 2272 891 2329 aliter
907 2282 1006 2328 natnra
1024 2271 1282 2343 contemperationis
1300 2273 1484 2328 harmonicae:
1505 2272 1560 2341 illa,
1578 2279 1610 2327 nt
1627 2286 1711 2326 cansa

354 2364 450 2403 rernrn
468 2357 548 2404 extra
564 2351 695 2419 animam,
715 2358 782 2421 puta
799 2359 908 2419 cnntns3
927 2354 993 2424 ista,
1020 2361 1051 2408 ιιι
1068 2353 1211 2409 exornatio
1230 2349 1348 2422 animae,
1367 2359 1496 2419 ιιιιιιιιιι
1515 2350 1629 2419 alicujus
1648 2347 1710 2404 suh·

351 2428 429 2499 jecti.
466 2429 509 2482 De
527 2429 574 2484 riio
593 2431 728 2487 Ιιιιιιιιιι
745 2439 848 2502 samm,
868 2433 902 2487 de
919 2433 973 2486 hoe
990 2439 1088 2500 agetur
1103 2432 1132 2486 in
1150 2431 1337 2499 sequentibus.

444 2508 589 2564 Notalil.
608 2509 699 2566 'Dicit
716 2517 822 2578 antem,
841 2511 944 2578 omnia,
963 2526 1034 2580 quae
1053 2527 1083 2565 ιι
1099 2510 1187 2582 primo
1205 2515 1327 2578 movent,
1345 2511 1374 2566 in
1392 2525 1422 2565 ιι
1441 2509 1579 2564 continere
1596 2505 1710 2563 iacnlta·

355 2595 398 2643 ιιι
410 2586 465 2641 baa
475 2585 654 2642 harmonicas.
674 2588 774 2644 deinde
784 2590 906 2660 inprimis
919 2591 1017 2660 omnia,
1036 2605 1107 2659 qnae
1117 2590 1230 2646 rationis
1244 2597 1307 2651 sunt
1319 2588 1475 2658 participle,
1493 2589 1548 2643 huc
1559 2586 1709 2643 referenda.
1733 2609 1742 2622 e

354 2669 557 2736 Argumentum
574 2666 628 2720 hoo
645 2667 732 2722 solum
751 2683 813 2722 esse
830 2667 938 2724 ridetur
955 2668 989 2723 da
1006 2669 1102 2737 primo,
1121 2667 1193 2737 qnod
1213 2667 1365 2721 necessario
1382 2666 1616 2737 praestantissima
1633 2680 1711 2735 prae·

355 2745 533 2800 stantissimis
550 2745 719 2802 conveniant.
754 2746 953 2802 Praestantism
972 2756 1061 2802 autem
1074 2747 1244 2802 harmoniees
1257 2752 1315 2800 toto
1328 2759 1410 2814 opere
1423 2745 1625 2814 demonstrarit,
1644 2748 1672 2798 ιι
1683 2741 1711 2796 in

355 2825 493 2895 principio
511 2825 607 2894 capitis
618 2828 651 2881 ’3.
670 2825 705 2882 ad
723 2833 840 2882 mentem
858 2827 995 2880 revocarit
1012 2825 1227 2893 inculcavitqu03
1253 2824 1420 2894 praestantia
1438 2839 1502 2879 vero
1521 2839 1623 2892 eornm,
1641 2834 1711 2894 qnae

355 2905 521 2977 principium
538 2913 628 2960 motus
646 2907 674 2959 iu
692 2919 724 2961 ae
742 2906 809 2976 ipsis
827 2907 943 2974 hahent,
961 2911 1027 2960 nota
1045 2911 1088 2959 est
1104 2904 1178 2973 apud
1197 2919 1290 2958 omnes
1308 2902 1500 2973 philosophos,
1523 2918 1639 2971 qnorum
1658 2899 1710 2956 dis·

355 2987 515 3056 potationes
533 2984 605 3038 inter
621 2999 654 3038 se
672 2992 812 3054 comparat
830 2984 986 3041 lllacrobius
1010 2986 1038 3038 in
1057 2983 1197 3039 Somnium
1215 2981 1348 3053 Scipionis
1367 2980 1401 3036 ad
1419 2979 1508 3036 tinem.
1545 2981 1597 3036 Est
1624 2985 1652 3036 ct
1669 2995 1711 3033 ar·

356 3073 517 3133 gumeutum
544 3069 654 3118 amota
671 3064 739 3132 ipso.
776 3063 845 3118 Nam
864 3071 955 3118 motus
974 3063 1127 3131 subiectum
1156 3071 1198 3117 ιιι
1217 3062 1360 3131 genuinum
1385 3059 1569 3127 harmonicas,
1597 3057 1711 3114 ethaeo

355 3144 461 3199 habent
478 3143 568 3212 ipsum
585 3143 668 3197 stiam
685 3142 848 3211 principium
865 3149 955 3197 motos
972 3142 1001 3196 in
1019 3157 1050 3197 se
1065 3141 1148 3212 ipsis,
1176 3142 1270 3197 eadem
1298 3150 1326 3196 ιι
1342 3140 1459 3196 formata
1477 3147 1541 3199 snut
1562 3138 1631 3194 ideis
1649 3153 1710 3208 per·

355 3222 507 3279 sectionum
524 3221 610 3291 ipsius
627 3227 727 3275 motus.
764 3221 792 3275 si
811 3221 882 3275 enim
901 3222 940 3276 sic
957 3222 1042 3275 motui
1061 3227 1177 3289 cognata
1195 3227 1267 3287 sunt,
1287 3230 1317 3277 ot
1334 3221 1401 3276 flant
1417 3220 1457 3275 illi
1470 3218 1643 3292 principium:
1662 3231 1711 3272 cur

354 3317 411 3358 non
429 3300 513 3354 etiam
531 3300 571 3356 sic
588 3307 682 3356 essent
697 3300 737 3355 illi
754 3307 883 3370 cognata,
903 3305 934 3356 nt
951 3300 1047 3357 iisdem
1065 3298 1207 3370 speciebus
1227 3293 1281 3356 tine
1298 3300 1425 3370 formata,
1449 3296 1549 3368 quibus
1567 3305 1595 3351 et
1612 3301 1710 3358 motus,
1813 3323 1817 3330 ·

355 3380 472 3434 sibene
489 3379 599 3434 formati
617 3385 695 3444 sunt,
713 3378 871 3435 formantur.

426 3458 482 3511 Pro
500 3456 586 3512 altero
605 3458 739 3513 rationem
756 3457 867 3513 adducit
882 3455 928 3514 bis
946 3457 1051 3513 verbis:
1075 3465 1192 3530 propter
1215 3465 1292 3516 ortos
1310 3461 1498 3529 cognationem
1523 3463 1549 3513 ιι
1565 3453 1710 3526 foradinri·

355 3546 450 3596 susem
488 3538 516 3592 Si
533 3539 603 3593 ratio
621 3539 812 3609 proportiones
830 3538 1001 3594 harmonicas
1019 3539 1130 3606 invenit,
1148 3545 1257 3608 oportet
1275 3538 1452 3593 strationem
1471 3545 1499 3591 et
1517 3551 1585 3607 quac
1598 3532 1711 3590 rationis

356 3625 424 3673 aaut
451 3618 586 3687 compotis
611 3616 831 3686 proportionibus
854 3617 1016 3672 harmonicis
1043 3617 1212 3673 familiariter
1236 3626 1369 3674 constare.
1406 3617 1435 3671 Si
1458 3617 1526 3673 baec
1553 3621 1711 3685 argumenta

355 3699 447 3766 logice
464 3697 659 3765 examinemus,
679 3712 748 3767 pura
765 3696 915 3752 necessitas
935 3711 989 3750 non
1008 3705 1129 3767 apparet.
1166 3698 1261 3754 Potest
1273 3698 1343 3754 enim
1357 3695 1478 3753 efficiens
1491 3692 1600 3765 aliquod
1618 3705 1711 3750 creare

354 3775 460 3846 aliquid
479 3788 544 3829 snae
560 3774 689 3844 propriae
706 3773 847 3829 essentiali
864 3774 1050 3829 constitutioni
1069 3774 1212 3846 dissimile,
1241 3777 1264 3832 si
1283 3776 1377 3832 saltem
1397 3776 1539 3846 conceptui
1558 3789 1608 3829 sno
1627 3771 1711 3828 iaciat

355 3855 459 3922 simile;
489 3853 666 3923 probabilitas
692 3861 784 3909 ιιιιιι
811 3860 854 3908 ιιι
874 3867 973 3921 magne
990 3862 1018 3910 et
1035 3854 1101 3908 milri
1128 3867 1235 3924 qnoque
1251 3854 1400 3925 respondet
1421 3870 1465 3910 res
1489 3855 1557 3924 ipsa.
1594 3851 1664 3906 iiam
1683 3857 1711 3904 et

289 3939 293 3945 ’
357 3935 423 3990 mihi
442 3933 547 3988 animus
565 3932 717 3988 formaliter
734 3932 842 4002 quidam
861 3932 944 3987 reltrti
963 3933 1081 3988 circulus
1099 3939 1153 4001 est,
1177 3947 1210 3987 ex
1229 3933 1307 4002 cnjus
1326 3935 1457 3990 divisione
1475 3931 1638 4003 geometrica
1656 3931 1711 3985 eri

356 4022 436 4070 stunt
454 4013 645 4083 proportiones
663 4012 837 4067 bar-monicae
855 4019 882 4066 et
901 4010 972 4067 idem
989 4011 1095 4067 enimus
1114 4011 1262 4083 hospitium
1279 4015 1393 4082 praehet
1410 4011 1630 4084 proportionibus
1649 4012 1710 4065 har·

356 4092 482 4159 monitis,
501 4098 533 4145 nt
551 4090 657 4146 entibus
675 4092 797 4148 rationis.
834 4091 922 4159 Igitur
945 4107 996 4159 ego
1015 4091 1156 4160 (fortassis,
1169 4092 1256 4148 minus
1280 4101 1406 4148 accurate
1424 4093 1553 4162 loquens,
1584 4091 1656 4162 qnod
1673 4089 1710 4145 vi·

357 4174 443 4229 deant
460 4171 516 4227 aliil
532 4170 635 4226 nnllam
653 4186 772 4240 agnosco
789 4180 952 4236 creaturam,
971 4170 1133 4241 principium
1152 4179 1242 4228 motus
1259 4173 1287 4228 in
1300 4187 1330 4228 se
1347 4173 1500 4243 habentem,
1520 4187 1589 4243 quae
1607 4171 1711 4226 ratione

357 4259 460 4310 eareat.
479 4250 535 4306 sive
552 4249 682 4305 instincta
699 4257 731 4305 nt
747 4251 866 4320 plantae,
886 4252 942 4307 sire
960 4252 1041 4306 etiam
1060 4250 1242 4320 discurrente,
1267 4261 1298 4308 nt
1315 4255 1405 4308 homo.
1441 4253 1554 4309 Divinae
1571 4251 1654 4323 igitur
1671 4250 1710 4304 in·

357 4330 598 4403 comprehensibili
615 4332 749 4386 essentiae
772 4331 853 4400 plane
870 4331 979 4385 insitam
997 4334 1038 4396 (ιι
1054 4330 1098 4385 ias
1116 4331 1210 4386 sitite
1227 4330 1312 4402 loqrri)
1331 4333 1498 4388 harmoniam
1516 4331 1577 4388 ideo
1596 4331 1710 4402 aiilrmn,
1808 4373 1812 4388 ,

358 4427 413 4466 ιιι
433 4409 499 4478 qnia
521 4408 569 4463 illa
585 4415 675 4465 motus
693 4417 800 4479 auctor,
827 4410 875 4464 sed
893 4410 957 4480 qnia
979 4409 1129 4479 geometria
1152 4409 1192 4465 iili
1215 4417 1367 4467 coaeterna
1403 4412 1511 4466 Montes
1536 4425 1599 4464 rero
1618 4423 1710 4464 omnes
1793 4437 1798 4449 ι

357 4504 448 4556 usque
466 4486 501 4542 ad
519 4487 620 4542 formas
638 4487 808 4558 plantarum,
833 4487 930 4559 quibua
950 4496 993 4544 ιιι
1009 4490 1154 4546 instinctus
1172 4497 1341 4560 concreatus,
1361 4488 1484 4546 similiter
1501 4489 1587 4554 intus,
1614 4487 1642 4541 in
1662 4503 1712 4543 sna

357 4585 412 4623 non
432 4565 520 4621 multo
537 4566 623 4635 magis
641 4567 877 4636 comprehensibili
895 4568 1022 4637 essentia,
1040 4570 1172 4626 iormatas
1191 4585 1252 4626 osse
1270 4567 1433 4631 harmonice,
1450 4567 1511 4622 ideo
1526 4565 1628 4636 judico,
1648 4567 1712 4636 quia

358 4653 424 4701 sunt
442 4644 609 4714 exemplaria
625 4646 678 4702 Dei
687 4685 693 4711 ,
715 4663 770 4701 non
787 4648 861 4712 ideo,
887 4648 954 4716 qnia
970 4648 1087 4718 primum
1104 4656 1222 4704 movent.
1259 4650 1314 4704 lies
1333 4647 1448 4718 deniquo
1470 4653 1597 4701 externas
1616 4657 1711 4715 corpo·

360 4739 433 4790 reas,
453 4723 476 4776 si
494 4731 642 4792 potuerunt
658 4742 675 4779 ι
693 4726 797 4780 ratione
815 4725 906 4780 libere.
918 4726 1036 4780 iormsri.
1055 4744 1126 4795 qnae
1144 4727 1251 4797 quidem
1270 4743 1323 4781 non
1338 4725 1520 4796 impediuntur
1537 4726 1563 4780 in
1581 4741 1632 4780 usn
1650 4725 1711 4781 har·

358 4802 490 4872 monicae,
508 4803 695 4858 transformari
713 4821 767 4874 qna
783 4804 849 4860 iicet
865 4804 893 4859 in
910 4805 986 4860 ideas
1005 4805 1184 4862 harmonicas.
1203 4803 1330 4860 credibile
1349 4819 1408 4859 esse
1426 4803 1560 4876 eoncedo;
1583 4803 1629 4860 nbi
1647 4817 1711 4860 rero

358 4881 473 4936 bbertas
490 4879 659 4938 demotionis
676 4883 822 4954 impeditur
838 4883 942 4952 legibus
960 4891 1074 4940 naturae
1099 4890 1127 4937 ιι
1143 4883 1190 4937 nbi
1208 4882 1330 4938 eoniosio
1355 4891 1397 4938 est
1415 4883 1608 4953 quantitative,
1632 4883 1711 4940 iniis

358 4961 449 5014 inesse
468 4958 578 5030 quidem
595 4961 696 5030 largior
712 4961 881 5029 harmonias,
899 4960 953 5016 'sed
976 4960 1099 5028 potentia
1117 4969 1237 5029 tantum
1262 4968 1290 5016 et
1313 4961 1336 5016 si
1354 4969 1429 5018 motu
1445 4963 1628 5019 intercedente
1649 4979 1711 5019 con·

359 5033 483 5093 iusarnm
508 5041 714 5111 proportionum
738 5041 821 5098 series
839 5039 984 5096 diducatur
1004 5039 1032 5093 in
1049 5047 1185 5111 tempora,
1210 5040 1321 5112 agnosci
1343 5048 1372 5096 st
1389 5041 1499 5112 probari
1520 5043 1710 5114 proportiones
