4467 6192
542 673 607 733 too
1010 669 1177 739 Appendicis
1195 669 1418 726 Harmonicorum
1455 663 1457 668 ’

543 847 674 906 tionibus
702 845 841 924 legitimis
873 848 1020 924 explicare
1049 866 1108 908 nou
1137 850 1209 913 salt.
1252 851 1314 910 Nec
1335 867 1465 926 uuquam
1495 849 1606 909 crimini
1637 847 1718 920 dedi,
1748 843 1895 924 mysteria

544 933 673 1008 tradere3
703 953 793 1009 quare
817 944 955 1007 nonest,
987 953 1039 994 ear
1061 936 1178 996 doleam
1199 940 1366 1014 exprobrari
1390 937 1459 996 mihi
1483 937 1614 999 libellum
1637 951 1732 995 meum
1763 936 1894 1013 primunr

544 1022 602 1081 hoc
631 1023 718 1082 titulo
740 1025 889 1100 scriptum.
935 1023 1126 1083 Facilitatem
1154 1026 1234 1084 illius
1256 1026 1348 1085 libelli
1377 1034 1446 1084 tunc
1468 1041 1643 1099 agnoscam,
1671 1024 1724 1082 ubi
1753 1033 1787 1080 tu
1810 1019 1895 1079 illam

544 1108 698 1170 detexeris.
745 1110 836 1170 Lucis
858 1119 885 1170 et
907 1112 1102 1171 tenebrarum
1125 1113 1244 1190 effectus
1265 1113 1421 1174 nonnullos
1442 1114 1576 1189 ignorare
1591 1127 1719 1190 possum,
1742 1109 1895 1193 abuegari

543 1213 695 1274 nunquam
718 1213 769 1257 ora
790 1197 871 1261 doro.
916 1198 1064 1257 Mathesiu
1086 1203 1112 1258 si
1141 1211 1172 1259 ta
1196 1201 1283 1260 aliam
1305 1203 1382 1260 nosti
1406 1203 1535 1277 (praeter
1560 1201 1712 1274 vulgarem
1741 1197 1844 1267 illam,
1878 1212 1896 1253 a

544 1301 608 1360 qao
627 1284 806 1345 denominati
836 1287 966 1361 luerunt,
996 1294 1143 1362 quotquot
1173 1287 1314 1348 hactenus
1337 1289 1534 1348 mathematici
1567 1281 1781 1365 celebrantur),
1818 1301 1895 1359 quae

544 1372 659 1431 scilicet
680 1375 719 1431 sit
740 1375 896 1433 naturalis
917 1381 946 1432 et
964 1371 1124 1451 immotis,
1156 1393 1219 1434 eam
1244 1393 1299 1451 ego
1319 1377 1424 1436 ⁴lateor
1452 1391 1616 1451 numam
1646 1373 1804 1446 delibutae,
1841 1372 1895 1428 nisi

543 1459 581 1518 ad
611 1461 859 1536 generalissimam
891 1463 971 1520 vocis
1003 1463 1144 1537 originem
1173 1462 1371 1538 ,confugimus
1401 1463 1530 1522 dimissis
1563 1459 1790 1537 quantitatibus.
1849 1457 1895 1516 Da

543 1546 596 1605 illa
617 1549 706 1620 igitur
733 1551 808 1608 scito
837 1567 885 1608 me
914 1549 963 1607 hie
993 1566 1051 1608 non
1080 1567 1144 1609 esse
1168 1551 1315 1626 locutum3
1346 1551 1457 1611 habeas
1488 1550 1541 1608 tibi
1564 1548 1693 1607 Roberte
1721 1545 1844 1605 laudem
1867 1552 1896 1603 et

545 1634 623 1693 illius
647 1645 676 1693 et
699 1635 980 1695 demonstrationum
1003 1638 1032 1693 iu
1047 1636 1108 1710 iila,
1133 1655 1312 1714 quaequam
1336 1641 1394 1697 sint
1408 1645 1571 1709 accuratae,
1595 1653 1683 1712 quam
1698 1641 1809 1704 certae,
1834 1639 1895 1690 tute

544 1731 639 1781 tecum
659 1723 809 1799 judicabis
837 1727 969 1784 sinemo
992 1726 1111 1783 arbitro.
1157 1725 1256 1785 Motus
1285 1744 1341 1803 ego
1372 1727 1469 1802 cogito
1490 1719 1626 1784 ¹risibiles
1657 1739 1808 1797 sensaque
1832 1722 1896 1795 ipso

545 1809 791 1882 determinabiies,
814 1819 844 1869 tu
869 1820 955 1870 octus
976 1813 1110 1873 tarenos
1133 1814 1322 1874 considmoto
1345 1812 1439 1889 dequo
1460 1813 1496 1871 iis
1518 1813 1548 1869 in
1572 1809 1681 1888 gradus
1707 1809 1897 1884 distinguen-

544 1897 589 1955 dis
611 1897 765 1972 laborat03
788 1897 925 1958 noudum
941 1916 994 1974 epo
1008 1907 1092 1958 teneo
1113 1900 1166 1960 sed
1182 1919 1279 1974 rnano,
1304 1909 1335 1960 tu
1350 1907 1444 1976 caput
1464 1899 1657 1976 amplectaris
1673 1905 1781 1962 mente,
1808 1893 1896 1953 modo

544 2002 580 2042 nc
604 1987 772 2060 somnians3
805 2003 861 2060 ego
888 1995 1042 2045 contentus
1064 2004 1129 2044 sum
1152 1987 1260 2064 effectis
1288 2005 1340 2048 sou
1365 1987 1547 2066 planetarum
1576 1985 1722 2056 motibus,
1754 1993 1788 2042 tu
1818 1984 1845 2040 si
1868 1985 1896 2038 iu

543 2073 618 2149 ipsis
641 2075 738 2132 causis
762 2075 897 2131 invenisti
920 2074 1086 2133 harmonias
1115 2074 1190 2134 adeo
1212 2075 1356 2152 liquidae,
1387 2093 1475 2152 quarn
1497 2083 1565 2133 sunt
1593 2089 1677 2132 meae
1699 2073 1728 2128 io
1751 2071 1893 2140 motibus,

544 2176 672 2235 aequum
695 2164 766 2231 erit,
794 2170 828 2218 nt
849 2177 905 2235 ego
927 2169 957 2221 et
979 2161 1033 2220 tibi
1063 2159 1099 2220 de
1123 2165 1291 2222 inventione
1321 2162 1442 2224 etmihi
1473 2160 1509 2221 de
1535 2161 1722 2239 perceptione
1750 2157 1895 2234 gratuler,

543 2249 594 2305 nbi
617 2251 742 2323 primam
764 2250 913 2325 percipere
936 2255 1048 2326 potero.

631 2333 792 2395 inhaerere
812 2355 871 2407 me,
885 2336 984 2409 dieis,
1014 2353 1104 2396 cocao
1127 2344 1155 2396 et
1176 2338 1239 2397 lato
1261 2337 1509 2413 impossibilitatis
1530 2353 1614 2394 meae
1637 2334 1811 2408 ἀοσΐνίηαις
1840 2347 1896 2390 noo

542 2439 608 2480 sum
630 2421 718 2498 hujus
740 2423 942 2499 perplexitatis
963 2424 1035 2482 mihi
1058 2426 1203 2498 conscius,
1227 2441 1292 2500 age,
1316 2442 1362 2484 me
1385 2424 1491 2484 doceto
1507 2422 1543 2482 de
1559 2423 1605 2482 his
1620 2423 1776 2498 angustiis,
1801 2420 1896 2478 fidelis

542 2511 684 2583 monitor,
715 2509 763 2569 dic
785 2512 850 2582 ubi,
882 2511 972 2589 quid,
1004 2511 1153 2587 quomodo
1176 2511 1405 2588 inexplicabile?
1454 2511 1581 2586 Oblipur
1604 2510 1734 2568 vinculis
1758 2508 1897 2567 obeeuri·

542 2599 613 2654 totle
632 2598 892 2672 perplexissima?
935 2597 1044 2658 Verum
1067 2601 1175 2660 crimen
1198 2602 1314 2674 arguis,
1343 2601 1368 2658 si
1390 2601 1532 2663 materiae
1554 2597 1740 2657 insolentiam
1774 2597 1896 2654 novita-

543 2692 671 2762 temque,
694 2687 718 2742 si
742 2702 836 2743 mores
860 2685 948 2762 haias
970 2684 1076 2758 secuit,
1111 2688 1137 2744 si
1166 2686 1333 2763 neglectum
1355 2686 1582 2756 mathematum,
1613 2687 1639 2744 si
1671 2692 1824 2759 stuporem
1847 2685 1896 2739 ia-

543 2773 697 2845 geuiorum
719 2774 898 2849 respicimus.
943 2773 1010 2832 Nou
1033 2773 1061 2831 id
1086 2783 1183 2832 tamon
1200 2776 1347 2850 privatam
1362 2791 1469 2833 meum
1482 2775 1589 2832 crimen
1605 2779 1658 2844 est,
1682 2773 1782 2830 socios
1798 2770 1895 2828 habeo

547 2858 701 2937 Pappum,
726 2859 883 2933 Serenam,
907 2860 1097 2937 Apollonium
1122 2870 1151 2920 et
1174 2858 1242 2942 (pro
1265 2871 1294 2921 ta
1317 2861 1449 2937 quidem,
1482 2861 1669 2920 obscuritatis
1689 2853 1895 2935 aestimatore)

542 2947 639 3021 ipsum
661 2945 735 3006 adeo
759 2946 920 3008 Euclidem.
964 2947 1010 3006 Tu
1032 2965 1103 3007 vero
1127 2949 1198 3008 cedo
1222 2949 1291 3007 mihi
1315 2946 1499 3021 cathedram,
1521 2944 1606 3008 ‘cedo
1630 2945 1810 3006 auditorium
1833 2945 1892 3002 tre-

544 3051 650 3108 quons,
681 3035 831 3094 assiduum
854 3042 883 3094 et
904 3042 1063 3110 attentum,
1094 3036 1167 3095 cedo
1186 3037 1373 3113 Juventutem
1395 3035 1601 3114 philosophiae
1631 3041 1817 3110 operantem:
1852 3032 1894 3091 el-

542 3121 638 3180 tioiam
668 3138 734 3181 com
758 3123 822 3182 Deo
851 3124 927 3182 intra
956 3130 1112 3196 semestre,
1147 3131 1180 3182 ut
1210 3124 1254 3181 illi
1277 3122 1379 3204 (tuque
1409 3122 1485 3182 adeo
1515 3125 1578 3200 ipse
1608 3123 1682 3180 inter
1704 3128 1836 3190 ceteros,
1869 3121 1892 3176 si

544 3207 688 3286 volueris)
716 3227 753 3270 cu
774 3211 891 3287 loquele
911 3211 976 3269 istis
999 3209 1280 3287 difficultatibusque
1304 3211 1483 3280 liberemini,
1514 3227 1574 3278 nou
1597 3211 1694 3267 minua
1717 3216 1808 3283 atque
1830 3209 1894 3282 ipse

544 3305 746 3356 consummato
773 3297 848 3356 libro
879 3313 962 3356 meae
984 3297 1176 3358 Hanuouices
1207 3299 1326 3358 tandem
1349 3284 1463 3358 emersi.
1508 3298 1639 3358 Interim·
1654 3295 1723 3354 dum
1754 3297 1785 3352 ia
1808 3295 1893 3367 igno·

536 3387 661 3443 tantine
683 3387 798 3460 gurgite
829 3391 913 3443 natat
935 3385 1130 3463 pulcherrime
1160 3384 1310 3460 doctrina,
1343 3385 1413 3443 nihil
1436 3401 1493 3460 ego
1515 3385 1552 3444 de
1569 3383 1667 3444 solute
1689 3383 1814 3442 bonoria
1834 3384 1892 3438 mei

547 3487 611 3529 sum
635 3470 789 3550 sollicitas,
812 3475 862 3548 qui
884 3489 931 3530 ma
954 3475 1015 3531 scio
1040 3473 1095 3533 Dei
1120 3476 1257 3533 creatoris
1280 3473 1383 3532 honori
1408 3470 1590 3549 propalando
1613 3470 1794 3530 destinatum
1818 3485 1891 3527 esse

619 3557 684 3616 »hd
707 3557 843 3618 XXVII.
872 3576 935 3618 aea
960 3560 1262 3635 complementum
1291 3563 1425 3620 numeri
1455 3559 1669 3636 auaiysoom
1714 3556 1773 3615 Per
1799 3556 1891 3614 Deum

545 3646 737 3704 immortalem
761 3653 789 3705 te
811 3663 892 3721 rogo,
916 3647 1065 3706 abstineas
1087 3663 1207 3707 menum
1229 3651 1420 3707 asumrnario
1437 3649 1533 3723 operis
1549 3650 1603 3706 ruci
1625 3643 1790 3713 scribendo,
1815 3643 1890 3719 quod

547 3734 646 3790 mitius
673 3732 775 3792 dixero
795 3741 828 3793 te
855 3751 914 3792 uon
938 3734 1114 3810 intelligere,
1145 3753 1232 3810 quam
1255 3737 1280 3793 si
1304 3735 1399 3794 dicam
1422 3743 1451 3793 te
1473 3733 1570 3793 studio
1594 3739 1772 3810 pervertere.
1820 3730 1890 3788 Mihi

547 3837 605 3878 non
629 3828 673 3878 est
696 3820 777 3879 aliod
798 3821 979 3881 harmoniae
999 3823 1182 3896 adjectum,
1213 3839 1301 3898 quarn
1325 3823 1385 3880 bini
1409 3822 1551 3897 cujusque
1574 3821 1744 3880 harmoniae
1767 3819 1889 3877 termini

544 3907 625 3966 Situs
647 3924 718 3967 vero
738 3907 923 3984 planetarum
945 3911 974 3966 in
998 3909 1081 3968 coelo
1103 3927 1161 3968 non
1184 3919 1253 3968 surrt
1275 3911 1490 3968 harmoniarum
1513 3925 1643 3968 ursarum
1667 3908 1800 3977 tormini,
1834 3921 1888 3962 uon

545 3997 632 4069 igitur
662 3995 796 4070 sabjecta
823 3996 1048 4057 harmoniarum.
1098 3997 1131 4056 Si
1159 4013 1230 4056 vcro
1266 3997 1303 4056 de
1335 3997 1401 4056 iibri
1434 3999 1491 4055 mei
1521 3999 1614 4072 quinti
1648 3995 1888 4053 Harmonieorura

544 4081 688 4157 subjecto,
711 4081 741 4139 id
764 4091 810 4143 est
831 4087 953 4142 materia
974 4101 1026 4143 aea
1049 4085 1197 4162 capitibus
1220 4083 1342 4159 intelligi
1367 4088 1420 4154 ris,
1436 4083 1568 4159 loquore
1584 4085 1672 4158 igitur
1688 4082 1837 4150 distincte,
1861 4089 1890 4138 at

545 4187 581 4227 ne
605 4172 634 4226 in
658 4169 788 4228 troadem
810 4187 906 4229 meam
928 4171 1102 4247 intelligaris
1125 4190 1143 4231 a
1164 4171 1333 4230 lectoribus.
1378 4171 1494 4229 Partem
1516 4174 1594 4232 onim
1617 4170 1749 4245 aliquam
1773 4169 1842 4226 libri
1857 4167 1889 4224 l'.

519 4299 522 4308 .
546 4257 617 4318 lacit
638 4255 691 4315 illa
713 4256 879 4316 distributio
902 4261 990 4335 spatii
1012 4259 1112 4317 mundi
1136 4258 1253 4323 mobilis
1276 4261 1350 4319 inter
1371 4258 1515 4334 planetae,
1538 4258 1617 4318 lucta
1640 4255 1803 4316 secundum
1823 4271 1889 4332 pro-

543 4347 708 4420 portionem
739 4345 853 4404 oobium
880 4344 1326 4422 figuraliumgeouretricorurn.
1372 4346 1474 4422 Neque
1501 4346 1573 4404 mihi
1600 4347 1755 4406 collocatio
1783 4341 1888 4401 Terrae

542 4435 623 4490 inter
650 4431 751 4491 sidero
779 4433 1030 4507 complementum
1063 4442 1106 4492 est
1125 4434 1305 4492 hor-monice
1331 4435 1437 4506 ipsius,
1471 4433 1522 4492 sed
1545 4433 1620 4492 bcua
1651 4434 1773 4490 extremi
1797 4439 1888 4488 motus

544 4519 669 4577 Telluris
692 4531 761 4578 sunt
783 4519 1026 4597 complementum
1054 4524 1166 4580 numeri
1190 4523 1391 4593 terminorum,
1422 4521 1529 4597 quibus
1561 4521 1747 4580 continentur
1769 4533 1888 4596 propor-

451 4621 454 4628 ·
544 4608 640 4668 tiones
663 4607 852 4668 harmonicae
872 4607 1023 4669 coelestes.
1070 4608 1102 4667 lo
1135 4609 1240 4667 sitibus
1262 4606 1446 4684 planetarum
1468 4609 1540 4684 ipsis
1571 4607 1665 4666 nullas
1695 4615 1797 4665 statuo
1820 4621 1887 4663 cou-

544 4697 704 4768 sonautlas,
728 4695 834 4754 lrastra
857 4697 934 4756 euim
956 4697 1013 4767 lui,
1044 4711 1110 4754 cum
1132 4696 1162 4752 in
1186 4695 1244 4754 iilis
1267 4696 1320 4756 hae
1344 4712 1531 4770 quaererem·
1570 4693 1672 4770 Neque
1696 4693 1885 4770 philosopho-

543 4799 606 4840 rum
636 4781 717 4841 dicta
744 4790 884 4858 torqueo,
919 4801 986 4844 cum
1017 4783 1130 4842 rneulls
1159 4789 1225 4841 uter
1255 4783 1428 4842 dubitativis
1459 4784 1551 4860 sorte,
1585 4781 1693 4858 quibus
1725 4783 1821 4838 omnis
1848 4781 1887 4834 ris

543 4877 752 4930 tormentorum
774 4879 932 4929 enervatur
954 4878 983 4930 et
1004 4872 1168 4931 remittitur.
1217 4870 1284 4930 Tibi
1307 4885 1433 4946 namque
1456 4874 1621 4945 caterisque
1635 4867 1795 4928 lectoribus
1816 4867 1886 4924 libe-

542 4975 607 5017 rum
628 4955 770 5032 relinquo,
794 4957 865 5032 qnid
887 4957 990 5017 eredas
1013 4958 1226 5035 Pythagoricos
1248 4959 1396 5017 insinnare
1419 4955 1558 5016 voluisse.
1604 4955 1665 5015 Nec
1690 4973 1739 5014 mo
1760 4963 1884 5015 contem·

543 5045 691 5122 plationes
712 5043 900 5104 harmonicae
923 5046 1039 5105 demam
1061 5045 1251 5119 induxerant,
1284 5052 1317 5104 ut
1338 5045 1458 5106 Terram
1480 5045 1557 5102 lutor
1579 5041 1677 5102 sidera
1698 5057 1880 5111 numerarem,

541 5133 605 5209 jam
635 5130 745 5190 dudum
773 5130 831 5190 boc
858 5130 966 5208 dogma
996 5135 1110 5210 magnis
1143 5134 1292 5211 magistris
1324 5139 1479 5210 acceptum
1508 5131 1589 5206 iero;
1630 5131 1810 5191 noonomn
1833 5133 1878 5200 ert,
