4467 6192
927 744 1131 804 dcllsrmonie
1655 751 1695 815 66

344 847 584 993 Mendrion,
602 921 809 996 tilenseimeiir,
827 925 860 975 e'd
877 939 917 976 me
927 926 1083 990 'perscriptos
1100 927 1237 976 successive
1254 902 1348 991 occepi,
1365 924 1399 975 ed
1415 937 1480 992 quse
1494 928 1580 976 ierom
1591 927 1697 990 penurie

344 993 542 1047 bebelieriorum
559 1009 688 1064 uunquem
710 997 843 1048 rescribere
867 994 946 1046 licuit.
982 995 1054 1048 tiene
1075 1007 1132 1045 eum
1153 997 1305 1057 rescribendi
1323 998 1422 1046 occesio
1444 1010 1471 1046 se
1493 997 1575 1064 oden,
1598 1001 1696 1062 tempus
1795 997 1800 1006 '

345 1079 395 1116 uon
415 1067 483 1118 setis
501 1065 627 1134 prolixum
644 1066 758 1129 suppetit
774 1065 875 1128 singule
885 1065 1061 1130 prosequendi.
1090 1064 1164 1128 Quod
1182 1071 1265 1116 eutem
1284 1071 1359 1129 ceput
1376 1068 1475 1134 estrei,
1492 1069 1565 1117 mitto
1582 1065 1623 1116 vel
1639 1073 1696 1118 ten-

347 1135 404 1186 dum
429 1137 524 1197 ogeru
542 1137 648 1186 duorum
670 1139 780 1200 priorum
803 1135 924 1184 librorum
943 1135 1117 1201 liermonicee,
1140 1149 1200 1191 non,
1214 1131 1340 1202 sculptas,
1363 1137 1408 1186 esd
1431 1135 1571 1187 delineetes
1597 1136 1696 1190 edem.

239 1213 241 1230 '
346 1205 406 1256 ideo
416 1219 478 1256 non
497 1205 617 1274 seniptee,
636 1207 698 1272 quie
714 1220 753 1256 res
771 1211 808 1256 eet
824 1205 971 1270 plenissime
986 1201 1066 1262 tsedii
1084 1209 1109 1254 et
1119 1206 1226 1268 prodige
1243 1209 1369 1272 temporis,
1387 1211 1426 1256 tot
1437 1204 1571 1258 scrobuloe
1582 1209 1610 1256 in
1626 1207 1696 1269 ligno

347 1276 499 1332 obediendi.
534 1277 608 1326 Adde
625 1276 695 1342 qnod
712 1273 818 1326 debilior
835 1277 904 1326 risus
921 1289 1005 1340 meus,
1023 1275 1137 1338 quotidie
1155 1273 1211 1339 plne
1228 1275 1372 1343 hebemus,
1390 1290 1442 1341 norp
1458 1279 1554 1340 petitur
1571 1276 1635 1328 telis
1652 1279 1697 1328 diu

345 1351 457 1400 tentem,
493 1345 715 1407 virissim'meeie
735 1347 798 1394 mibi
820 1346 931 1395 errIdent
953 1357 1047 1394 eeneee
1064 1343 1188 1411 tebellse,
1215 1342 1268 1394 illis
1289 1359 1419 1409 exerceor,
1444 1347 1600 1409 peredoxnm
1617 1348 1696 1398 dictu:

344 1417 442 1465 minori
458 1415 546 1466 lebore
564 1419 647 1478 meins
664 1416 727 1482 quid
743 1417 770 1466 iu
788 1429 866 1479 cupro
882 1419 1032 1478 praestatur.
1067 1413 1165 1480 Quodpi
1183 1429 1240 1476 ergo
1257 1414 1378 1481 volueris,
1401 1418 1429 1465 in
1451 1430 1494 1466 ees
1515 1418 1625 1467 incidem
1649 1419 1696 1469 bes

345 1487 442 1547 ireres
460 1491 486 1536 et
503 1487 607 1552 quidem
623 1484 797 1552 libentissime,
816 1487 852 1536 sic
870 1487 937 1534 enim
953 1483 1049 1536 leboris
1066 1486 1109 1532 det
1126 1485 1302 1548 compendium
1319 1491 1343 1535 et
1360 1488 1445 1535 omnis
1458 1485 1595 1549 elegantius
1605 1488 1697 1551 ,pmii-

346 1557 420 1606 bnnt.
459 1556 566 1606 Possent
584 1557 669 1605 omnis
685 1557 712 1606 in
729 1557 894 1618 peueissimes
913 1552 928 1606 3
947 1553 987 1603 vel
1004 1551 1021 1606 i
1039 1552 1146 1606 tebellee
1164 1555 1244 1616 rediri
1262 1560 1287 1605 et
1302 1558 1413 1606 numeris
1435 1557 1556 1619 distingui
1574 1560 1697 1624 certisque

347 1623 411 1676 locis
431 1627 509 1676 inseri
526 1631 553 1674 et
567 1623 647 1675 lector
662 1624 724 1675 iiiuc
740 1627 843 1675 remitti.
869 1623 919 1676 Sed
937 1628 1052 1688 exspecto
1070 1633 1224 1687 responsum.
1479 1686 1484 1696 ¹

434 1695 624 1760 Proportionem
642 1697 740 1745 orbium
758 1709 789 1744 ex
807 1694 823 1748 5
842 1695 987 1758 corporibus
1011 1692 1166 1754 reruinibus
1186 1697 1314 1758 inscriptis
1341 1695 1480 1746 dulceium
1501 1695 1554 1748 elie
1578 1698 1695 1752 methodo
1753 1732 1760 1747 .

347 1767 490 1829 exprimere
507 1768 594 1828 seua,
613 1779 681 1815 more
698 1767 847 1816 snetomicis
864 1767 959 1814 unteto
977 1764 1025 1814 ieci
1042 1765 1135 1826 flentes
1146 1763 1271 1828 spertilee,
1289 1770 1319 1814 nt
1333 1767 1465 1828 introspici
1480 1769 1568 1830 possit.
1598 1767 1697 1830 Quodsi

346 1834 436 1898 pisces
447 1837 503 1900 ⁸iste
520 1836 623 1898 modus,
645 1835 687 1884 iec
704 1837 839 1899 uteeim,
862 1833 1000 1894 elegantius
1017 1832 1090 1883 illum
1108 1835 1186 1896 cupro
1202 1833 1349 1897 insculpam.
1386 1833 1508 1885 Aculeete
1525 1834 1575 1886 dno
1591 1852 1697 1901 corpore

345 1905 394 1954 teci
419 1908 524 1968 gemine
545 1919 590 1968 pro
610 1905 711 1970 ,diverso
735 1911 849 1969 espeetm
873 1902 980 1965 eligetur
1003 1904 1157 1957 commodius
1178 1905 1286 1954 seberus.
1320 1903 1447 1957 Tredecim
1465 1907 1628 1958 Archimedes
1643 1912 1695 1969 iem

348 1981 408 2024 ente
428 1975 530 2040 quidem
548 1977 644 2038 pyrints
661 1977 755 2026 nuncio
774 1977 961 2037 inscripserem,
980 1974 1025 2024 sed
1041 1976 1103 2040 quie
1120 1987 1164 2028 sex
1181 1977 1322 2039 posteriora
1338 1981 1363 2026 te
1380 1976 1508 2038 ecoepieee
1522 1991 1611 2043 nepes,
1623 1991 1697 2028 nune

346 2057 433 2095 rursus
450 2045 605 2096 edumbresi
642 2042 716 2094 biitto
730 2046 817 2096 'etim
839 2043 995 2107 exsculptum
1019 2048 1147 2110 truncum,
1169 2047 1243 2107 nugis
1264 2047 1327 2094 meis
1350 2047 1440 2108 opticie
1464 2046 1628 2112 dmtiuetum,
1653 2048 1697 2098 sed
1794 2072 1798 2079 ,

346 2117 409 2180 quis
427 2117 478 2164 tibi
494 2115 579 2164 ioreeu
597 2116 655 2164 ueni
674 2117 727 2166 esse
744 2117 844 2181 poterit,
863 2113 952 2164 lubens
970 2111 1113 2176 iilocereo.
1150 2113 1251 2164 determ
1270 2112 1320 2168 112
1336 2113 1479 2179 unoculus,
1503 2115 1697 2178 'l‘nbingsetibi

346 2187 430 2250 uisos,
455 2187 535 2235 etism
553 2184 647 2234 dudum
670 2185 718 2233 tibi
740 2185 883 2235 consecravi
900 2190 925 2232 ei
943 2184 1009 2233 dono
1027 2183 1098 2246 dedi,
1122 2186 1197 2241 modo
1219 2189 1273 2234 tem
1296 2201 1377 2236 messe
1399 2186 1479 2236 lectos
1502 2201 1533 2236 ne
1551 2189 1697 2250 sepemeris.

347 2254 394 2305 bed
415 2253 502 2304 sdbnc
518 2255 650 2315 'l'nbingee
667 2255 771 2304 benene
788 2258 813 2304 et
830 2257 989 2316 exspectent,
1016 2254 1094 2304 donec
1110 2255 1143 2306 i).
1162 2255 1311 2318 Preeeeptor
1327 2255 1478 2305 lieeetlinns
1501 2258 1620 2310 tirocinie
1641 2271 1697 2308 mee
1778 2292 1782 2304 .

348 2327 442 2387 optice,
460 2329 521 2374 ente
539 2326 672 2384 trienninm
690 2326 723 2373 ed
743 2325 891 2376 censendum
909 2322 959 2386 ipsi
971 2321 1060 2388 oblate
1078 2328 1102 2373 et
1119 2325 1240 2374 bectenns
1258 2328 1342 2376 nescio
1359 2327 1450 2391 quibus
1467 2328 1543 2376 moris
1555 2327 1624 2377 domi
1635 2341 1697 2377 suse

347 2394 458 2460 emes,
477 2395 511 2444 ed
530 2392 667 2447 editionem
684 2392 723 2444 vel
741 2393 843 2444 tendem
859 2394 1016 2457 promosset:
1033 2389 1094 2444 tu'nc
1110 2391 1170 2444 ilios
1188 2400 1254 2444 certo
1271 2394 1319 2445 tibi
1336 2395 1443 2455 medem.
1508 2418 1515 2430 ·

368 2509 370 2516 ,
434 2465 496 2514 Jem
514 2465 666 2514 intermixtis
690 2461 842 2530 quibusdem
863 2461 896 2513 de
917 2462 993 2525 globo
1010 2464 1043 2512 eb
1065 2465 1122 2534 ipso
1145 2464 1269 2528 coniecto,
1294 2465 1325 2515 de
1349 2465 1431 2526 effigie
1453 2463 1555 2516 Buoidi
1576 2467 1699 2516 itidems

347 2533 504 2584 bebicksrdo
523 2532 667 2599 exsculpto,
686 2531 766 2600 deque
782 2534 907 2598 incendio,
925 2547 976 2599 qno
995 2530 1074 2586 (1.19.
1088 2534 1142 2595 Oct.
1160 2534 1302 2596 Veibingse
1318 2533 1352 2589 25
1371 2534 1446 2585 sedes
1465 2533 1625 2598 ettemplum
1640 2551 1698 2586 con·

347 2609 430 2652 muris
443 2605 504 2668 sint
509 2605 562 2669 'per
573 2603 634 2653 beso
642 2605 716 2654 tinem
728 2603 790 2654 iecit
805 2601 983 2654 Scbiolerdus:
1002 2601 1067 2653 nibil
1079 2603 1169 2671 babeo,
1188 2605 1257 2670 quod
1270 2606 1383 2671 referem,
1400 2607 1451 2655 nisi
1462 2620 1502 2656 me
1511 2607 1605 2672 ipsnm;
1623 2619 1698 2672 quem

346 2675 374 2722 si
385 2672 489 2739 sliquid
508 2687 562 2728 esee
580 2675 719 2740 putareris,
743 2679 826 2724 totum
850 2675 900 2724 tibi
916 2679 1009 2724 sumes.
1045 2673 1119 2739 lube,
1137 2675 1235 2737 impete
1250 2675 1312 2742 quid
1329 2677 1383 2739 rie,
1405 2675 1467 2741 quid
1483 2681 1571 2739 potero
1589 2679 1699 2734 (tentum

347 2757 397 2792 nou
415 2739 557 2792 ucisiouee
580 2741 719 2804 ligneorum
745 2746 877 2806 typorum),
901 2748 928 2792 et
950 2741 1092 2807 sculpturae
1113 2755 1247 2796 unarum
1273 2743 1423 2795 tabellarum
1441 2750 1501 2811 etc,
1530 2745 1635 2796 hebebis
1658 2761 1698 2796 me

347 2814 555 2875 promtissimam.
574 2852 580 2864 .
601 2850 607 2864 .
627 2853 634 2868 .
670 2811 734 2863 Vsle
746 2815 792 2862 Vir
803 2811 973 2875 Celeberrime,
992 2813 1073 2864 Decus
1086 2812 1274 2882 lletbemetum,
1293 2819 1319 2864 et
1333 2829 1375 2865 me
1391 2815 1589 2866 commendetum
1606 2816 1699 2866 bebere

347 2893 430 2946 perge.
470 2881 547 2933 Suise
565 2885 641 2932 etism
659 2884 772 2945 coniugis
783 2897 855 2934 mese
871 2885 979 2935 nomine.
1014 2883 1116 2948 lieptim
1129 2881 1258 2946 iiirtiugee
1277 2882 1341 2951 ”229
1353 2885 1410 2940 oc.
1431 2883 1507 2939 1618,
1543 2883 1637 2937 Buceli.
1650 2887 1700 2935 Ve-

349 2957 416 3002 strse
438 2951 638 3003 offleocnimne
656 2951 804 3007 Wiibelmns
822 2953 986 3012 Sobickberdt
1003 2957 1061 3014 (nou
1079 2951 1224 3022 Philippus,
1247 2956 1470 3019 utiuscriptiones
1483 2960 1591 3005 'tostum
1607 2954 1642 3007 sd
1658 2967 1699 3006 me

348 3024 546 3085 perscripturum
563 3021 708 3090 bebebent).

438 3108 540 3172 Quibus
562 3111 692 3174 respoudit
708 3107 831 3176 Ksplerus
845 3111 878 3162 'd
896 3107 922 3162 6.
940 3110 1001 3162 Dec.
1020 3110 1131 3173 prebens
1148 3121 1194 3174 ee,
1218 3123 1283 3176 quse
1300 3110 1467 3162 Scbi'ckerdus
1484 3110 1515 3160 de
1538 3111 1624 3172 cruce
1646 3112 1700 3160 seri

351 3179 532 3243 insculpendis
549 3187 727 3246 proposueret,
751 3181 820 3248 qnod
839 3195 869 3229 eu
886 3179 1081 3242 bisScbicksrdi
1098 3180 1181 3229 verbis
1197 3180 1225 3228 in
1243 3176 1350 3243 epistole
1367 3182 1392 3232 d.
1409 3177 1451 3234 ii.
1462 3181 1523 3231 Dec.
1540 3196 1564 3232 v.
1581 3185 1613 3231 st
1630 3175 1700 3234 1618

353 3257 476 3313 eppsret:
497 3250 596 3300 Literes
613 3251 681 3302 lires
699 3257 745 3305 eie.
763 3252 809 3304 vl.
827 3250 887 3300 Dec.
906 3249 979 3300 detes
996 3250 1051 3300 beri
1068 3249 1168 3299 demnm
1185 3245 1227 3303 26
1245 3249 1307 3304 Dec.
1325 3249 1367 3308 (5,
1380 3250 1453 3313 Jen.)
1471 3251 1564 3313 eooepi.
1600 3249 1698 3312 Quibus

352 3318 567 3382 receperimus
591 3319 746 3372 voluntetsm
767 3325 837 3370 tuem
863 3319 893 3370 de
917 3317 1059 3382 sculpendis
1082 3321 1109 3369 iu
1132 3332 1189 3368 sere
1210 3321 1297 3382 tignds
1318 3322 1381 3370 estis
1403 3318 1645 3383 intellexi;·nempe
1661 3322 1699 3370 eie

352 3387 447 3454 pleoet.
483 3390 540 3440 lior
556 3394 649 3453 mejeri
666 3389 811 3454 decriute,
828 3387 933 3440 ielioiori
952 3401 1066 3439 successu
1088 3394 1114 3439 et
1130 3390 1221 3438 minori
1237 3392 1356 3454 temporis
1373 3391 1504 3453 dispendio
1522 3389 1638 3453 expedire
1652 3403 1699 3455 po·

351 3463 414 3510 iero.
452 3457 627 3510 Correctiones
645 3459 711 3526 quod
729 3461 833 3526 ettinei,
855 3473 907 3510 nou
925 3458 1041 3526 equidem
1057 3459 1122 3508 sedo
1138 3464 1253 3510 eccureie
1269 3458 1328 3510 illes
1345 3459 1409 3521 lert,
1434 3459 1521 3510 diilero
1543 3461 1571 3510 in
1594 3461 1699 3510 otiosius

352 3535 464 3592 tempus.
499 3529 561 3580 Post
578 3529 654 3580 feries
672 3531 788 3583 unicein
805 3531 855 3586 tuis
873 3527 1048 3596 exsculpendis
1067 3529 1195 3581 desudebo
1212 3533 1251 3595 et,
1273 3530 1341 3595 qnod
1358 3527 1443 3583 multis
1461 3531 1604 3579 nominibus
1622 3530 1699 3580 debeo

352 3599 475 3664 quodque
493 3599 568 3648 toties
586 3601 697 3662 promisi,
717 3599 873 3662 diligentiam
888 3599 990 3662 nempe,
1006 3600 1057 3649 nisi
1073 3612 1112 3648 me
1130 3596 1275 3661 plenissime
1293 3614 1349 3663 spes
1363 3595 1447 3661 leiim,
1464 3601 1513 3649 tibi
1525 3600 1699 3662 comprobebo.

352 3667 443 3718 Uetere
468 3670 553 3718 omnio
579 3671 643 3718 setis
668 3671 769 3735 sesequi
792 3683 872 3732 spero.
906 3666 972 3718 lllnd
996 3667 1077 3719 solum
1101 3669 1132 3718 de
1154 3664 1251 3717 orbium
1267 3662 1426 3733 proportione
1447 3665 1522 3719 eliter
1544 3669 1702 3732 depingendo

350 3739 468 3790 nondum
486 3737 564 3800 plene
580 3743 667 3806 teneo;
686 3738 739 3789 siio
756 3745 867 3801 ternpore
884 3735 961 3788 eitius
978 3732 1132 3802 meditabor,
1155 3737 1242 3787 iorsen
1258 3741 1360 3797 scivero.
1396 3740 1497 3789 interim
1515 3743 1601 3790 umen
1617 3741 1640 3789 si
1656 3753 1700 3789 re·

352 3809 425 3858 sebit
445 3813 473 3858 et
491 3809 588 3858 occesio
607 3807 676 3876 ieret,
694 3807 817 3872 prolixius
835 3807 931 3858 deboc
948 3813 1018 3857 tuem
1035 3814 1143 3858 mentem
1160 3807 1193 3856 ed
1206 3822 1245 3857 me
1256 3811 1407 3870 perscribere
1417 3811 1521 3872 poteris.
1531 3809 1613 3858 -De
1624 3816 1700 3872 cupro

352 3875 597 3944 ns'sislsollicituu
616 3879 690 3942 perri
707 3883 813 3944 eonem,
836 3877 927 3927 librem
944 3881 1080 3928 nostretem
1097 3875 1113 3930 6
1131 3877 1183 3927 iere
1200 3879 1286 3927 beeiis
1298 3893 1378 3928 emere
1395 3878 1472 3944 soleo,
1491 3880 1534 3930 sed
1551 3878 1638 3928 rudem
1655 3880 1701 3929 ed·

352 3947 411 4011 bue,
431 3947 533 3998 decedit
548 3947 664 3998 nonnihil
681 3949 712 3999 de
728 3949 846 4012 pondere,
870 3947 928 3999 dum
946 3953 1034 3997 erecte
1050 3946 1185 4014 levigetu13
1208 3948 1316 4010 pretium
1337 3948 1468 4011 politioris
1485 3949 1561 3998 etiem
1574 3949 1702 4007 mediocre

352 4023 399 4067 eet
439 4017 492 4068 Sed
510 4016 541 4067 de
558 4017 626 4071 bisce
644 4017 676 4072 b.
693 4019 728 4070 Dr
745 4016 879 4068 Besoldum
897 4017 999 4068 eddium
1024 4021 1050 4066 et
1072 4019 1128 4080 ipso
1146 4019 1246 4068 conecto
1271 4024 1296 4066 et
1318 4020 1484 4068 testeomnie
1501 4032 1583 4079 egem.
1604 4017 1701 4080 ·Qnem

352 4085 468 4138 esiciter
485 4089 591 4155 poesim
610 4089 685 4138 etiem
703 4089 818 4156 quoeris3
837 4087 984 4150 respondere
1000 4088 1094 4150 poesim
1111 4085 1177 4137 illud
1193 4085 1334 4149 vulpium:
1356 4093 1398 4137 set
1414 4090 1477 4153 cito,
1495 4093 1535 4140 eet
1551 4090 1630 4154 bene3
1657 4087 1702 4136 sed

351 4158 418 4206 serlo
438 4159 476 4207 sic
493 4155 574 4208 bebo:
591 4171 644 4214 non
661 4173 702 4209 ero
719 4161 748 4209 in
765 4151 994 4220 merq'ssmeneie
1005 4167 1071 4206 unns
1088 4171 1139 4206 nou
1157 4157 1257 4213 sufficit,
1276 4160 1468 4223 sesquimeneem
1486 4159 1619 4208 edbibebo.
1637 4156 1701 4218 Quis

351 4239 491 4281 πωπω
509 4228 554 4291 sit,
574 4227 685 4277 nondum
703 4229 764 4294 ecio,
782 4225 1048 4293 eloquor-desim
1065 4225 1235 4291 bibliopegem
1246 4228 1436 4297 tubingensem
1454 4231 1500 4295 qut
1516 4229 1579 4277 beeo
1595 4230 1702 4275 metere

352 4294 430 4348 solet.
466 4295 591 4347 reroseu
609 4299 632 4346 ei
649 4296 786 4364 resciverit,
804 4295 869 4347 ultro
887 4296 997 4346 inbisbit
1015 4297 1074 4353 huic
1090 4298 1206 4364 preedse,
1226 4302 1264 4346 eet
1281 4300 1347 4347 euim
1365 4301 1427 4348 setis
1444 4298 1567 4348 sordidus.
1597 4291 1702 4344 Oonsnl·

351 4368 405 4415 itus
423 4371 506 4432 esset,
532 4371 561 4415 ut
577 4371 744 4418 stremonium
762 4371 787 4417 et
803 4379 912 4430 papyrus
930 4368 1032 4430 enemim
1049 4371 1116 4415 emto
1132 4369 1181 4430 ipsi
1199 4367 1356 4418 tredereutnr
1377 4373 1402 4418 et
1426 4368 1516 4417 deinde
1537 4379 1583 4428 pro
1599 4377 1702 4412 numero

353 4435 540 4498 esempierium
559 4449 615 4486 cum
636 4439 692 4500 ipso
710 4438 878 4494 meteretur..
900 4435 997 4498 Quodsi
1014 4436 1126 4502 nudique
1144 4437 1346 4502 deptituerenrnr,
1373 4451 1419 4509 egq
1439 4440 1494 4500 ipse
1515 4437 1556 4484 bic
1573 4434 1703 4494 iitrtingee

353 4506 389 4556 sd
405 4519 505 4569 penem
523 4505 577 4556 dies
594 4509 759 4559 mereenerios
776 4505 876 4572 sliquos
894 4506 1070 4567 conducerem,
1088 4508 1140 4572 'qui
1163 4521 1219 4557 meo
1242 4506 1311 4570 prelo
1328 4507 1436 4558 tubellse
1460 4505 1622 4565 excuderent3
1644 4515 1703 4565 pro·

352 4575 427 4638 prise
448 4577 518 4626 enim
530 4589 622 4626 menne
640 4591 711 4628 mese
727 4578 771 4626 six
784 4577 911 4626 sufficiunt
922 4577 980 4626 bulo
995 4575 1078 4628 lebori
1096 4577 1129 4625 sd
1147 4578 1308 4645 dnnmldiem
1325 4579 1417 4627 mum
1429 4575 1512 4639 plures
1524 4574 1702 4640 coutinueudo,

354 4650 382 4696 st
400 4659 502 4709 semper
518 4643 598 4695 uislui
614 4647 736 4710 integrem
753 4645 873 4696 tibeliem
892 4643 1043 4709 exsculpere,
1062 4661 1138 4712 quem
1154 4648 1255 4697 unicem
1274 4649 1411 4698 esnmriem
1429 4645 1557 4697 excudere.

443 4733 515 4783 lleeo
525 4739 662 4799 sequuntur
679 4735 865 4798 observetipues
877 4739 987 4784 commeo
1005 4735 1066 4786 enni
1079 4724 1155 4801 1618,
1172 4747 1217 4798 per
1229 4748 1293 4800 ques
1306 4735 1381 4784 inem
1391 4732 1455 4782 iecit
1467 4731 1633 4782 dobicierdne
1651 4733 1704 4795 epi·

354 4803 453 4855 sioiee.
487 4803 556 4854 liinc
573 4804 607 4853 sd
624 4817 717 4854 sunum
731 4801 803 4858 1620
820 4799 891 4853 nulle
909 4808 1019 4867 superesi
1036 4803 1144 4867 epistole
1161 4804 1306 4854 Sobioierdi
1331 4808 1356 4853 et
1371 4806 1399 4852 in
1417 4799 1530 4866 epistolis
1547 4804 1704 4868 sequentium

354 4887 482 4924 eunorum
506 4873 662 4924 Harmonice
684 4888 736 4924 non
760 4876 789 4924 ct
812 4876 920 4941 mentio,
943 4874 994 4924 nisi
1018 4873 1086 4941 qnod
1113 4887 1180 4923 enno
1200 4870 1269 4927 1620
1285 4870 1363 4939 (¹¹l„.
1380 4870 1446 4934 Jul.)
1471 4871 1637 4922 Subicierdus
1654 4871 1706 4920 i'n·

354 4945 438 5006 burge
457 4944 554 4994 scribit:
573 4947 730 5008 epostremie
741 4945 792 4994 tnie
804 4942 928 5007 intelligo.
946 4943 1030 4994 deesse
1048 4944 1099 5002 tibi
1115 4943 1237 5008 qussdem
1254 4942 1418 4992 Harmonices
1434 4941 1580 4992 Mundense
1598 4943 1705 4994 obertee

351 5007 464 5063 illerum
480 5017 606 5080 quotquot
623 5027 668 5074 ego
686 5028 796 5080 unqnem
814 5013 968 5071 irustuletim
984 5014 1071 5077 recepi
1089 5013 1160 5074 (dicit
1175 5013 1232 5066 sins
1243 5011 1432 5075 dubio'liepleri
1445 5011 1625 5062 deliuestionee
1642 5011 1704 5070 dgn-

354 5079 465 5150 πίω),
484 5095 570 5133 omues
587 5088 615 5132 tu
633 5097 699 5134 nnnc
717 5085 818 5146 recipie.
854 5085 956 5134 Utinem
974 5086 1012 5133 sic
1028 5083 1125 5132 bistum
1142 5080 1215 5131 iilum
1232 5080 1331 5145 expiere
1348 5084 1441 5146 possiet
1461 5108 1491 5120 ··
1543 5095 1546 5101 ’

448 5151 520 5203 Sient
536 5150 664 5216 epistolae
676 5152 777 5216 liepleri
795 5153 828 5204 ed
846 5153 1032 5213 sobiolerdum,
1049 5153 1087 5201 ite
1103 5151 1164 5202 ilios
1181 5152 1213 5201 ed
1231 5150 1401 5206 beroldum
1420 5153 1503 5219 detes,
1521 5163 1573 5204 une
1589 5153 1703 5215 euoeptq
1812 5152 1818 5162 '

358 5221 418 5291 (cir.
436 5220 489 5272 eei
507 5222 529 5274 i
546 5235 573 5285 p.
592 5219 651 5277 168.
670 5223 704 5276 11.
723 5237 749 5286 p.
766 5221 810 5291 35)
827 5226 954 5287 perierunt
970 5229 996 5273 et
1012 5227 1126 5273 servem
1139 5227 1237 5273 tentum
1254 5225 1428 5288 responsiones
1444 5221 1559 5289 besoldi,
1577 5219 1653 5270 dstse
1670 5221 1704 5270 sb
