4467 6192
528 650 590 709 tao
999 646 1164 716 Appendicis
1182 614 1405 703 Hnuuouicornru

527 828 615 885 nium
646 828 832 899 invenimus,
862 825 914 884 sed
936 834 1159 905 comparantur
1178 828 1304 904 warne.
1348 829 1413 889 Non
1436 837 1510 906 puto
1531 847 1579 889 urc
1602 828 1750 887 lecturum
1773 844 1872 905 operae

528 914 666 991 pretium,
700 915 725 971 si
753 920 781 971 tc
805 913 941 975 adhortor
968 912 1005 971 ad
1029 910 1183 988 legendum
1213 916 1319 975 librom
1343 917 1529 995 diligentius,
1561 933 1620 975 nou
1642 918 1719 976 enim
1752 918 1872 993 pareb'u,

530 1000 625 1059 solum
648 1000 785 1060 lectorem
808 1018 927 1061 moneo:
952 1018 1009 1060 non
1033 1000 1104 1076 legit
1127 1001 1282 1076 liebertus,
1310 1021 1367 1063 uon
1391 1006 1559 1083 pensitavit,
1583 1009 1636 1061 aut
1657 1005 1682 1062 si
1704 1007 1870 1081 pensitavit,

528 1087 602 1146 ludit
626 1105 695 1163 crgo
719 1095 769 1147 aut
793 1088 955 1147 cavillatur.
1000 1088 1034 1145 ln
1058 1091 1247 1167 praeambulo
1278 1091 1373 1151 indico
1404 1109 1506 1151 causas
1528 1092 1747 1151 harmoniarum
1775 1100 1874 1169 peten-

530 1172 581 1235 das
606 1193 641 1234 ex
664 1178 832 1251 geometria,
855 1195 891 1235 ex
916 1175 1063 1235 divisione
1087 1177 1199 1250 circuli,
1223 1195 1300 1253 quae
1322 1179 1356 1238 iit
1377 1198 1429 1255 per
1450 1182 1560 1255 figuras
1582 1178 1733 1255 regulares
1757 1177 1875 1239 demon·

528 1262 678 1335 strabiles,
711 1262 785 1322 liber
807 1266 869 1339 ipse
892 1263 1000 1339 figures
1029 1264 1156 1322 exhibet.
1201 1265 1336 1324 Nondum
1367 1284 1438 1327 sane
1468 1268 1578 1343 figurae
1601 1272 1669 1324 sunt
1690 1265 1772 1328 idem
1801 1267 1875 1341 quod

528 1351 699 1421 harmonia,
723 1360 792 1409 suut
815 1360 912 1410 umen
936 1353 986 1409 via
1009 1351 1046 1409 ad
1070 1351 1160 1410 illam.
1208 1351 1295 1427 Quid,
1318 1356 1342 1411 si
1367 1356 1435 1413 durn
1458 1372 1568 1432 sponsa
1590 1356 1731 1427 comitur,
1752 1354 1876 1413 nondun

528 1446 596 1498 suut
617 1441 746 1513 nuptiae,
770 1439 843 1496 nibil
865 1458 935 1515 ergo
957 1455 1066 1515 sponsa
1088 1441 1159 1499 lacit
1181 1440 1218 1499 ad
1241 1442 1380 1518 nuptias?
1424 1443 1486 1501 Aut
1506 1444 1531 1500 si
1561 1441 1635 1499 nihil
1656 1444 1719 1517 agit
1742 1441 1876 1501 Euclides

527 1527 604 1585 libro
628 1526 680 1583 lV.
702 1525 740 1585 de
764 1528 933 1602 corporibus
956 1522 1072 1597 solidis,
1102 1527 1153 1587 sed
1177 1528 1272 1587 soluru
1295 1528 1331 1588 de
1354 1530 1453 1602 liguris
1475 1530 1590 1606 planis,
1621 1528 1692 1587 nihil
1716 1546 1789 1604 ergo
1811 1530 1877 1589 lacit

412 1616 416 1626 ’
529 1615 603 1673 liber
626 1614 678 1671 IV.
711 1614 748 1672 ad
779 1613 937 1673 solidorum
970 1617 1099 1689 quinque
1127 1611 1328 1675 lormatiouem
1356 1616 1430 1676 libro
1460 1614 1549 1675 Xlll.
1582 1617 1778 1691 sequentem?
1822 1617 1875 1677 Sed

530 1702 626 1773 video,
654 1699 724 1777 quid
748 1700 890 1774 volueris,
914 1702 1055 1761 lieberto:
1080 1705 1108 1760 iu
1133 1706 1227 1761 sinurn
1250 1704 1377 1779 gaudes,
1401 1704 1479 1779 quod
1502 1721 1549 1763 me
1571 1708 1781 1778 commoveris,
1804 1705 1876 1763 rides

414 1816 438 1841 v.
488 1775 493 1784 ¹
529 1790 727 1849 defensionem
750 1806 809 1847 non
832 1792 1036 1848 neeessariam.
1082 1790 1180 1864 Quare
1203 1790 1275 1849 nihil
1298 1790 1404 1872 addam
1426 1792 1562 1868 amplius.

618 1878 705 1935 Libro
728 1894 793 1935 meo
817 1878 944 1936 secundo
974 1877 1082 1936 tribuis
1101 1878 1189 1951 mibi,
1224 1878 1303 1954 quod
1332 1881 1460 1948 credam
1492 1882 1521 1936 in
1544 1881 1674 1954 quinque
1707 1880 1876 1955 corporibus

498 1971 501 1979 '
528 1965 710 2037 regularibus
739 1967 897 2023 consistere
928 1966 986 2021 viru
1017 1965 1186 2025 harmoniae
1225 1966 1398 2027 mundanae.
1450 1967 1577 2025 Rursum
1611 1968 1742 2043 praepeti
1776 1967 1875 2025 volatu

528 2053 612 2111 turbo
636 2054 931 2127 transcurruigneus
954 2053 1063 2127 ingenii
1088 2056 1130 2111 tui
1155 2052 1293 2124 volatilis,
1317 2054 1396 2130 quod
1419 2053 1507 2112 lixum
1531 2053 1625 2113 lacere
1644 2053 1730 2128 jubet
1754 2053 1876 2113 Hermes

529 2148 604 2197 tuus.
649 2140 738 2198 Liber
761 2157 842 2198 meus
865 2139 1010 2199 secundus
1033 2140 1130 2199 adbuc
1153 2143 1181 2198 in
1203 2142 1305 2214 liguris
1327 2149 1475 2205 versatur.
1499 2158 1575 2217 qnae
1597 2141 1672 2200 libro
1694 2143 1784 2200 tertio
1807 2160 1876 2201 cun·

528 2230 649 2286 sbtuent
671 2228 908 2302 coaptabuntque
931 2232 1151 2303 proportionum
1174 2228 1406 2291 harmonicorum
1424 2232 1571 2288 terminos.
1618 2230 1757 2305 Agnosco
1780 2237 1875 2288 tamen
1965 2295 1966 2302 ἵ

527 2315 624 2373 ideam
648 2314 795 2391 quandam
818 2314 1033 2375 harmoniarum
1057 2316 1286 2388 mundanarum,
1313 2319 1483 2393 praesertim
1504 2315 1718 2388 radiationum,
1752 2318 1781 2373 in
1806 2334 1875 2374 cou-

528 2404 663 2478 gruentia
691 2402 848 2477 figurarum
878 2406 1069 2477 geometrica,
1104 2404 1174 2463 dum
1198 2403 1267 2463 illae
1289 2405 1386 2464 adbuc
1415 2405 1616 2463 inabstracta
1647 2401 1876 2465 considerantur.

531 2492 574 2548 Far
596 2491 653 2549 bac
675 2492 872 2563 congruentia,
897 2508 973 2565 qnae
997 2490 1119 2551 Graecis
1142 2500 1186 2550 est
1208 2487 1344 2569 ἁρμοσις,
1368 2493 1461 2568 prima
1474 2493 1583 2567 petitur
1606 2494 1688 2566 origo
1713 2494 1796 2550 vocis
1811 2491 1876 2550 hsr·

528 2582 635 2636 monia
682 2576 789 2636 Verum
813 2577 859 2635 hic
883 2595 985 2636 sensus
1010 2581 1091 2637 vocis
1114 2579 1211 2639 adhuc
1233 2580 1396 2653 generalior
1418 2586 1475 2648 est,
1500 2596 1588 2654 quam
1611 2580 1761 2656 proprium
1783 2583 1876 2655 operis

529 2667 584 2724 mei
608 2664 787 2739 subjecturn;
811 2666 957 2739 significat
979 2669 1055 2724 enim
1078 2666 1187 2726 nudam
1210 2668 1436 2743 applicationem
1461 2666 1582 2725 laterum
1605 2669 1635 2723 iu
1658 2666 1777 2742 figuris,
1805 2684 1877 2741 qua·

528 2771 590 2811 rum
621 2752 721 2826 anguli
753 2752 848 2811 locum
878 2752 1004 2816 solidum
1034 2752 1081 2813 vel
1111 2754 1230 2831 planum
1254 2754 1383 2829 implent.
1429 2753 1547 2827 Quanto
1576 2755 1671 2829 magis
1703 2755 1875 2830 improprius

529 2848 574 2899 est
605 2840 786 2915 sigrdlicatus
816 2845 914 2914 vocis,
949 2858 1014 2905 curn
1039 2844 1104 2917 quis
1133 2845 1222 2900 etiarn
1245 2843 1330 2900 orbes
1353 2841 1495 2900 coelestes
1526 2845 1601 2900 iuter
1623 2858 1656 2900 se
1684 2850 1874 2917 congruentes

531 2927 567 2989 ad
591 2945 722 2989 normam
745 2927 858 2987 orbium
881 2932 1137 3004 geometricorum,
1167 2932 1218 3004 qui
1241 2936 1270 2988 et
1292 2929 1392 3004 liguris
1422 2928 1525 2988 solidis
1547 2929 1744 2987 inscribuntur
1770 2936 1801 2987 et
1822 2931 1874 2986 cir-

529 3015 776 3087 cumscribuntur,
810 3019 833 3074 si
864 3016 940 3076 hanc
969 3018 1088 3093 inquam
1119 3020 1336 3092 congruentiam
1369 3018 1435 3093 quis
1465 3016 1647 3075 harmoniam
1678 3013 1776 3076 dicere
1798 3016 1874 3074 velit

528 3105 592 3179 Ego
616 3103 733 3179 quidem
762 3105 974 3180 ambiguitatis·
991 3104 1129 3163 vitandae
1152 3120 1243 3163 causa
1262 3121 1413 3179 nunquam
1441 3104 1471 3161 id
1493 3104 1564 3161 dixi.
1609 3103 1675 3161 Non
1706 3106 1784 3164 eninr
1810 3103 1874 3161 har·

530 3194 657 3250 moniam
681 3194 755 3252 inter
779 3192 937 3252 Saturnum
960 3200 989 3252 et
1011 3192 1129 3253 dorem.
1153 3191 1211 3260 hoc
1232 3191 1351 3266 quidem
1374 3192 1487 3249 orbium
1510 3198 1654 3268 respectu,
1679 3190 1732 3250 scd
1756 3207 1874 3267 propor-

412 3348 419 3363 ἱ
529 3282 638 3337 tionem
661 3281 774 3339 orbium
799 3280 865 3339 cubi
889 3297 940 3338 scu
964 3279 1113 3353 figrrraleru
1137 3279 1205 3337 dico
1227 3281 1374 3346 interesse.
1420 3278 1566 3353 Scapham
1588 3277 1707 3354 appello
1728 3278 1873 3355 scapham

534 3368 732 3440 Vidc‘isctor,
756 3368 825 3441 qnid
849 3369 971 3439 intersit,
995 3386 1031 3426 ex
1055 3384 1119 3429 roeo
1142 3366 1218 3425 libro
1241 3366 1278 3425 ds
1300 3368 1445 3425 sentmtia
1468 3365 1562 3440 deque
1584 3364 1786 3425 locutionibus
1807 3367 1874 3432 meis

527 3455 659 3529 J'udices,
689 3473 726 3512 an
756 3468 790 3512 ex
820 3456 975 3530 interprete
997 3454 1136 3513 Robcrto·
1182 3454 1375 3529 Nequaquam
1404 3454 1491 3526 igitur
1521 3455 1550 3509 in
1575 3454 1649 3511 cubo
1676 3455 1813 3512 consistit
1833 3456 1874 3508 vis

529 3542 698 3600 hannoniae
721 3539 886 3601 mundanae
909 3544 984 3601 inter
1006 3540 1163 3609 Satqmum
1187 3549 1217 3600 et
1238 3540 1364 3613 Jovem3
1387 3540 1460 3598 alias
1484 3557 1539 3615 ego
1564 3539 1655 3598 doceo
1675 3542 1874 3617 proportiones

529 3629 713 3690 harmonicas
736 3631 810 3687 inter
832 3635 928 3687 motus
952 3630 1053 3688 borum
1076 3629 1268 3711 planetarum,
1290 3646 1368 3703 quac
1390 3630 1445 3686 etsi
1461 3629 1668 3703 cognationem
1680 3628 1792 3685 habere
1814 3644 1873 3685 cum

532 3718 607 3775 cubo
631 3715 793 3776 debuerunt
815 3714 935 3795 (quippe
960 3717 1047 3791 iuxta
1069 3719 1195 3775 invicem
1217 3715 1409 3775 habitandum
1440 3715 1494 3772 luit
1516 3722 1547 3773 et
1568 3713 1626 3772 iilis
1656 3724 1686 3773 et
1708 3714 1795 3783 huic,
1826 3731 1874 3772 nec

531 3802 731 3879 impediendus
755 3803 802 3863 hic
825 3804 862 3861 ab
886 3800 968 3879 illis),
998 3812 1176 3863 nontamen
1208 3804 1277 3861 illae
1299 3802 1460 3861 formantur
1489 3803 1623 3873 acubo,
1650 3802 1744 3876 ligura
1773 3800 1872 3871 solida,

531 3892 582 3951 sed
613 3892 753 3966 eligaris
776 3890 886 3966 planis;
917 3909 970 3950 nec
993 3892 1066 3955 libro
1095 3890 1224 3950 secundo
1254 3891 1337 3950 locus
1362 3897 1410 3951 cst
1432 3888 1622 3965 explicationi
1650 3888 1777 3965 plenarii
1799 3898 1874 3947 oriris

418 4033 423 4042 .
531 3980 760 4051 harmoniarum,
785 3978 933 4051 sed,libro
956 3981 1054 4051 tertio,
1085 3996 1140 4038 nec
1161 3988 1229 4037 aute
1252 3980 1384 4053 quintum
1408 3977 1512 4036 librum
1535 3977 1715 4050 barmoniae,
1742 3978 1875 4053 quamvis

429 4126 432 4138 ,
528 4068 592 4142 jam
619 4066 776 4134 formatae,
807 4072 964 4141 potuerunt
991 4066 1132 4142 applicari
1161 4065 1271 4124 mundo
1302 4082 1354 4124 seu
1376 4064 1719 4140 planetarummotibus.
1766 4063 1826 4123 Sed
1846 4072 1875 4121 ts

532 4154 637 4211 salsam
666 4154 701 4211 de
724 4170 812 4211 sensu
834 4170 899 4211 meo
928 4154 1148 4227 persuasionem
1175 4160 1345 4229 conceptam
1367 4150 1534 4227 (propterea
1562 4151 1640 4226 quod
1662 4150 1800 4228 Mysterii
1823 4152 1875 4209 mei

533 4240 771 4316 Cosmograpbici
800 4242 952 4299 nraterianr
981 4243 1168 4317 praecipuam
1201 4258 1269 4298 esse
1298 4240 1546 4315 interpositionem
1572 4255 1725 4314 corporum
1755 4254 1876 4314 eamque

532 4331 562 4387 in
586 4328 772 4387 Harmonicis
795 4326 871 4385 libro
895 4327 931 4385 V.
959 4330 1111 4403 repetitam
1134 4324 1260 4405 vidisti),
1290 4326 1366 4385 banc
1387 4329 1505 4401 inquam
1528 4328 1762 4403 persuasionem,
1792 4325 1877 4385 semel

532 4424 713 4490 conceptam,
735 4432 786 4492 per
808 4421 900 4473 totum
924 4420 1005 4475 tuuru
1028 4414 1188 4472 discursum
1212 4413 1391 4491 analyticum
1413 4415 1536 4485 retines,
1563 4430 1699 4489 magnam
1721 4414 1789 4489 ejus
1810 4430 1876 4489 par·

531 4513 589 4564 icrn
612 4505 842 4574 intermissurus,
864 4504 889 4560 si
912 4502 990 4559 huuc
1013 4518 1138 4561 errorem
1162 4501 1426 4562 animadvertisses.
1568 4496 1574 4501 '

618 4591 706 4651 Libro
722 4607 794 4650 ‘mco
807 4591 903 4671 qtertio
926 4588 1064 4647 nihileis
1087 4591 1209 4649 inveniri
1219 4616 1236 4661 ,·
1249 4590 1307 4647 nisi
1327 4591 1468 4647 musicam
1490 4604 1600 4646 meram
1621 4587 1821 4660 artificialem,
1843 4605 1876 4645 ex

531 4677 657 4756 plurium
692 4684 822 4737 veterum
855 4681 1006 4736 anctorum
1033 4676 1115 4737 libris
1147 4676 1327 4753 decerptam,
1359 4674 1431 4733 nihil
1462 4692 1496 4733 ex
1529 4676 1656 4751 propria.
1707 4674 1738 4733 Si
1768 4677 1877 4733 musica

532 4764 692 4827 artificialis
714 4764 791 4825 idem
821 4765 874 4824 tibi
899 4772 943 4823 est
971 4764 1049 4840 qood
1072 4764 1213 4836 humana,
1244 4764 1374 4840 proiecto
1397 4762 1471 4821 haec
1492 4760 1558 4821 libri
1580 4764 1657 4821 tertii
1680 4765 1805 4820 materia
1826 4768 1876 4831 est,

532 4856 574 4913 sic
596 4860 703 4925 umen,
726 4860 760 4911 nt
782 4854 859 4912 circa
881 4846 983 4911 ortunr'
998 4851 1229 4913 harmonicarum
1252 4852 1472 4928 proportionum
1486 4866 1630 4921 moneam,
1653 4848 1878 4925 subintelligen-

534 4942 602 5000 dum
626 4958 690 5000 esse
712 4939 849 5016 generale
871 4941 1031 5017 quippiam,
1055 4939 1135 5013 quod
1157 4942 1196 4998 sit
1211 4940 1388 4997 abstractum
1412 4936 1579 5011 avoclbus,
1599 4943 1743 5012 tauquam
1766 4956 1787 4995 a
1808 4936 1878 4994 sub·

529 5028 610 5103 jecto
632 5028 757 5105 physico
780 5025 828 5085 rel
850 5030 980 5086 materia.
1027 5025 1078 5085 Sin
1101 5034 1199 5085 autem
1230 5042 1289 5085 vox
1311 5027 1368 5083 ista
1388 5024 1548 5083 mdlidalis
1577 5031 1647 5083 ate
1677 5024 1761 5082 inid
1793 5041 1877 5083 naun

532 5122 627 5192 pstor,
648 5124 685 5175 ot
706 5112 844 5175 excludas
866 5120 1010 5189 unimam,
1029 5113 1092 5190 jam
1115 5112 1226 5174 dudum
1246 5110 1384 5191 respondi
1404 5111 1539 5186 adhaec,
1561 5112 1752 5172 mansorum
1772 5111 1877 5171 huma-
