4467 6192
937 670 1078 747 spossus.
1617 682 1681 749 tls

346 844 470 917 arguam.
516 836 604 900 Anno
635 834 754 916 quidem
787 834 1069 915 1urt.Tuningam
1097 841 1244 917 proiectus
1273 840 1385 918 negotii
1412 854 1519 917 musa,
1553 838 1626 902 nihil
1654 845 1684 901 iri

346 923 442 1005 partio
465 924 568 1007 habui,
590 934 704 1004 praeter
726 925 868 1003 panculas
890 916 1040 1007 pagellas,
1055 925 1121 985 libri
1136 926 1191 988 Ill.
1215 932 1366 988 materiam
1388 927 1488 988 rudem
1507 929 1683 1007 complexas,

345 1026 412 1091 quas
434 1016 596 1076 monstravi
619 1014 738 1089 amicis,
771 1000 917 1091 explicavi
936 1012 1083 1073 scribendi
1114 1016 1314 1092 propositum,
1343 1032 1420 1094 quas
1441 1036 1461 1076 a
1483 1018 1525 1077 ‘20
1547 1020 1631 1077 annis
1653 1003 1683 1076 iu

346 1103 486 1163 meditatis
509 1100 635 1164 habeam
657 1116 793 1178 quaeque
815 1104 924 1162 restent
946 1101 1128 1178 inquirenda,
1152 1102 1268 1179 singula
1289 1104 1431 1164 recensui.
1477 1104 1537 1164 Sed
1564 1114 1593 1165 et
1615 1121 1685 1185 gra·

342 1194 406 1249 tarn
432 1190 529 1252 habeo
559 1184 611 1269 pro
642 1188 795 1261 verissimo
825 1184 923 1264 elogio
951 1188 1009 1248 mel
1040 1190 1155 1265 operis3
1176 1192 1292 1273 plumos,
1323 1190 1389 1274 libri
1412 1194 1583 1271 pracsertim
1605 1196 1683 1253 tertii

342 1280 486 1338 materiam
514 1293 566 1357 per
594 1279 634 1336 ΙΙ
667 1292 759 1337 anuos
791 1278 895 1337 iterum
923 1272 1097 1355 iterumque¹
1112 1280 1257 1354 revisam,
1283 1278 1378 1338 fateor
1409 1278 1492 1338 libris
1515 1280 1568 1339 IV.
1593 1291 1623 1341 et
1644 1280 1683 1340 V.
1771 1275 1776 1283 ’

342 1376 503 1443 quanquam
525 1366 653 1426 breviori
675 1373 805 1441 tempore
828 1364 1003 1439 plurimum
1024 1363 1251 1425 cimentationis'
1266 1366 1568 1443 fermentationisque
1595 1366 1682 1427 adhi-

342 1454 435 1524 bitum,
460 1457 530 1532 quin
554 1458 584 1514 et
605 1452 833 1529 putrefactiones
855 1458 885 1509 et
899 1451 1107 1511 calcinatloucs
1130 1460 1160 1510 et
1173 1452 1395 1513 sublimatloues
1410 1454 1680 1515 reverberatloues-

342 1553 393 1616 qne
420 1542 488 1617 jure
519 1548 653 1619 quasque
685 1554 739 1598 eno
762 1540 943 1614 apposueris.
989 1537 1034 1597 An
1068 1555 1138 1598 vero
1169 1538 1287 1617 singula
1314 1539 1353 1601 ad
1381 1533 1447 1600 cam
1474 1540 1681 1617 perfectionem

341 1630 441 1688 luerint
464 1637 599 1701 excoctu,
630 1641 717 1703 quam
740 1624 887 1686 Robertns
909 1626 1171 1703 insinuat,·super
1193 1645 1229 1687 aa
1249 1644 1280 1687 re
1299 1626 1413 1704 judicia
1441 1641 1507 1688 oum
1529 1628 1680 1690 doctorum

340 1714 471 1797 plurium,
494 1726 555 1777 tum
577 1716 667 1775 etlam
689 1728 786 1774 meum
810 1714 903 1789 ipsius
926 1713 1110 1791 exspectabo.
1158 1712 1225 1789 Qua
1246 1714 1283 1774 de
1304 1724 1336 1776 te
1357 1722 1453 1776 astat
1474 1716 1602 1776 tollito
1624 1720 1682 1777 rnel

341 1806 429 1880 operis
450 1794 621 1883 provocatio
643 1800 801 1863 luculenta

420 1892 472 1952 Ad
495 1892 679 1967 Aualysin
702 1886 758 1949 lII.
801 1886 937 1965 Ignosce,
962 1884 1103 1962 Roberte,
1130 1886 1200 1948 lana
1221 1888 1294 1949 milri
1315 1889 1371 1950 brit
1393 1899 1482 1967 opus,
1512 1891 1579 1967 plus
1602 1890 1681 1951 illius

340 1980 370 2036 itt
390 1980 501 2053 condo,
525 1992 619 2055 quam
641 1970 676 2036 irs
698 1978 804 2051 capita.
851 1973 977 2033 Discedo
988 1976 1099 2052 porro,
1123 1984 1216 2036 emtor
1234 1978 1298 2053 jam
1322 1986 1489 2052 contentus,
1520 1986 1612 2038 arua
1634 1989 1681 2038 ta·

340 2066 441 2142 borna3
465 2072 496 2125 tu
519 2082 565 2127 res
590 2064 820 2125 tuas'arbltratn
835 2070 886 2121 tuo
910 2060 1075 2137 disposito,
1091 2062 1191 2123 ordine
1213 2068 1277 2125 sive
1291 2072 1380 2138 recto,
1403 2059 1680 2143 sirepraepostero.

341 2152 412 2229 Quin
434 2165 464 2224 et
486 2166 572 2231 parce
595 2152 667 2212 mels
689 2150 803 2225 verbis3
827 2166 883 2226 ego
905 2150 962 2208 uisi
985 2158 1058 2210 rose
1081 2150 1305 2226 quadamtenus
1327 2169 1422 2211 essem
1444 2152 1530 2226 rusus,¹
1548 2156 1576 2210 iu
1599 2152 1680 2232 peri-

340 2242 400 2301 cula
421 2242 473 2315 lui,
497 2259 533 2301 us
556 2259 575 2300 a
596 2248 625 2300 ts
647 2237 739 2297 salsas
761 2236 943 2313 gloriationis
965 2254 1032 2297 reus
1054 2254 1167 2315 agerer.
1210 2239 1286 2308 Nam
1309 2251 1341 2298 tu
1363 2259 1383 2299 a
1403 2256 1449 2300 me
1473 2249 1518 2300 est
1540 2241 1590 2300 ubi
1614 2240 1677 2299 dis-

338 2322 459 2389 sentias.
497 2326 576 2405 Quid
598 2326 677 2403 quod
700 2334 729 2385 et
749 2334 873 2409 accusas
896 2338 990 2383 meam
1013 2326 1161 2401 incapite
1184 2328 1213 2384 n.
1237 2327 1450 2405 prolixitatem,
1475 2344 1625 2404 nunquam
1648 2329 1677 2388 id

268 2451 273 2469 .
338 2414 476 2490 lecturus,
504 2413 565 2477 nisi
586 2422 618 2473 tu
641 2414 717 2472 intra
744 2410 833 2489 hujus
856 2412 937 2470 vocis
960 2412 1186 2487 quadamtenus
1214 2418 1365 2491 angustias
1396 2414 1599 2475 consutisses?
1643 2415 1681 2475 itt

337 2501 451 2563 interius
475 2504 535 2561 vim
558 2502 662 2579 capitis
684 2500 742 2560 mei
764 2500 834 2558 noni
858 2500 1021 2572 coarctasti,
1044 2499 1142 2567 lassus
1167 2516 1210 2573 ea,
1235 2504 1311 2578 quas
1334 2504 1399 2578 ipse
1419 2503 1513 2563 multa
1532 2500 1681 2563 locutione

338 2590 491 2668 multisque
518 2589 597 2649 loliis
620 2586 804 2660 tradiderim,
837 2594 865 2645 te
895 2586 924 2643 ln
953 2584 1109 2664 parvulum
1140 2586 1287 2665 redegisse
1309 2584 1423 2663 locum,
1453 2584 1510 2649 hoc
1539 2608 1609 2650 vero
1635 2602 1681 2650 est

338 2676 560 2753 quadamtenus
583 2674 709 2735 eamdem
732 2676 896 2734 maasiam
919 2674 1081 2749 complecti.
1126 2674 1203 2735 Nam
1225 2676 1417 2752 turpeaulom
1439 2678 1585 2755 profiteris
1608 2696 1676 2738 eru·

337 2764 446 2825 dieudis
470 2766 576 2839 oculls5
604 2774 660 2839 ego
691 2763 788 2825 verbis
811 2768 855 2821 tot
876 2760 941 2821 sum
963 2776 1048 2837 usus,
1078 2770 1111 2821 ut
1140 2762 1188 2822 vel
1215 2763 1323 2825 clausis
1348 2765 1441 2823 oeulis
1471 2767 1565 2825 etiam'
1582 2780 1678 2841 aures,

337 2852 403 2928 quid
425 2852 529 2926 velim,
558 2854 707 2929 percipere
730 2858 849 2927 queant.
895 2848 932 2907 lit
955 2848 1024 2925 quid
1054 2858 1112 2922 est,
1147 2866 1272 2927 quasso,
1299 2859 1408 2910 cantus
1435 2852 1631 2913 hammonicam
1654 2861 1682 2913 et

336 2947 390 2998 tres
411 2939 601 3013 medietates,
632 2940 727 3015 capite
750 2954 815 2995 meo
833 2938 890 3015 ¹16.
913 2954 965 3015 per
987 2950 1056 2995 suas
1079 2952 1184 2998 censes
1207 2938 1362 3013 deductas,
1394 2938 1432 2997 ab
1454 2938 1559 3016 effectu
1581 2939 1680 2999 o‘sren-
1780 2990 1787 3003 .

336 3024 410 3101 dere,
434 3030 492 3087 nisi
515 3024 748 3103 quadamtenus,
771 3024 883 3085 scilicet
906 3040 1059 3085 cansarum
1082 3033 1187 3098 tenus,
1206 3043 1280 3101 quas
1302 3034 1370 3085 autu
1393 3041 1439 3086 me
1462 3026 1591 3086 nondum
1614 3034 1681 3087 teu-

336 3121 410 3173 tatas
433 3116 579 3186 existima,
604 3110 780 3189 complecti?
825 3108 963 3170 Omnium
984 3114 1110 3171 mamma
1135 3113 1266 3190 tibiipsi
1289 3114 1411 3190 parcito,
1434 3126 1682 3191 nepquruospoc
1741 3142 1745 3153 =

336 3200 445 3261 audias.
498 3200 573 3261 llam
604 3200 675 3278 quid
704 3202 808 3259 attinet
841 3199 965 3259 voculae
994 3216 1151 3273 usurpans
1185 3198 1379 3260 succemere?
1430 3200 1531 3278 Egone
1562 3200 1680 3260 titulum

335 3286 515 3349 Harmoniae
535 3286 713 3347 'Mundauae
728 3282 798 3345 'sali
828 3302 893 3346 ruso
927 3288 1006 3365 operi
1037 3288 1165 3361 arrogo?
1209 3290 1271 3347 hut
1299 3290 1366 3364 quis
1394 3285 1442 3347 hic
1474 3303 1562 3363 super
1588 3288 1681 3366 pallio

335 3370 485 3436 trabeatus
513 3374 720 3459 philosophus,
750 3372 924 3453 quiritatus
953 3382 981 3433 et
1002 3372 1163 3450 aequitates
1180 3376 1321 3451 politicas
1347 3376 1423 3433 inter
1452 3373 1680 3450 disceptarlones
1780 3433 1784 3443 ,

336 3462 557 3542 philosophicas
580 3464 737 3535 somnians,
762 3477 793 3521 se
816 3460 913 3537 ipsum
934 3461 1203 3521 stomachabundus
1226 3460 1360 3536 incendit,
1384 3469 1417 3520 ut
1438 3480 1493 3521 uec
1513 3460 1553 3521 ab
1574 3463 1682 3541 injuria

335 3568 364 3610 se
386 3548 561 3612 contiueat?
605 3550 708 3625 Legite
731 3557 844 3609 textum
866 3560 963 3608 meum
978 3546 1041 3622 ΙΙΙ,
1065 3564 1153 3625 quern
1175 3552 1238 3626 ipse
1254 3550 1406 3609 rerbsime
1431 3549 1676 3625 „stediesoluw

335 3636 425 3715 dixit3
449 3640 475 3698 si
497 3640 527 3696 lu
550 3655 585 3697 eo
608 3636 782 3714 philantiam
804 3636 984 3710 inveneritis,
1008 3635 1174 3713 exemplum
1197 3638 1333 3697 damnate
1356 3645 1387 3697 et
1409 3646 1519 3697 cavete.

418 3724 563 3802 Reliquas
586 3726 819 3801 comparationes
842 3720 1034 3799 particulares
1057 3738 1137 3784 ame
1161 3727 1297 3798 omissas,
1321 3722 1412 3799 addc,
1435 3723 1518 3798 licet,
1544 3739 1600 3803 pro
1622 3723 1681 3784 tuit

334 3810 503 3873 lectoribus.
546 3812 611 3887 Ego
642 3816 670 3871 in
699 3812 855 3871 verborum
881 3826 1002 3873 numero
1031 3819 1143 3888 partem
1174 3810 1347 3871 discriminis
1374 3828 1452 3888 pono
1484 3811 1610 3887 nullam3
1644 3810 1680 3871 de

333 3899 505 3961 harmoniae
527 3898 653 3960 chordae
677 3900 806 3958 sectione
829 3905 912 3957 tants
934 3914 999 3957 sum
1022 3915 1093 3958 usus
1115 3901 1271 3958 verborum
1293 3901 1386 3976 copia,
1410 3907 1552 3975 quantum
1574 3900 1681 3974 requiri

334 3990 434 4048 censui
458 3977 499 4047 ad
518 3987 692 4065 explicanda
715 3988 844 4045 musicas
867 3985 1074 4060 lundamsu1a3
1103 3988 1132 4043 ltr
1156 3985 1362 4046 medietatibus
1389 3988 1475 4062 porro
1503 3985 1681 4056 harmonicis

333 4080 417 4136 teuta
440 4074 595 4148 brevitate,
619 4080 735 4152 quauta
751 4076 869 4147 onrnluo
891 4076 989 4151 potui3
1012 4072 1082 4149 quia'
1105 4079 1134 4133 et
1156 4088 1280 4150 parrum
1302 4074 1332 4130 ln
1354 4074 1391 4130 iis
1414 4082 1592 4133 momentum
1616 4081 1679 4132 erat

333 4164 423 4223 situm
447 4160 487 4222 ad
509 4160 565 4223 hoc
586 4178 680 4239 genus
703 4159 922 4239 contemplandi
944 4157 1191 4237 philosophicum,
1215 4161 1335 4224 etnltro
1351 4160 1549 4236 sequebantur
1562 4159 1675 4219 medie·
1748 4182 1751 4186 ·

330 4258 415 4327 ntes,
439 4252 607 4311 constitutis
631 4251 780 4323 esnensis,
804 4246 835 4306 id
857 4255 902 4307 est
921 4246 1082 4308 harmoniis
1105 4248 1177 4325 ipsis
1198 4250 1273 4308 inter
1290 4264 1322 4307 se
1345 4250 1530 4324 compositis,
1549 4239 1675 4327 ‘quarum

331 4346 426 4399 ortum
459 4337 623 4410 docueram¹
645 4338 739 4414 capite
762 4338 791 4393 2.
835 4334 901 4395 Nou
931 4333 1018 4396 rideo
1048 4345 1162 4411 tamen,
1194 4336 1245 4412 qui
1270 4330 1500 4411 superficialiter
1526 4336 1679 4410 scripsisse

330 4422 387 4485 dici
409 4426 524 4503 possim
547 4412 585 4484 de
605 4422 812 4485 medietatibus
834 4410 1020 4496 harmonicis,
1044 4426 1095 4499 qui
1119 4433 1148 4483 et
1170 4422 1368 4483 definitionem
1390 4439 1468 4499 pono
1485 4430 1521 4481 ex
1535 4424 1681 4481 sententia

331 4516 466 4572 ueterum
487 4520 516 4572 et
538 4527 557 4571 a
577 4507 773 4571 fundamentis
796 4512 866 4588 ipsis
889 4528 955 4571 eam
978 4510 1179 4583 convellant
1202 4527 1277 4589 quae
1300 4511 1532 4586 frequentissime
1551 4509 1681 4584 proterat

327 4616 469 4660 numeros
496 4616 555 4659 uon
576 4599 774 4671 harmonicus,
804 4614 910 4657 nomen
936 4598 1000 4657 sine
1022 4609 1061 4657 re.
1106 4594 1205 4675 Quare
1232 4597 1394 4657 monendus
1426 4604 1471 4655 est
1492 4594 1564 4654 mihi
1586 4595 1679 4655 lector

325 4697 427 4748 noster
451 4686 612 4747 communis
636 4686 762 4769 insuper,
785 4684 888 4747 rideat
908 4688 996 4773 etiam
1018 4696 1107 4761 atque
1131 4689 1235 4754 etiam,
1257 4702 1328 4743 uum
1349 4682 1496 4743 Rohertus
1519 4699 1594 4742 suas
1611 4700 1677 4744 me·

325 4772 456 4835 dictatas
486 4774 670 4834 harmonicas
693 4792 728 4834 ex
750 4772 807 4832 hac
830 4778 961 4830 veterum
983 4770 1150 4831 delinitione
1172 4767 1332 4844 desmibat3
1364 4771 1473 4846 quippe
1495 4770 1549 4843 alt,
1569 4786 1602 4831 se
1625 4788 1677 4831 ca·

322 4864 496 4937 pweiseime
517 4862 587 4920 illas
608 4868 636 4919 at
656 4860 754 4921 verbis
776 4858 897 4935 quidem
919 4858 1164 4918 conductoribus
1178 4857 1345 4917 modtdbse.
1387 4854 1422 4916 Si
1441 4864 1487 4916 est
1509 4858 1588 4934 quod
1608 4858 1677 4918 dieo

325 4944 401 5031 (non
427 4946 574 5010 est‘enim
599 4943 673 5007 liber
696 4946 760 5024 ejus
783 4944 822 5006 ad
843 4938 980 5025 manus),
1011 4952 1080 5004 tuno
1106 4943 1247 5020 'equidem
1268 4943 1416 5003 Robertus
1443 4946 1501 5004 ista
1525 4944 1679 5004 verborum

325 5039 413 5114 eopia
437 5037 579 5097 errauerit
609 5044 675 5095 oum
698 5026 854 5094 'veteribus
885 5048 903 5090 a
925 5034 1058 5091 veritate.
1104 5028 1202 5107 Quare
1225 5030 1389 5091 carendum
1412 5032 1467 5092 crit
1496 5029 1612 5107 lectori,
1641 5046 1680 5092 ae

323 5127 499 5203 acquiescat
521 5123 621 5199 dictis,
643 5123 814 5202 priusquam
836 5120 983 5181 Robertus
1004 5120 1133 5181 rationes
1156 5138 1235 5181 oreas
1257 5120 1406 5181 acaunus
1430 5124 1581 5199 oppositus
1602 5118 1679 5198 reqi-
