<?xml version="1.0" encoding="UTF-8"?>
<!DOCTYPE html PUBLIC "-//W3C//DTD XHTML 1.0 Transitional//EN"
    "http://www.w3.org/TR/xhtml1/DTD/xhtml1-transitional.dtd">
<html xmlns="http://www.w3.org/1999/xhtml" xml:lang="en" lang="en">
 <head>
  <title>
</title>
<meta http-equiv="Content-Type" content="text/html;charset=utf-8" />
  <meta name='ocr-system' content='tesseract 3.04.00' />
  <meta name='ocr-capabilities' content='ocr_page ocr_carea ocr_par ocr_line ocrx_word'/>
</head>
<body>
  <div class='ocr_page' id='page_1' title='image "./joanniskepleria19frisgoog_0353.png"; bbox 0 0 4467 6192; ppageno 0'>
   <div class='ocr_carea' id='block_1_1' title="bbox 776 1539 1142 1711">
    <p class='ocr_par' dir='ltr' id='par_1_1' title="bbox 776 1539 1142 1711">
     <span class='ocr_line' id='line_1_1' title="bbox 776 1539 1142 1711; baseline 0.016 -46"><span class='ocrx_word' id='word_1_1' title='bbox 776 1619 781 1628; x_wconf 48' lang='lat'>«</span> <span class='ocrx_word' id='word_1_2' title='bbox 867 1539 1142 1711; x_wconf 52' lang='lat' dir='ltr'><strong>&#39;irrrrrorr</strong></span> 
     </span>
    </p>
   </div>
   <div class='ocr_carea' id='block_1_2' title="bbox 647 1770 1400 1878">
    <p class='ocr_par' dir='ltr' id='par_1_2' title="bbox 647 1770 1400 1878">
     <span class='ocr_line' id='line_1_2' title="bbox 647 1770 1400 1878; baseline 0.004 -30"><span class='ocrx_word' id='word_1_3' title='bbox 647 1777 701 1848; x_wconf 78' lang='lat' dir='ltr'><strong>Ad</strong></span> <span class='ocrx_word' id='word_1_4' title='bbox 730 1778 955 1850; x_wconf 87' lang='lat' dir='ltr'><strong>Harmonices</strong></span> <span class='ocrx_word' id='word_1_5' title='bbox 983 1774 1100 1851; x_wconf 85' lang='lat' dir='ltr'><strong>Mundi</strong></span> <span class='ocrx_word' id='word_1_6' title='bbox 1121 1773 1269 1878; x_wconf 83' lang='lat' dir='ltr'><strong>Librum</strong></span> <span class='ocrx_word' id='word_1_7' title='bbox 1299 1770 1400 1878; x_wconf 58' lang='lat' dir='ltr'><strong>ll.³¹)¹</strong></span> 
     </span>
    </p>
   </div>
   <div class='ocr_carea' id='block_1_3' title="bbox 943 1923 1137 1998">
    <p class='ocr_par' dir='ltr' id='par_1_3' title="bbox 943 1923 1137 1998">
     <span class='ocr_line' id='line_1_3' title="bbox 943 1923 1137 1998; baseline 0.015 -3"><span class='ocrx_word' id='word_1_8' title='bbox 943 1941 1091 1998; x_wconf 81' lang='lat' dir='ltr'><strong>Continens</strong></span> <span class='ocrx_word' id='word_1_9' title='bbox 1136 1923 1137 1930; x_wconf 8' lang='grc' dir='ltr'>ἵ</span> 
     </span>
    </p>
   </div>
   <div class='ocr_carea' id='block_1_4' title="bbox 475 2054 1567 2167">
    <p class='ocr_par' dir='ltr' id='par_1_4' title="bbox 475 2054 1567 2167">
     <span class='ocr_line' id='line_1_4' title="bbox 475 2054 1567 2167; baseline 0.003 -22"><span class='ocrx_word' id='word_1_10' title='bbox 475 2086 521 2145; x_wconf 79' lang='lat' dir='ltr'><strong>Ol.</strong></span> <span class='ocrx_word' id='word_1_11' title='bbox 546 2085 707 2146; x_wconf 78' lang='lat' dir='ltr'>Ptolemaei</span> <span class='ocrx_word' id='word_1_12' title='bbox 732 2054 975 2146; x_wconf 82' lang='lat' dir='ltr'><strong>Harmonicorum</strong></span> <span class='ocrx_word' id='word_1_13' title='bbox 1000 2088 1106 2148; x_wconf 88' lang='lat' dir='ltr'><strong>librum</strong></span> <span class='ocrx_word' id='word_1_14' title='bbox 1130 2087 1184 2148; x_wconf 89' lang='lat' dir='ltr'><strong>Ill.</strong></span> <span class='ocrx_word' id='word_1_15' title='bbox 1203 2108 1222 2148; x_wconf 89' lang='lat' dir='ltr'><strong>a</strong></span> <span class='ocrx_word' id='word_1_16' title='bbox 1241 2088 1386 2167; x_wconf 67' lang='lat' dir='ltr'><strong>¹csp.,Ill.</strong></span> <span class='ocrx_word' id='word_1_17' title='bbox 1412 2068 1567 2148; x_wconf 84' lang='lat' dir='ltr'><strong>adfinem.</strong></span> 
     </span>
    </p>
   </div>
   <div class='ocr_carea' id='block_1_5' title="bbox 335 2245 1696 2451">
    <p class='ocr_par' dir='ltr' id='par_1_5' title="bbox 335 2245 1696 2451">
     <span class='ocr_line' id='line_1_5' title="bbox 335 2245 1696 2352; baseline 0.004 -25"><span class='ocrx_word' id='word_1_18' title='bbox 335 2273 494 2343; x_wconf 80' lang='lat' dir='ltr'><strong>Inter-prete</strong></span> <span class='ocrx_word' id='word_1_19' title='bbox 511 2274 530 2327; x_wconf 87' lang='lat' dir='ltr'>J</span> <span class='ocrx_word' id='word_1_20' title='bbox 538 2287 645 2326; x_wconf 87' lang='lat' dir='ltr'><strong>caune</strong></span> <span class='ocrx_word' id='word_1_21' title='bbox 663 2273 828 2343; x_wconf 85' lang='lat' dir='ltr'><strong>Keplero,</strong></span> <span class='ocrx_word' id='word_1_22' title='bbox 848 2289 864 2328; x_wconf 86' lang='lat' dir='ltr'><strong>a</strong></span> <span class='ocrx_word' id='word_1_23' title='bbox 882 2290 936 2344; x_wconf 90' lang='lat' dir='ltr'><strong>qno</strong></span> <span class='ocrx_word' id='word_1_24' title='bbox 955 2275 1037 2329; x_wconf 84' lang='lat' dir='ltr'><strong>etiam</strong></span> <span class='ocrx_word' id='word_1_25' title='bbox 1055 2276 1107 2330; x_wconf 88' lang='lat' dir='ltr'><strong>tria</strong></span> <span class='ocrx_word' id='word_1_26' title='bbox 1125 2275 1221 2332; x_wconf 88' lang='lat' dir='ltr'><strong>ultima</strong></span> <span class='ocrx_word' id='word_1_27' title='bbox 1240 2278 1330 2346; x_wconf 88' lang='lat' dir='ltr'><strong>capita</strong></span> <span class='ocrx_word' id='word_1_28' title='bbox 1347 2245 1426 2352; x_wconf 75' lang='lat' dir='ltr'><strong>libri,</strong></span> <span class='ocrx_word' id='word_1_29' title='bbox 1437 2291 1550 2347; x_wconf 87' lang='lat' dir='ltr'><strong>qnorum</strong></span> <span class='ocrx_word' id='word_1_30' title='bbox 1570 2277 1696 2332; x_wconf 84' lang='lat' dir='ltr'><strong>lemmate</strong></span> 
     </span>
     <span class='ocr_line' id='line_1_6' title="bbox 443 2359 1520 2451; baseline 0.003 -36"><span class='ocrx_word' id='word_1_31' title='bbox 443 2441 452 2451; x_wconf 85' lang='lat'><em>.</em></span> <span class='ocrx_word' id='word_1_32' title='bbox 521 2361 581 2447; x_wconf 81' lang='lat' dir='ltr'><strong>sola</strong></span> <span class='ocrx_word' id='word_1_33' title='bbox 598 2359 771 2416; x_wconf 83' lang='lat' dir='ltr'><strong>Ptolemaeus</strong></span> <span class='ocrx_word' id='word_1_34' title='bbox 789 2361 907 2430; x_wconf 87' lang='lat' dir='ltr'><strong>reliquit,</strong></span> <span class='ocrx_word' id='word_1_35' title='bbox 926 2362 1002 2417; x_wconf 79' lang='lat' dir='ltr'><strong>velut</strong></span> <span class='ocrx_word' id='word_1_36' title='bbox 1015 2379 1054 2434; x_wconf 38' lang='lat' dir='ltr'><strong>„ex</strong></span> <span class='ocrx_word' id='word_1_37' title='bbox 1074 2371 1165 2432; x_wconf 85' lang='lat' dir='ltr'><strong>mente</strong></span> <span class='ocrx_word' id='word_1_38' title='bbox 1183 2363 1331 2420; x_wconf 78' lang='lat' dir='ltr'><strong>Ptolemaei</strong></span> <span class='ocrx_word' id='word_1_39' title='bbox 1350 2364 1520 2434; x_wconf 81' lang='lat' dir='ltr'><strong>supplentur.</strong></span> 
     </span>
    </p>
   </div>
   <div class='ocr_carea' id='block_1_6' title="bbox 331 2489 1698 2746">
    <p class='ocr_par' dir='ltr' id='par_1_6' title="bbox 331 2489 1698 2746">
     <span class='ocr_line' id='line_1_7' title="bbox 333 2489 1696 2574; baseline 0.003 -20"><span class='ocrx_word' id='word_1_40' title='bbox 333 2500 400 2554; x_wconf 78' lang='lat' dir='ltr'><strong>cnm</strong></span> <span class='ocrx_word' id='word_1_41' title='bbox 418 2500 498 2555; x_wconf 90' lang='lat' dir='ltr'><strong>notis</strong></span> <span class='ocrx_word' id='word_1_42' title='bbox 515 2514 566 2554; x_wconf 88' lang='lat' dir='ltr'><strong>seu</strong></span> <span class='ocrx_word' id='word_1_43' title='bbox 584 2500 782 2555; x_wconf 86' lang='lat' dir='ltr'><strong>commentariis</strong></span> <span class='ocrx_word' id='word_1_44' title='bbox 800 2501 922 2570; x_wconf 81' lang='lat' dir='ltr'><strong>ejusdem</strong></span> <span class='ocrx_word' id='word_1_45' title='bbox 940 2489 1112 2572; x_wconf 71' lang='lat' dir='ltr'><strong>interspersis</strong></span> <span class='ocrx_word' id='word_1_46' title='bbox 1132 2509 1179 2557; x_wconf 87' lang='lat' dir='ltr'><strong>aut</strong></span> <span class='ocrx_word' id='word_1_47' title='bbox 1202 2511 1266 2572; x_wconf 86' lang='lat' dir='ltr'><strong>post</strong></span> <span class='ocrx_word' id='word_1_48' title='bbox 1283 2505 1364 2559; x_wconf 87' lang='lat' dir='ltr'><strong>finem</strong></span> <span class='ocrx_word' id='word_1_49' title='bbox 1383 2503 1480 2573; x_wconf 86' lang='lat' dir='ltr'><strong>capitis</strong></span> <span class='ocrx_word' id='word_1_50' title='bbox 1500 2503 1632 2574; x_wconf 76' lang='lat' dir='ltr'><strong>cuiusque</strong></span> <span class='ocrx_word' id='word_1_51' title='bbox 1651 2501 1696 2558; x_wconf 93' lang='lat' dir='ltr'><strong>ad-</strong></span> 
     </span>
     <span class='ocr_line' id='line_1_8' title="bbox 331 2583 1698 2667; baseline 0.004 -27"><span class='ocrx_word' id='word_1_52' title='bbox 331 2587 428 2656; x_wconf 85' lang='lat' dir='ltr'><strong>jectis,</strong></span> <span class='ocrx_word' id='word_1_53' title='bbox 448 2585 552 2655; x_wconf 87' lang='lat' dir='ltr'><strong>quibus</strong></span> <span class='ocrx_word' id='word_1_54' title='bbox 571 2583 666 2641; x_wconf 75' lang='lat' dir='ltr'><strong>auctor</strong></span> <span class='ocrx_word' id='word_1_55' title='bbox 690 2585 732 2640; x_wconf 84' lang='lat' dir='ltr'><strong>rel</strong></span> <span class='ocrx_word' id='word_1_56' title='bbox 757 2587 911 2657; x_wconf 81' lang='lat' dir='ltr'><strong>explicatur</strong></span> <span class='ocrx_word' id='word_1_57' title='bbox 929 2588 971 2643; x_wconf 85' lang='lat' dir='ltr'><strong>rel</strong></span> <span class='ocrx_word' id='word_1_58' title='bbox 994 2589 1143 2660; x_wconf 81' lang='lat' dir='ltr'><strong>refutatur,</strong></span> <span class='ocrx_word' id='word_1_59' title='bbox 1171 2591 1213 2644; x_wconf 85' lang='lat' dir='ltr'><strong>vel</strong></span> <span class='ocrx_word' id='word_1_60' title='bbox 1241 2590 1299 2657; x_wconf 84' lang='lat' dir='ltr'><strong>ejus</strong></span> <span class='ocrx_word' id='word_1_61' title='bbox 1311 2591 1426 2667; x_wconf 72' lang='lat' dir='ltr'><strong>⁸invente</strong></span> <span class='ocrx_word' id='word_1_62' title='bbox 1445 2607 1505 2645; x_wconf 89' lang='lat' dir='ltr'><strong>euru</strong></span> <span class='ocrx_word' id='word_1_63' title='bbox 1524 2592 1698 2660; x_wconf 87' lang='lat' dir='ltr'><strong>praecedenti</strong></span> 
     </span>
     <span class='ocr_line' id='line_1_9' title="bbox 716 2676 1672 2746; baseline 0.004 -16"><span class='ocrx_word' id='word_1_64' title='bbox 716 2691 798 2744; x_wconf 90' lang='lat' dir='ltr'><strong>opere</strong></span> <span class='ocrx_word' id='word_1_65' title='bbox 815 2676 990 2734; x_wconf 87' lang='lat' dir='ltr'><strong>Harmoniees</strong></span> <span class='ocrx_word' id='word_1_66' title='bbox 1008 2677 1105 2732; x_wconf 85' lang='lat' dir='ltr'><strong>Mundi</strong></span> <span class='ocrx_word' id='word_1_67' title='bbox 1124 2685 1323 2746; x_wconf 84' lang='lat' dir='ltr'><strong>comparantur.</strong></span> <span class='ocrx_word' id='word_1_68' title='bbox 1670 2676 1672 2680; x_wconf 77' lang='grc'><strong>’</strong></span> 
     </span>
    </p>
   </div>
   <div class='ocr_carea' id='block_1_7' title="bbox 509 2817 1649 3028">
    <p class='ocr_par' dir='ltr' id='par_1_7' title="bbox 509 2817 1649 3028">
     <span class='ocr_line' id='line_1_10' title="bbox 1024 2817 1649 2904; baseline 0.002 -35"><span class='ocrx_word' id='word_1_69' title='bbox 1024 2821 1117 2870; x_wconf 83' lang='lat' dir='ltr'><strong>Seneca</strong></span> <span class='ocrx_word' id='word_1_70' title='bbox 1135 2821 1193 2870; x_wconf 84' lang='lat' dir='ltr'><strong>Nat.</strong></span> <span class='ocrx_word' id='word_1_71' title='bbox 1212 2825 1304 2904; x_wconf 67' lang='lat' dir='ltr'><strong>quaest.</strong></span> <span class='ocrx_word' id='word_1_72' title='bbox 1323 2821 1369 2872; x_wconf 84' lang='lat' dir='ltr'><strong>lrb.</strong></span> <span class='ocrx_word' id='word_1_73' title='bbox 1387 2821 1443 2869; x_wconf 86' lang='lat' dir='ltr'><strong>Vll.</strong></span> <span class='ocrx_word' id='word_1_74' title='bbox 1462 2835 1517 2884; x_wconf 88' lang='lat' dir='ltr'><strong>cap.</strong></span> <span class='ocrx_word' id='word_1_75' title='bbox 1536 2817 1649 2874; x_wconf 75' lang='lat'><strong>25-31.</strong></span> 
     </span>
     <span class='ocr_line' id='line_1_11' title="bbox 509 2948 1530 3028; baseline -0.002 -16"><span class='ocrx_word' id='word_1_76' title='bbox 509 2957 607 3012; x_wconf 74' lang='lat' dir='ltr'><strong>Vester</strong></span> <span class='ocrx_word' id='word_1_77' title='bbox 623 2948 736 3026; x_wconf 74' lang='lat' dir='ltr'><strong>tempus,</strong></span> <span class='ocrx_word' id='word_1_78' title='bbox 754 2972 808 3027; x_wconf 76' lang='lat' dir='ltr'><strong>quo</strong></span> <span class='ocrx_word' id='word_1_79' title='bbox 902 2959 977 3028; x_wconf 81' lang='lat' dir='ltr'><strong>quod</strong></span> <span class='ocrx_word' id='word_1_80' title='bbox 993 2963 1110 3027; x_wconf 67' lang='lat' dir='ltr'><strong>poemat</strong></span> <span class='ocrx_word' id='word_1_81' title='bbox 1127 2957 1350 3013; x_wconf 67' lang='lat' dir='ltr'><strong>cunicmundus</strong></span> <span class='ocrx_word' id='word_1_82' title='bbox 1367 2957 1466 3013; x_wconf 82' lang='lat' dir='ltr'><strong>babeat</strong></span> <span class='ocrx_word' id='word_1_83' title='bbox 1483 2964 1530 3013; x_wconf 86' lang='lat' dir='ltr'><strong>etc.</strong></span> 
     </span>
    </p>
   </div>
   <div class='ocr_carea' id='block_1_8' title="bbox 622 3123 1421 3241">
    <p class='ocr_par' dir='ltr' id='par_1_8' title="bbox 622 3123 1421 3241">
     <span class='ocr_line' id='line_1_12' title="bbox 622 3123 1421 3241; baseline 0.003 -47"><span class='ocrx_word' id='word_1_84' title='bbox 622 3124 708 3194; x_wconf 85' lang='lat' dir='ltr'><strong>Cum</strong></span> <span class='ocrx_word' id='word_1_85' title='bbox 736 3125 771 3195; x_wconf 89' lang='lat' dir='ltr'><strong>S.</strong></span> <span class='ocrx_word' id='word_1_86' title='bbox 799 3125 836 3195; x_wconf 84' lang='lat' dir='ltr'><strong>C.</strong></span> <span class='ocrx_word' id='word_1_87' title='bbox 863 3123 904 3195; x_wconf 91' lang='lat' dir='ltr'><strong>ll.</strong></span> <span class='ocrx_word' id='word_1_88' title='bbox 932 3125 1118 3241; x_wconf 80' lang='lat' dir='ltr'><strong>Pririlegio</strong></span> <span class='ocrx_word' id='word_1_89' title='bbox 1146 3126 1192 3196; x_wconf 87' lang='lat' dir='ltr'><strong>sd</strong></span> <span class='ocrx_word' id='word_1_90' title='bbox 1220 3145 1328 3196; x_wconf 90' lang='lat' dir='ltr'><strong>annos</strong></span> <span class='ocrx_word' id='word_1_91' title='bbox 1355 3125 1421 3197; x_wconf 81' lang='lat' dir='ltr'><strong>xv.</strong></span> 
     </span>
    </p>
   </div>
   <div class='ocr_carea' id='block_1_9' title="bbox 577 3307 1295 3386">
    <p class='ocr_par' dir='ltr' id='par_1_9' title="bbox 577 3307 1295 3386">
     <span class='ocr_line' id='line_1_13' title="bbox 577 3307 1295 3386; baseline 0.007 -30"><span class='ocrx_word' id='word_1_92' title='bbox 577 3353 592 3386; x_wconf 53' lang='lat'>0</span> <span class='ocrx_word' id='word_1_93' title='bbox 739 3309 770 3360; x_wconf 86' lang='lat' dir='ltr'><strong>ll.</strong></span> <span class='ocrx_word' id='word_1_94' title='bbox 790 3309 928 3358; x_wconf 78' lang='lat' dir='ltr'><strong>excedebat</strong></span> <span class='ocrx_word' id='word_1_95' title='bbox 946 3309 975 3359; x_wconf 81' lang='lat' dir='ltr'><strong>ll.</strong></span> <span class='ocrx_word' id='word_1_96' title='bbox 993 3309 1023 3362; x_wconf 82' lang='lat' dir='ltr'><strong>N.</strong></span> <span class='ocrx_word' id='word_1_97' title='bbox 1056 3311 1135 3360; x_wconf 77' lang='lat' dir='ltr'><strong>&#39;Auno</strong></span> <span class='ocrx_word' id='word_1_98' title='bbox 1153 3307 1295 3361; x_wconf 78' lang='lat' dir='ltr'><strong>Mnurssx.</strong></span> 
     </span>
    </p>
   </div>
   <div class='ocr_carea' id='block_1_10' title="bbox 915 3555 1122 3574">
    <p class='ocr_par' dir='ltr' id='par_1_10' title="bbox 915 3555 1122 3574">
     <span class='ocr_line' id='line_1_14' title="bbox 915 3555 1122 3574; baseline 0 -8"><span class='ocrx_word' id='word_1_99' title='bbox 915 3555 1122 3574; x_wconf 51' lang='grc' dir='ltr'><strong>Ἢ,-</strong></span> 
     </span>
    </p>
   </div>
   <div class='ocr_carea' id='block_1_11' title="bbox 912 3757 1132 3830">
    <p class='ocr_par' dir='ltr' id='par_1_11' title="bbox 912 3757 1132 3830">
     <span class='ocr_line' id='line_1_15' title="bbox 912 3757 1132 3830; baseline -0.014 0"><span class='ocrx_word' id='word_1_100' title='bbox 912 3757 1059 3830; x_wconf 84' lang='lat' dir='ltr'>CAPUT.</span> <span class='ocrx_word' id='word_1_101' title='bbox 1080 3757 1132 3828; x_wconf 90' lang='lat' dir='ltr'><strong>lll.</strong></span> 
     </span>
    </p>
   </div>
   <div class='ocr_carea' id='block_1_12' title="bbox 408 3899 1619 4059">
    <p class='ocr_par' dir='ltr' id='par_1_12' title="bbox 408 3899 1619 4059">
     <span class='ocr_line' id='line_1_16' title="bbox 408 3899 1619 3971; baseline -0.001 -14"><span class='ocrx_word' id='word_1_102' title='bbox 408 3902 483 3957; x_wconf 85' lang='lat' dir='ltr'><strong>Sub</strong></span> <span class='ocrx_word' id='word_1_103' title='bbox 502 3901 593 3970; x_wconf 88' lang='lat' dir='ltr'><strong>quod</strong></span> <span class='ocrx_word' id='word_1_104' title='bbox 611 3918 719 3956; x_wconf 90' lang='lat' dir='ltr'><strong>rerum</strong></span> <span class='ocrx_word' id='word_1_105' title='bbox 737 3917 844 3971; x_wconf 77' lang='lat' dir='ltr'><strong>genus</strong></span> <span class='ocrx_word' id='word_1_106' title='bbox 861 3900 1044 3956; x_wconf 75' lang='lat' dir='ltr'><strong>referenda</strong></span> <span class='ocrx_word' id='word_1_107' title='bbox 1062 3900 1107 3954; x_wconf 89' lang='lat' dir='ltr'><strong>sit</strong></span> <span class='ocrx_word' id='word_1_108' title='bbox 1127 3905 1250 3955; x_wconf 86' lang='lat' dir='ltr'><strong>natura</strong></span> <span class='ocrx_word' id='word_1_109' title='bbox 1269 3915 1328 3956; x_wconf 89' lang='lat' dir='ltr'><strong>seu</strong></span> <span class='ocrx_word' id='word_1_110' title='bbox 1347 3899 1398 3955; x_wconf 85' lang='lat' dir='ltr'><strong>vis</strong></span> <span class='ocrx_word' id='word_1_111' title='bbox 1416 3901 1619 3957; x_wconf 88' lang='lat' dir='ltr'><strong>harmonica</strong></span> 
     </span>
     <span class='ocr_line' id='line_1_17' title="bbox 827 3989 1196 4059; baseline -0.016 -14"><span class='ocrx_word' id='word_1_112' title='bbox 827 3990 976 4059; x_wconf 77' lang='lat' dir='ltr'><strong>eiusque</strong></span> <span class='ocrx_word' id='word_1_113' title='bbox 999 3989 1157 4044; x_wconf 89' lang='lat' dir='ltr'><strong>scientia.</strong></span> <span class='ocrx_word' id='word_1_114' title='bbox 1176 3989 1196 4039; x_wconf 90' lang='lat'><strong>1)</strong></span> 
     </span>
    </p>
   </div>
   <div class='ocr_carea' id='block_1_13' title="bbox 326 4129 1696 4734">
    <p class='ocr_par' dir='ltr' id='par_1_13' title="bbox 326 4129 1696 4734">
     <span class='ocr_line' id='line_1_18' title="bbox 423 4129 1696 4213; baseline -0.002 -19"><span class='ocrx_word' id='word_1_115' title='bbox 423 4133 517 4209; x_wconf 82' lang='lat' dir='ltr'><strong>Quod</strong></span> <span class='ocrx_word' id='word_1_116' title='bbox 547 4136 636 4210; x_wconf 71' lang='lat' dir='ltr'><strong>igitur</strong></span> <span class='ocrx_word' id='word_1_117' title='bbox 665 4144 771 4198; x_wconf 77' lang='lat' dir='ltr'><strong>natura</strong></span> <span class='ocrx_word' id='word_1_118' title='bbox 791 4134 978 4195; x_wconf 84' lang='lat' dir='ltr'><strong>harmonicae</strong></span> <span class='ocrx_word' id='word_1_119' title='bbox 1007 4134 1288 4209; x_wconf 77' lang='lat' dir='ltr'><strong>contemperationis</strong></span> <span class='ocrx_word' id='word_1_120' title='bbox 1308 4129 1358 4207; x_wconf 79' lang='lat'><strong>¹¹),</strong></span> <span class='ocrx_word' id='word_1_121' title='bbox 1390 4151 1478 4211; x_wconf 82' lang='lat' dir='ltr'><strong>quam</strong></span> <span class='ocrx_word' id='word_1_122' title='bbox 1506 4134 1565 4197; x_wconf 88' lang='lat' dir='ltr'><strong>late</strong></span> <span class='ocrx_word' id='word_1_123' title='bbox 1596 4141 1696 4213; x_wconf 88' lang='lat' dir='ltr'><strong>patent</strong></span> 
     </span>
     <span class='ocr_line' id='line_1_19' title="bbox 327 4222 1695 4302; baseline -0.001 -20"><span class='ocrx_word' id='word_1_124' title='bbox 327 4225 398 4298; x_wconf 87' lang='lat' dir='ltr'><strong>jura</strong></span> <span class='ocrx_word' id='word_1_125' title='bbox 421 4231 533 4282; x_wconf 87' lang='lat' dir='ltr'><strong>cantus</strong></span> <span class='ocrx_word' id='word_1_126' title='bbox 554 4223 688 4282; x_wconf 73' lang='lat' dir='ltr'><strong>conmuni</strong></span> <span class='ocrx_word' id='word_1_127' title='bbox 709 4225 752 4282; x_wconf 88' lang='lat' dir='ltr'><strong>sic</strong></span> <span class='ocrx_word' id='word_1_128' title='bbox 775 4222 856 4302; x_wconf 85' lang='lat' dir='ltr'><strong>dieti,</strong></span> <span class='ocrx_word' id='word_1_129' title='bbox 878 4225 939 4281; x_wconf 87' lang='lat' dir='ltr'><strong>suis</strong></span> <span class='ocrx_word' id='word_1_130' title='bbox 962 4224 1085 4299; x_wconf 86' lang='lat' dir='ltr'><strong>propriis</strong></span> <span class='ocrx_word' id='word_1_131' title='bbox 1108 4222 1344 4297; x_wconf 86' lang='lat' dir='ltr'><strong>proportionibus</strong></span> <span class='ocrx_word' id='word_1_132' title='bbox 1368 4229 1396 4281; x_wconf 90' lang='lat' dir='ltr'><strong>et</strong></span> <span class='ocrx_word' id='word_1_133' title='bbox 1412 4223 1520 4297; x_wconf 89' lang='lat' dir='ltr'><strong>quibus</strong></span> <span class='ocrx_word' id='word_1_134' title='bbox 1537 4225 1571 4279; x_wconf 85' lang='lat' dir='ltr'><strong>‘ris</strong></span> <span class='ocrx_word' id='word_1_135' title='bbox 1588 4239 1695 4296; x_wconf 81' lang='lat' dir='ltr'><strong>riuum-</strong></span> 
     </span>
     <span class='ocr_line' id='line_1_20' title="bbox 329 4307 1693 4388; baseline -0.004 -18"><span class='ocrx_word' id='word_1_136' title='bbox 329 4311 482 4388; x_wconf 82' lang='lat' dir='ltr'><strong>quodque</strong></span> <span class='ocrx_word' id='word_1_137' title='bbox 505 4313 704 4370; x_wconf 87' lang='lat' dir='ltr'><strong>continestur:</strong></span> <span class='ocrx_word' id='word_1_138' title='bbox 734 4312 868 4370; x_wconf 84' lang='lat' dir='ltr'><strong>existimo</strong></span> <span class='ocrx_word' id='word_1_139' title='bbox 891 4309 930 4369; x_wconf 84' lang='lat' dir='ltr'><strong>ad</strong></span> <span class='ocrx_word' id='word_1_140' title='bbox 958 4309 1080 4386; x_wconf 82' lang='lat' dir='ltr'><strong>loegum</strong></span> <span class='ocrx_word' id='word_1_141' title='bbox 1103 4317 1132 4370; x_wconf 90' lang='lat' dir='ltr'><strong>et</strong></span> <span class='ocrx_word' id='word_1_142' title='bbox 1155 4307 1332 4369; x_wconf 86' lang='lat' dir='ltr'><strong>sufficienter</strong></span> <span class='ocrx_word' id='word_1_143' title='bbox 1355 4327 1373 4368; x_wconf 92' lang='lat' dir='ltr'><strong>a</strong></span> <span class='ocrx_word' id='word_1_144' title='bbox 1394 4327 1441 4369; x_wconf 90' lang='lat' dir='ltr'><strong>me</strong></span> <span class='ocrx_word' id='word_1_145' title='bbox 1465 4309 1693 4369; x_wconf 72' lang='lat' dir='ltr'><strong>dunorrstratum</strong></span> 
     </span>
     <span class='ocr_line' id='line_1_21' title="bbox 327 4391 1695 4476; baseline 0.001 -19"><span class='ocrx_word' id='word_1_146' title='bbox 327 4401 443 4471; x_wconf 78' lang='lat' dir='ltr'><strong>inisse,</strong></span> <span class='ocrx_word' id='word_1_147' title='bbox 470 4403 504 4454; x_wconf 90' lang='lat' dir='ltr'><strong>ut</strong></span> <span class='ocrx_word' id='word_1_148' title='bbox 526 4400 551 4455; x_wconf 90' lang='lat' dir='ltr'><strong>si</strong></span> <span class='ocrx_word' id='word_1_149' title='bbox 567 4397 632 4473; x_wconf 89' lang='lat' dir='ltr'><strong>quis</strong></span> <span class='ocrx_word' id='word_1_150' title='bbox 654 4413 743 4473; x_wconf 83' lang='lat' dir='ltr'><strong>super</strong></span> <span class='ocrx_word' id='word_1_151' title='bbox 758 4400 977 4475; x_wconf 89' lang='lat' dir='ltr'><strong>suppositorum</strong></span> <span class='ocrx_word' id='word_1_152' title='bbox 997 4397 1235 4476; x_wconf 85' lang='lat' dir='ltr'><strong>probabilitatem</strong></span> <span class='ocrx_word' id='word_1_153' title='bbox 1250 4398 1338 4456; x_wconf 83' lang='lat' dir='ltr'><strong>stiam</strong></span> <span class='ocrx_word' id='word_1_154' title='bbox 1354 4396 1518 4471; x_wconf 85' lang='lat' dir='ltr'><strong>regularum</strong></span> <span class='ocrx_word' id='word_1_155' title='bbox 1537 4391 1597 4468; x_wconf 73' lang='lat'><strong>¹¹¹),</strong></span> <span class='ocrx_word' id='word_1_156' title='bbox 1621 4412 1695 4470; x_wconf 82' lang='lat' dir='ltr'><strong>quse</strong></span> 
     </span>
     <span class='ocr_line' id='line_1_22' title="bbox 329 4482 1694 4565; baseline -0.004 -21"><span class='ocrx_word' id='word_1_157' title='bbox 329 4486 521 4545; x_wconf 82' lang='lat' dir='ltr'><strong>ordine&#39;suo</strong></span> <span class='ocrx_word' id='word_1_158' title='bbox 545 4484 734 4558; x_wconf 85' lang='lat' dir='ltr'><strong>tradidimus,</strong></span> <span class='ocrx_word' id='word_1_159' title='bbox 757 4502 843 4544; x_wconf 91' lang='lat' dir='ltr'><strong>usum</strong></span> <span class='ocrx_word' id='word_1_160' title='bbox 867 4485 1017 4565; x_wconf 86' lang='lat' dir='ltr'><strong>explorare</strong></span> <span class='ocrx_word' id='word_1_161' title='bbox 1042 4496 1071 4545; x_wconf 89' lang='lat' dir='ltr'><strong>et</strong></span> <span class='ocrx_word' id='word_1_162' title='bbox 1094 4502 1181 4562; x_wconf 89' lang='lat' dir='ltr'><strong>opere</strong></span> <span class='ocrx_word' id='word_1_163' title='bbox 1205 4486 1269 4562; x_wconf 88' lang='lat' dir='ltr'><strong>ipso</strong></span> <span class='ocrx_word' id='word_1_164' title='bbox 1295 4486 1418 4561; x_wconf 86' lang='lat' dir='ltr'><strong>experiri</strong></span> <span class='ocrx_word' id='word_1_165' title='bbox 1440 4483 1594 4562; x_wconf 83' lang='lat' dir='ltr'><strong>studuerit,</strong></span> <span class='ocrx_word' id='word_1_166' title='bbox 1616 4482 1694 4558; x_wconf 91' lang='lat' dir='ltr'><strong>apud</strong></span> 
     </span>
     <span class='ocr_line' id='line_1_23' title="bbox 326 4569 1696 4649; baseline -0.004 -14"><span class='ocrx_word' id='word_1_167' title='bbox 326 4575 410 4634; x_wconf 88' lang='lat' dir='ltr'><strong>huuc</strong></span> <span class='ocrx_word' id='word_1_168' title='bbox 434 4570 524 4631; x_wconf 89' lang='lat' dir='ltr'><strong>nulla</strong></span> <span class='ocrx_word' id='word_1_169' title='bbox 544 4589 699 4648; x_wconf 86' lang='lat' dir='ltr'><strong>superesse</strong></span> <span class='ocrx_word' id='word_1_170' title='bbox 721 4575 814 4649; x_wconf 87' lang='lat' dir='ltr'><strong>possit</strong></span> <span class='ocrx_word' id='word_1_171' title='bbox 836 4573 1003 4646; x_wconf 80' lang='lat' dir='ltr'><strong>haesitatio,</strong></span> <span class='ocrx_word' id='word_1_172' title='bbox 1028 4574 1097 4648; x_wconf 85' lang='lat' dir='ltr'><strong>quin</strong></span> <span class='ocrx_word' id='word_1_173' title='bbox 1122 4589 1172 4648; x_wconf 90' lang='lat' dir='ltr'><strong>per</strong></span> <span class='ocrx_word' id='word_1_174' title='bbox 1188 4589 1289 4631; x_wconf 91' lang='lat' dir='ltr'><strong>ornnes</strong></span> <span class='ocrx_word' id='word_1_175' title='bbox 1305 4572 1368 4646; x_wconf 87' lang='lat' dir='ltr'><strong>ejus</strong></span> <span class='ocrx_word' id='word_1_176' title='bbox 1391 4572 1504 4646; x_wconf 88' lang='lat' dir='ltr'><strong>species</strong></span> <span class='ocrx_word' id='word_1_177' title='bbox 1519 4569 1696 4632; x_wconf 86' lang='lat' dir='ltr'><strong>sufficienter</strong></span> 
     </span>
     <span class='ocr_line' id='line_1_24' title="bbox 326 4655 1440 4734; baseline -0.004 -14"><span class='ocrx_word' id='word_1_178' title='bbox 326 4663 444 4722; x_wconf 76' lang='lat' dir='ltr'><strong>nocuis</strong></span> <span class='ocrx_word' id='word_1_179' title='bbox 471 4660 710 4719; x_wconf 84' lang='lat' dir='ltr'><strong>conclusionibus</strong></span> <span class='ocrx_word' id='word_1_180' title='bbox 732 4668 904 4721; x_wconf 88' lang='lat' dir='ltr'><strong>attestatum</strong></span> <span class='ocrx_word' id='word_1_181' title='bbox 925 4677 1045 4719; x_wconf 88' lang='lat' dir='ltr'><strong>sensum</strong></span> <span class='ocrx_word' id='word_1_182' title='bbox 1067 4659 1186 4718; x_wconf 87' lang='lat' dir='ltr'><strong>auditus</strong></span> <span class='ocrx_word' id='word_1_183' title='bbox 1209 4655 1440 4734; x_wconf 88' lang='lat' dir='ltr'><strong>deprehenderit.</strong></span> 
     </span>
    </p>
   </div>
   <div class='ocr_carea' id='block_1_14' title="bbox 325 4755 1696 5223">
    <p class='ocr_par' dir='ltr' id='par_1_14' title="bbox 325 4755 1696 5223">
     <span class='ocr_line' id='line_1_25' title="bbox 419 4755 1694 4828; baseline 0 -15"><span class='ocrx_word' id='word_1_184' title='bbox 419 4764 497 4815; x_wconf 81' lang='lat' dir='ltr'><strong>notu</strong></span> <span class='ocrx_word' id='word_1_185' title='bbox 513 4759 535 4814; x_wconf 90' lang='lat'><strong>1.</strong></span> <span class='ocrx_word' id='word_1_186' title='bbox 572 4759 640 4813; x_wconf 81' lang='lat' dir='ltr'><strong>Cum</strong></span> <span class='ocrx_word' id='word_1_187' title='bbox 662 4759 804 4828; x_wconf 78' lang='lat' dir='ltr'><strong>ambiguae</strong></span> <span class='ocrx_word' id='word_1_188' title='bbox 826 4760 882 4812; x_wconf 90' lang='lat' dir='ltr'><strong>sint</strong></span> <span class='ocrx_word' id='word_1_189' title='bbox 905 4773 987 4813; x_wconf 82' lang='lat' dir='ltr'><strong>voces</strong></span> <span class='ocrx_word' id='word_1_190' title='bbox 1010 4773 1117 4826; x_wconf 78' lang='lat' dir='ltr'><strong>genus</strong></span> <span class='ocrx_word' id='word_1_191' title='bbox 1141 4772 1249 4810; x_wconf 87' lang='lat' dir='ltr'><strong>rerum</strong></span> <span class='ocrx_word' id='word_1_192' title='bbox 1273 4763 1300 4809; x_wconf 88' lang='lat' dir='ltr'><strong>et</strong></span> <span class='ocrx_word' id='word_1_193' title='bbox 1318 4756 1357 4812; x_wconf 88' lang='lat' dir='ltr'><strong>ris</strong></span> <span class='ocrx_word' id='word_1_194' title='bbox 1377 4769 1425 4810; x_wconf 89' lang='lat' dir='ltr'><strong>seu</strong></span> <span class='ocrx_word' id='word_1_195' title='bbox 1443 4755 1596 4812; x_wconf 78' lang='lat' dir='ltr'><strong>facultas</strong></span> <span class='ocrx_word' id='word_1_196' title='bbox 1615 4758 1694 4813; x_wconf 90' lang='lat' dir='ltr'><strong>har-</strong></span> 
     </span>
     <span class='ocr_line' id='line_1_26' title="bbox 325 4835 1696 4906; baseline -0.004 -9"><span class='ocrx_word' id='word_1_197' title='bbox 325 4841 473 4897; x_wconf 79' lang='lat' dir='ltr'><strong>monica</strong></span> <span class='ocrx_word' id='word_1_198' title='bbox 500 4844 528 4892; x_wconf 86' lang='lat' dir='ltr'><strong>et</strong></span> <span class='ocrx_word' id='word_1_199' title='bbox 553 4843 677 4892; x_wconf 84' lang='lat' dir='ltr'><strong>natura</strong></span> <span class='ocrx_word' id='word_1_200' title='bbox 704 4837 1045 4904; x_wconf 86' lang='lat' dir='ltr'><strong>contemperationis</strong></span> <span class='ocrx_word' id='word_1_201' title='bbox 1072 4835 1302 4902; x_wconf 83' lang='lat' dir='ltr'><strong>harmonicae,</strong></span> <span class='ocrx_word' id='word_1_202' title='bbox 1331 4851 1386 4902; x_wconf 89' lang='lat' dir='ltr'><strong>qua</strong></span> <span class='ocrx_word' id='word_1_203' title='bbox 1404 4850 1471 4890; x_wconf 86' lang='lat' dir='ltr'><strong>roca</strong></span> <span class='ocrx_word' id='word_1_204' title='bbox 1498 4851 1548 4906; x_wconf 79' lang='lat' dir='ltr'><strong>ego</strong></span> <span class='ocrx_word' id='word_1_205' title='bbox 1573 4838 1696 4906; x_wconf 83' lang='lat' dir='ltr'><strong>expressi</strong></span> 
     </span>
     <span class='ocr_line' id='line_1_27' title="bbox 325 4903 1695 4990; baseline -0.004 -15"><span class='ocrx_word' id='word_1_206' title='bbox 325 4932 465 4990; x_wconf 70' lang='lat' dir='ltr'><strong>graecam</strong></span> <span class='ocrx_word' id='word_1_207' title='bbox 489 4937 537 4969; x_wconf 71' lang='lat' dir='ltr'><strong>rw</strong></span> <span class='ocrx_word' id='word_1_208' title='bbox 554 4903 732 4987; x_wconf 66' lang='grc' dir='ltr'><em>ἡρμοὸμυου,</em></span> <span class='ocrx_word' id='word_1_209' title='bbox 758 4915 822 4970; x_wconf 90' lang='lat' dir='ltr'><strong>binc</strong></span> <span class='ocrx_word' id='word_1_210' title='bbox 849 4915 1018 4968; x_wconf 88' lang='lat' dir='ltr'><strong>occasionem</strong></span> <span class='ocrx_word' id='word_1_211' title='bbox 1047 4928 1098 4983; x_wconf 76' lang='lat' dir='ltr'><strong>ego</strong></span> <span class='ocrx_word' id='word_1_212' title='bbox 1126 4913 1209 4968; x_wconf 90' lang='lat' dir='ltr'><strong>sumsi</strong></span> <span class='ocrx_word' id='word_1_213' title='bbox 1237 4913 1441 4969; x_wconf 87' lang='lat' dir='ltr'><strong>scribendorum</strong></span> <span class='ocrx_word' id='word_1_214' title='bbox 1468 4917 1587 4985; x_wconf 87' lang='lat' dir='ltr'><strong>priorum</strong></span> <span class='ocrx_word' id='word_1_215' title='bbox 1614 4917 1695 4972; x_wconf 89' lang='lat' dir='ltr'><strong>trium</strong></span> 
     </span>
     <span class='ocr_line' id='line_1_28' title="bbox 325 4992 1694 5066; baseline -0.001 -14"><span class='ocrx_word' id='word_1_216' title='bbox 325 4998 374 5055; x_wconf 89' lang='lat' dir='ltr'><strong>lib.</strong></span> <span class='ocrx_word' id='word_1_217' title='bbox 394 4998 448 5052; x_wconf 85' lang='lat' dir='ltr'><strong>IV.</strong></span> <span class='ocrx_word' id='word_1_218' title='bbox 470 4994 601 5063; x_wconf 73' lang='lat' dir='ltr'><strong>cupitum.</strong></span> <span class='ocrx_word' id='word_1_219' title='bbox 636 4995 706 5051; x_wconf 87' lang='lat' dir='ltr'><strong>Nam</strong></span> <span class='ocrx_word' id='word_1_220' title='bbox 723 5011 785 5050; x_wconf 88' lang='lat' dir='ltr'><strong>cum</strong></span> <span class='ocrx_word' id='word_1_221' title='bbox 803 4995 910 5065; x_wconf 84' lang='lat' dir='ltr'><strong>quaerit</strong></span> <span class='ocrx_word' id='word_1_222' title='bbox 926 4993 1117 5062; x_wconf 83' lang='lat' dir='ltr'><strong>Ptolemaeus,</strong></span> <span class='ocrx_word' id='word_1_223' title='bbox 1144 4992 1176 5046; x_wconf 93' lang='lat' dir='ltr'><strong>in</strong></span> <span class='ocrx_word' id='word_1_224' title='bbox 1205 5009 1269 5061; x_wconf 87' lang='lat' dir='ltr'><strong>quo</strong></span> <span class='ocrx_word' id='word_1_225' title='bbox 1297 4996 1694 5066; x_wconf 80' lang='lat' dir='ltr'><strong>genereponendahar·</strong></span> 
     </span>
     <span class='ocr_line' id='line_1_29' title="bbox 325 5070 1694 5144; baseline -0.005 -10"><span class='ocrx_word' id='word_1_226' title='bbox 325 5079 487 5144; x_wconf 79' lang='lat' dir='ltr'><strong>monice,</strong></span> <span class='ocrx_word' id='word_1_227' title='bbox 513 5072 558 5128; x_wconf 83' lang='lat' dir='ltr'><strong>rel</strong></span> <span class='ocrx_word' id='word_1_228' title='bbox 571 5075 611 5140; x_wconf 45' lang='lat' dir='ltr'><strong>,de</strong></span> <span class='ocrx_word' id='word_1_229' title='bbox 626 5073 784 5130; x_wconf 87' lang='lat' dir='ltr'><strong>definitione</strong></span> <span class='ocrx_word' id='word_1_230' title='bbox 801 5072 908 5143; x_wconf 86' lang='lat' dir='ltr'><strong>quaerit</strong></span> <span class='ocrx_word' id='word_1_231' title='bbox 932 5071 1115 5138; x_wconf 82' lang='lat' dir='ltr'><strong>harmonices,</strong></span> <span class='ocrx_word' id='word_1_232' title='bbox 1144 5070 1208 5141; x_wconf 86' lang='lat' dir='ltr'><strong>quis</strong></span> <span class='ocrx_word' id='word_1_233' title='bbox 1231 5087 1317 5142; x_wconf 81' lang='lat' dir='ltr'><strong>genus</strong></span> <span class='ocrx_word' id='word_1_234' title='bbox 1336 5071 1518 5130; x_wconf 77' lang='lat' dir='ltr'><strong>definitionem</strong></span> <span class='ocrx_word' id='word_1_235' title='bbox 1536 5073 1694 5144; x_wconf 74' lang='lat' dir='ltr'><strong>ingreditur,</strong></span> 
     </span>
     <span class='ocr_line' id='line_1_30' title="bbox 326 5149 1695 5223; baseline -0.004 -11"><span class='ocrx_word' id='word_1_236' title='bbox 326 5158 371 5214; x_wconf 85' lang='lat' dir='ltr'><strong>rel</strong></span> <span class='ocrx_word' id='word_1_237' title='bbox 391 5158 430 5213; x_wconf 91' lang='lat' dir='ltr'><strong>de</strong></span> <span class='ocrx_word' id='word_1_238' title='bbox 451 5152 603 5223; x_wconf 80' lang='lat' dir='ltr'><strong>subjectis,</strong></span> <span class='ocrx_word' id='word_1_239' title='bbox 631 5154 659 5208; x_wconf 91' lang='lat' dir='ltr'><strong>in</strong></span> <span class='ocrx_word' id='word_1_240' title='bbox 677 5154 776 5223; x_wconf 81' lang='lat' dir='ltr'><strong>quibus</strong></span> <span class='ocrx_word' id='word_1_241' title='bbox 793 5150 951 5208; x_wconf 86' lang='lat' dir='ltr'><strong>harmoniae</strong></span> <span class='ocrx_word' id='word_1_242' title='bbox 977 5149 1182 5207; x_wconf 81' lang='lat' dir='ltr'><strong>accidentaliter</strong></span> <span class='ocrx_word' id='word_1_243' title='bbox 1207 5151 1316 5218; x_wconf 86' lang='lat' dir='ltr'><strong>insunt,</strong></span> <span class='ocrx_word' id='word_1_244' title='bbox 1343 5153 1382 5208; x_wconf 89' lang='lat' dir='ltr'><strong>sie</strong></span> <span class='ocrx_word' id='word_1_245' title='bbox 1398 5159 1430 5208; x_wconf 90' lang='lat' dir='ltr'><strong>ut</strong></span> <span class='ocrx_word' id='word_1_246' title='bbox 1447 5167 1536 5221; x_wconf 89' lang='lat' dir='ltr'><strong>neque</strong></span> <span class='ocrx_word' id='word_1_247' title='bbox 1554 5152 1695 5212; x_wconf 71' lang='lat' dir='ltr'><strong>humour</strong></span> 
     </span>
    </p>
   </div>
   <div class='ocr_carea' id='block_1_15' title="bbox 0 0 2238 6192">
    <p class='ocr_par' dir='ltr' id='par_1_15' title="bbox 0 0 2238 6192">
     <span class='ocr_line' id='line_1_31' title="bbox 0 0 2238 6192; baseline 0 1"><span class='ocrx_word' id='word_1_248' title='bbox 0 0 2238 6192; x_wconf 95' lang='lat' dir='ltr'><strong> </strong></span> 
     </span>
    </p>
   </div>
  </div>
 </body>
</html>
