4467 6192
875 674 959 730 ιιι
975 674 1024 730 ιι.
1043 675 1209 750 uspusxv.
1648 644 1753 739 tos'

353 861 417 901 cum
437 846 555 916 sphaera
573 844 661 904 solida
678 848 720 903 rel
739 848 818 919 quasi
835 846 911 905 nulla
928 848 977 921 sit,
1004 846 1079 905 nulla
1104 848 1188 918 igitur
1204 866 1269 920 pars
1288 849 1455 907 circuitionis
1473 854 1528 918 eat,
1556 863 1638 919 qnam
1654 847 1712 919 pla·
1768 880 1775 893 ι

353 930 422 978 neta
440 924 567 981 conficiat
584 928 678 983 eadem
697 928 837 983 celeritate
855 944 916 983 oum
934 928 995 999 alie,
1014 936 1206 999 praeterquam
1224 931 1253 985 in
1270 930 1341 985 binis
1359 930 1512 1000 aequaliter
1529 932 1564 985 ab
1583 928 1705 999 apo‘qaeo

352 1000 477 1057 remotis
1365 1004 1369 1011 '

445 1080 631 1153 Quaecunque
657 1090 746 1140 tamen
772 1086 807 1141 ait
834 1088 975 1157 proportio
1001 1096 1124 1143 motuum
1141 1088 1290 1144 mediorum
1307 1089 1336 1143 ιι
1363 1089 1459 1159 primis
1478 1087 1603 1158 sphaeris
1620 1085 1713 1142 Phole·

352 1162 443 1227 maei,
471 1174 504 1213 ea
522 1178 575 1216 noa
595 1163 675 1218 aliter
701 1164 862 1233 exprimitur
879 1184 896 1223 a
914 1168 1033 1223 numeris
1052 1169 1157 1224 dierum
1183 1168 1345 1239 periodicis,
1374 1168 1425 1222 nisi
1440 1173 1580 1238 'qnatenus
1598 1170 1714 1237 apparet

352 1246 450 1293 motas
468 1238 519 1291 sub
536 1238 655 1295 zodiaco.
690 1243 751 1296 Nou
775 1252 817 1297 est
835 1244 919 1315 igitur
936 1248 962 1299 in
982 1246 1024 1301 his
1047 1249 1166 1303 numeris
1190 1247 1331 1317 proportio
1348 1261 1428 1302 verae
1446 1240 1596 1300 velocitatis
1615 1244 1713 1314 sphae-

352 1332 449 1371 rarum
467 1318 594 1385 ipsarum,
616 1321 664 1377 sed
683 1321 778 1377 saltem
797 1306 957 1393 ripparenda
975 1326 1026 1381 sub
1044 1328 1125 1394 fixis3
1144 1334 1277 1382 ettamen
1296 1328 1365 1382 haec
1383 1327 1443 1395 ipsa
1461 1324 1621 1395 apparentia
1638 1320 1714 1384 uuila

354 1404 415 1465 est,
444 1412 505 1451 curn
525 1400 740 1468 sphaeraeillee
758 1402 956 1473 Ptolomeicus,
976 1398 1015 1461 'ut
1033 1422 1112 1461 veras
1132 1412 1160 1461 et
1185 1406 1273 1462 reales
1291 1421 1443 1476 ponamus,
1469 1406 1632 1475 perspicuae
1649 1401 1713 1468 sint,

353 1476 468 1531 minime
486 1492 550 1534 nero
568 1491 742 1550 apparentes.
768 1484 865 1538 Restat
884 1491 914 1539 ut
932 1484 1061 1553 dicamus,
1080 1487 1272 1554 proportiones
1290 1486 1357 1540 istas
1377 1485 1479 1539 nullius
1499 1499 1560 1538 esse
1577 1484 1618 1537 rel
1635 1493 1713 1552 prae

354 1562 484 1624 terquarn
502 1560 644 1631 temporis,
664 1569 692 1616 ot
709 1563 748 1617 sic
767 1564 943 1619 terminorum
961 1581 1035 1625 mere
1051 1566 1221 1620 mentalium.
1259 1566 1351 1633 Atque
1370 1580 1421 1635 eqo
1440 1560 1623 1617 demonstrari
1641 1558 1712 1613 libro

354 1648 419 1686 meo
440 1633 469 1685 V.
489 1651 547 1705 cap.
567 1641 592 1706 6,
611 1640 638 1692 in
656 1640 699 1695 his
718 1644 939 1711 proportionibus
958 1646 1046 1701 nullas
1066 1661 1208 1712 occurrere
1226 1648 1348 1716 perfecte
1366 1644 1547 1699 harmonicas.

446 1728 519 1785 Nota
536 1730 595 1786 vn.
632 1736 710 1803 Quod
724 1742 779 1793 tres
796 1738 938 1797 distinctae
953 1741 1086 1812 sphaerae
1099 1742 1174 1813 apud
1186 1742 1371 1799 Ptolemaeum
1390 1756 1471 1795 unam
1490 1744 1519 1793 ιι
1536 1736 1650 1793 eandem
1667 1740 1713 1804 pc'·

251 1850 252 1855 ,
355 1804 466 1861 riudam
484 1808 586 1866 habent
604 1818 808 1888 temporariam,
837 1820 889 1876 hoc
915 1838 998 1883 unum
1017 1828 1060 1875 est
1083 1837 1117 1875 es
1136 1820 1260 1877 maximis
1287 1820 1501 1877 absurditatibus
1531 1810 1714 1877 astronomiae

251 1938 252 1955 ἶ
355 1886 468 1953 velens,
487 1888 530 1944 rel
548 1891 608 1961 ipso
627 1896 775 1952 Aristotele
794 1906 877 1969 teste,
905 1901 951 1971 qui
973 1899 1126 1969 analogiam
1149 1900 1322 1959 desiderabat
1344 1900 1416 1954 inter
1438 1906 1562 1969 tempora
1580 1903 1608 1952 et
1626 1893 1713 1951 orbes.

251 2004 252 2035 1
356 1964 490 2033 lanoscat
506 1970 598 2040 itaque
617 1974 681 2029 mihi
700 1972 798 2049 lector,
828 1979 851 2035 ιι
870 1978 963 2034 videor
980 1980 1034 2048 ipsi
1051 1978 1132 2033 etiam
1151 1978 1307 2035 Ptolemaeo
1326 1979 1379 2033 uim
1397 1976 1511 2045 iecisse,
1533 1975 1714 2045 comprobans

251 2088 252 2091 ,
355 2044 437 2099 relat
455 2062 488 2101 ιι
508 2049 566 2117 ejus
585 2062 675 2110 mente
703 2063 730 2112 et
747 2056 782 2112 ad
801 2058 977 2129 archetypum
996 2061 1129 2117 musicum
1148 2056 1365 2127 accommodans,
1383 2056 1410 2112 id
1429 2055 1503 2126 quod
1521 2054 1639 2109 fortusse
1650 2050 1714 2106 Pto-

251 2168 252 2173 ,
358 2124 483 2181 lemarus
502 2128 560 2197 ipsc
578 2130 750 2191 incusaverat
769 2146 799 2191 ut
817 2156 870 2195 non
889 2140 1087 2196 1·ectehabens
1113 2148 1142 2195 et
1161 2156 1178 2193 a
1195 2146 1294 2195 natura
1311 2138 1446 2205 alienum,
1473 2143 1556 2204 atquc
1573 2130 1627 2187 hoc
1644 2131 1715 2185 inter

251 2246 252 2251 1
360 2220 461 2260 ιιιιιι
478 2206 549 2263 forte
567 2212 673 2282 retulit,
696 2231 744 2269 cur
762 2216 814 2272 hoc
832 2228 914 2289 caput
933 2218 1121 2286 imperfectum
1138 2219 1313 2290 relinqueret
1347 2218 1444 2285 Neque
1462 2223 1553 2273 tmen
1571 2212 1640 2268 hene
1658 2218 1714 2265 tce·

251 2324 252 2337 ,
358 2292 406 2339 tus
426 2292 469 2340 est
487 2303 589 2345 naeuus
607 2290 660 2347 iste
678 2297 860 2351 astronomiae
879 2294 978 2353 veteris
997 2314 1090 2353 aurea
1107 2297 1330 2366 incrustratiune,
1348 2307 1378 2353 ut
1397 2312 1467 2366 qnae
1485 2294 1596 2349 decolor
1613 2299 1641 2347 et
1658 2298 1714 2345 tur·

251 2406 253 2435 ,
357 2364 404 2433 pis
422 2370 468 2419 cst
486 2382 516 2422 se
533 2368 600 2438 ipsa.
635 2371 705 2427 Nam
733 2374 798 2443 qnid
826 2376 968 2431 diversitas
995 2378 1149 2431 tunsionum
1174 2376 1209 2430 ad
1237 2386 1356 2447 systema
1379 2374 1511 2430 musicum
1538 2370 1714 2442 perlectum?

358 2444 460 2501 Nonne
477 2445 519 2511 rel
538 2450 618 2504 unica
635 2452 725 2519 potuit
744 2468 804 2507 esse
817 2456 935 2511 omnium
949 2457 1111 2513 chordarum
1130 2457 1227 2527 tensio,
1246 2457 1365 2512 oxnnium
1378 2455 1483 2510 scilieet
1501 2453 1623 2521 ejusdem
1642 2466 1714 2507 cras·

251 2584 252 2605 χ
359 2522 447 2591 sitici,
476 2527 518 2580 vel
536 2528 701 2599 singularum
721 2530 807 2602 aeque
826 2534 966 2603 longarum
986 2537 1124 2592 tensiones
1143 2534 1288 2604 singulae?
1322 2534 1397 2589 Bene
1416 2532 1498 2601 igitur
1515 2531 1613 2601 habet,
1640 2528 1713 2600 quod

358 2620 394 2658 ex
414 2608 496 2661 rebus
516 2610 678 2678 comparatis
696 2608 782 2666 ffltera
801 2614 921 2685 quidem,
947 2630 980 2669 ex
999 2616 1115 2685 musice,
1134 2632 1208 2670 mere
1226 2621 1268 2669 est
1286 2610 1439 2681 arbitraria,
1458 2609 1559 2679 altera,
1577 2625 1613 2666 ex
1630 2616 1715 2666 astro·

251 2735 252 2764 3
357 2687 461 2757 nomia,
480 2686 560 2755 plane
577 2686 655 2747 falsa.

449 2776 522 2837 Nota
539 2784 612 2839 Vlli.
649 2786 701 2841 Hic
719 2788 905 2859 Ptolemaeus,
925 2786 997 2859 quud
1016 2730 1081 2845 nois
1102 2794 1126 2845 ι.
1145 2790 1180 2845 ad
1204 2795 1288 2859 caput
1308 2792 1347 2847 li.
1366 2788 1436 2859 dixi,
1459 2788 1592 2845 lectorem
1618 2786 1654 2843 ad
1682 2783 1714 2839 li·

251 2914 252 2925 ,
358 2861 436 2916 mina
452 2864 632 2931 penetralium
651 2874 763 2921 naturae
781 2868 910 2937 adduxit,
936 2869 995 2938 ipse
1012 2886 1067 2923 non
1084 2869 1226 2939 ingressus
1244 2877 1297 2923 est.
1331 2868 1425 2925 Motus
1443 2875 1492 2925 aut
1509 2866 1716 2924 considerautur

251 2997 254 3004 ,
359 2948 391 2994 ut
411 2941 568 3011 aequabiles
588 2952 615 2997 ιι
633 2944 672 2998 ιιι
691 2954 849 3015 competunt
867 2948 894 3001 in
913 2950 1044 3019 sphaeras
1062 2948 1213 3005 secuudum
1230 2947 1429 3017 Ptolemaeum,
1449 2953 1510 3014 aut,
1529 2953 1561 3001 ut
1578 2952 1656 3013 sunt,
1675 2945 1714 2999 in·

358 3018 518 3089 aequabiles
538 3026 565 3075 et
583 3023 621 3076 sic
640 3030 799 3093 competunt
816 3026 843 3079 in
861 3027 955 3085 stellas
974 3030 1048 3099 ipsas
1066 3035 1166 3084 motas.
1203 3026 1306 3096 Quodsi
1324 3023 1419 3081 stellae
1439 3024 1660 3091 considerantur,
1683 3026 1715 3075 ut

251 3130 253 3161 ,
358 3112 410 3151 eae
429 3098 556 3155 videntur
572 3102 754 3171 inaequaliter
770 3106 879 3173 moveri,
898 3115 972 3162 certe
984 3108 1012 3162 id
1030 3124 1083 3163 non
1103 3114 1209 3162 tautum
1227 3105 1333 3163 ratione
1345 3102 1490 3161 eccentriei
1506 3103 1547 3164 tlt.
1566 3100 1715 3173 sedetiam

358 3186 389 3233 et
407 3176 494 3234 multo
522 3182 638 3237 maxime
665 3184 770 3239 ιιιιοιι
798 3185 988 3257 epicyclorum.
1025 3188 1067 3243 lta
1089 3186 1116 3241 in
1140 3185 1309 3243 astronomia
1324 3181 1472 3239 Ptolemaei
1491 3180 1716 3251 inaequalitatum

252 3314 253 3319 ,
357 3258 505 3312 eccentrici
524 3268 651 3329 separata
674 3266 841 3332 comparatio
860 3266 935 3321 nulla
957 3274 1049 3340 potest
1067 3267 1172 3321 institui
1191 3280 1251 3319 cum
1271 3263 1436 3330 harmoniis,
1465 3261 1530 3333 quia
1546 3259 1635 3337 istem
1652 3258 1715 3313 illae

251 3370 254 3405 ,
357 3337 481 3393 minores
505 3348 669 3409 apparentes
693 3342 901 3413 inaequalitates
926 3345 954 3399 in
977 3346 1019 3400 his
1038 3344 1197 3413 majoribus.
1232 3343 1284 3399 Hic
1301 3342 1383 3411 igitur
1400 3356 1513 3395 neeesse
1530 3338 1583 3395 tuit
1598 3338 1716 3394 deiicere

252 3449 254 3481 r
357 3422 479 3471 conatus
498 3418 620 3485 emerius
638 3420 795 3489 Ptolemaei,
815 3425 970 3490 quaerentis
990 3426 1078 3495 ipsum
1097 3423 1243 3492 genuinum
1261 3421 1438 3489 archetypum
1457 3418 1642 3474 exornationis
1659 3432 1717 3472 mo·

357 3504 453 3565 tunm3
471 3512 556 3565 quare
574 3499 725 3569 perscripto
744 3500 921 3572 problemate,
950 3504 1099 3574 desperans
1118 3504 1236 3572 exitum,
1255 3518 1309 3572 qna
1326 3500 1370 3555 ria
1386 3500 1535 3569 inceperat,
1553 3513 1663 3555 manum
1682 3496 1716 3551 de

358 3572 459 3628 tabula
477 3576 621 3633 sustulisse
640 3587 667 3633 et
685 3572 809 3635 lacunam
828 3580 972 3651 reliquisse
990 3583 1105 3639 videtur.

404 3686 409 3693 ·
451 3645 683 3721 Quemadmodum
702 3674 765 3712 vero
784 3658 851 3714 alias
869 3659 897 3715 in
916 3662 1080 3715 astronomia
1106 3660 1223 3729 eclipses
1242 3658 1314 3715 Solis
1333 3664 1361 3713 et
1379 3657 1473 3711 Lunae
1491 3672 1545 3711 nou
1564 3664 1629 3711 sunt
1645 3654 1717 3711 iuter

358 3732 435 3788 mala
452 3736 633 3803 reputandae,
652 3736 716 3806 qnia
734 3736 823 3791 lumen
842 3737 905 3794 illas
922 3739 1081 3809 praeierunt
1099 3738 1133 3792 ad
1153 3736 1310 3795 discendam
1329 3736 1481 3793 doctrinam
1498 3742 1619 3791 motuum
1637 3750 1716 3805 prae

359 3810 559 3881 stantisslmam
584 3816 653 3885 (ride
678 3832 755 3871 meae
773 3816 834 3884 Opt.
854 3818 927 3873 Astr.
946 3818 1068 3884 Partem,
1087 3816 1154 3871 iolio
1172 3817 1189 3869 3
1208 3818 1267 3870 ιιι
1291 3815 1337 3885 [ll.
1360 3814 1453 3885 128,]),
1481 3814 1521 3869 ιιι
1538 3814 1619 3867 etiam
1638 3818 1715 3882 puto,

360 3889 456 3945 diuina
473 3892 642 3959 providentia
659 3896 771 3965 iactuum,
790 3904 822 3951 ut
839 3896 884 3952 hic
901 3898 960 3967 ipse
979 3896 1102 3953 deiectus
1121 3903 1213 3951 textus
1231 3892 1390 3962 Ptolemaici
1407 3892 1491 3947 luerit
1508 3890 1595 3957 utilis,
1614 3897 1645 3947 ut
1661 3886 1716 3943 lec·

359 3976 413 4035 tor,
435 3967 481 4023 ubi
499 3986 516 4024 a
534 3973 666 4042 scripture
678 3974 834 4029 Ptolemaeo
853 3976 1000 4045 perductus
1018 3974 1104 4031 fuerit
1121 3974 1155 4029 ad
1168 3973 1258 4029 lucrum
1277 3974 1362 4029 tatius
1375 3974 1510 4031 humanae
1526 3966 1716 4039 philosophias

358 4047 559 4105 nobilissimum
578 4059 606 4105 et
623 4053 773 4122 majestatis
793 4054 898 4111 diuinae
917 4070 1031 4110 corusco
1044 4054 1149 4125 fulgore
1161 4052 1345 4107 uenerandum
1360 4051 1473 4121 jamque
1490 4049 1597 4111 inhians
1616 4054 1714 4131 myste-

359 4128 410 4183 riis
432 4128 537 4185 eminus
553 4129 760 4203 animadversis,
788 4150 805 4188 a
827 4134 896 4190 duce
920 4136 972 4190 hoc
996 4151 1046 4197 ιιι
1072 4140 1231 4189 contextum
1254 4130 1432 4201 abrumpente
1456 4130 1591 4196 etiamque
1608 4126 1638 4183 in
1654 4141 1715 4180 meo

360 4209 416 4263 hoc
435 4210 624 4278 supplemento
646 4214 736 4269 iocum
762 4214 908 4282 genuinum
926 4215 1005 4269 unico
1023 4214 1096 4269 saltu
1115 4212 1330 4279 transmittente,
1353 4210 1437 4265 tuerit
1455 4208 1614 4273 destitutus:
1637 4211 1715 4261 tauto

360 4288 539 4357 postmodum
557 4290 675 4359 auidius,
704 4293 778 4361 quod
796 4310 876 4364 spero
895 4286 1033 4359 futurum,
1060 4293 1132 4351 sitim
1151 4307 1228 4346 suam
1245 4292 1273 4345 in
1291 4290 1362 4345 reris
1379 4289 1462 4361 hujus
1479 4284 1637 4343 harmoniae
1654 4300 1715 4338 cos-

357 4366 443 4422 lestis
461 4368 626 4437 redonibus,
654 4388 731 4426 ame
749 4370 818 4429 libro
837 4374 869 4428 V.
895 4371 1014 4442 traditis,
1041 4370 1167 4441 expleat;
1195 4368 1356 4439 dolensque,
1384 4376 1502 4425 veterem
1524 4363 1716 4419 astronomiam

361 4447 479 4501 haerere
495 4448 662 4518 perplexam,
681 4453 728 4507 ubi
741 4450 783 4507 vel
801 4455 918 4509 maxime
934 4452 1090 4521 loquentem
1106 4450 1219 4521 optabat
1235 4442 1339 4516 audire,
1357 4453 1435 4501 tanto
1446 4454 1476 4501 et
1486 4441 1608 4513 aequiori
1625 4442 1715 4497 animo

361 4524 516 4597 perfectam
535 4529 676 4599 Cupernici
700 4532 864 4597 doctrinam,
891 4532 1012 4603 quamuis
1039 4540 1131 4587 motus
1149 4528 1266 4585 Telluris
1290 4527 1461 4585 absurditate
1486 4522 1622 4611 horridam
1640 4523 1714 4579 ines·

360 4605 460 4677 pertis,
478 4604 505 4661 iu
524 4606 681 4665 cathedram
699 4613 847 4668 asceudore
864 4614 985 4683 patiatur
1003 4620 1031 4668 et
1048 4608 1239 4667 attentioribus
1262 4608 1376 4665 auribus
1394 4604 1429 4659 dc
1446 4602 1590 4659 oreadours
1609 4600 1716 4657 arcanis

361 4684 550 4755 disputantem
569 4688 669 4751 audiat.

452 4764 539 4833 igitur
556 4766 700 4825 eliminatis
727 4770 770 4827 his
788 4768 889 4825 fictitiis
916 4768 1043 4839 epicyclia
1062 4784 1125 4823 cnm
1149 4767 1272 4822 omnibus
1290 4762 1438 4823 sumnum
1456 4768 1484 4815 et
1502 4759 1713 4828 retrogradatio·

361 4860 429 4900 num
453 4843 660 4919 phantasmatis,
679 4850 765 4905 risam
784 4848 990 4917 decipientibus,
1014 4852 1042 4901 et
1059 4844 1200 4915 restitutis¹
1211 4861 1277 4901 suae
1301 4841 1468 4912 simplicitati
1485 4838 1604 4895 mutibus
1621 4838 1715 4928 plane·

359 4930 456 4979 tarum
472 4925 598 4994 propriis,
616 4935 647 4982 ut
665 4928 684 4983 ii
702 4934 891 4997 spectarentur
908 4942 942 4983 ιι
955 4926 1031 4983 Sole:
1050 4926 1074 4981 si
1092 4926 1131 4979 sic
1150 4922 1334 4978 exscribamus
1345 4925 1435 4976 motus
1452 4917 1622 4989 planetarum
1640 4914 1714 4970 drur-

360 5018 414 5057 nos
441 5001 491 5057 sub
514 5004 639 5074 zodiaco,
663 5006 845 5063 velocissimos
868 5006 897 5059 iu
922 5002 1075 5074 periheliis,
1100 5001 1270 5059 tardissimus
1294 5002 1323 5057 in
1340 5000 1456 5071 apheliis
1474 4998 1543 5063 ιιιι,
1570 4997 1661 5054 statim
1674 5007 1730 5061 'ex¹
1811 5012 1815 5019 ’

361 5084 396 5141 iis
415 5092 532 5155 apparat
549 5102 635 5143 novus
653 5088 688 5143 ab
706 5087 811 5155 integro
830 5087 914 5141 totius
930 5082 1100 5142 harmonicas
1119 5081 1186 5137 ordo
1204 5080 1452 5149 etimitamentnm,
1470 5094 1503 5135 uc
1520 5078 1545 5133 si
1561 5077 1641 5132 homo
1660 5092 1716 5131 nos

363 5182 398 5223 aa
418 5178 449 5221 aa
466 5164 527 5239 ipso
546 5182 636 5239 exque
653 5166 784 5226 instinctu
800 5164 916 5225 naturali
935 5162 1074 5223 didicisset
1091 5162 1229 5232 musicam,
1249 5160 1298 5220 sed
1314 5160 1396 5238 plane
1407 5158 1496 5222 Deam
1512 5157 1603 5235 ipsum
1621 5162 1650 5218 et
1666 5171 1715 5216 au·
