4467 6192
812 664 900 746 hiber,
912 665 960 719 ΠΙ.
978 666 1066 735 Caput
1085 664 1157 720 xlv.
1593 670 1655 731 393

318 850 372 889 cum
391 836 494 893 chorda
510 836 546 893 sit
564 852 691 895 mensura
708 839 780 907 soni,
804 840 878 895 orbis
896 854 960 895 vero
983 856 1038 895 non
1060 841 1096 895 sit
1117 855 1245 897 mensura
1265 840 1308 897 sui
1329 845 1428 896 motus.
1465 839 1551 895 Orhes
1574 840 1657 909 igitur

317 912 364 983 ipsi
388 914 469 985 plane
486 934 541 973 non
560 925 625 973 sunt
642 920 816 989 comparandi
834 935 923 990 neque
941 919 1050 975 chordis
1068 935 1157 991 neque
1171 920 1253 975 sonis.
1286 920 1358 977 Nam
1369 918 1444 989 quod
1455 918 1657 977 similitudmem

317 994 409 1051 attinet
428 1004 586 1066 usurpatam
605 999 782 1069 transitionis,
801 999 856 1055 illic
873 1000 1086 1055 acouaonantiis
1104 1000 1139 1055 ad
1157 997 1273 1055 chordm
1290 1006 1478 1064 consonantes,
1495 998 1540 1053 hic
1558 1014 1574 1053 a
1591 1016 1657 1055 con-

318 1072 520 1142 figurationibus
538 1075 572 1132 ad
591 1076 717 1147 planetas
736 1078 932 1149 configuratos,
951 1095 983 1139 ea
1001 1080 1093 1137 fucata
1112 1084 1168 1147 est,
1191 1092 1246 1132 non
1265 1078 1336 1132 enim
1353 1084 1412 1132 tota
1431 1076 1578 1146 onmionlm
1602 1094 1657 1138 non

314 1150 409 1219 integri
428 1152 520 1223 orbes,
544 1157 593 1210 sed
611 1156 664 1225 ipsi
684 1157 780 1213 saltem
798 1158 967 1228 planetarum
985 1156 1214 1227 configuratorum
1239 1156 1307 1211 situs
1330 1156 1495 1228 singulares,
1520 1172 1571 1213 nee
1587 1156 1657 1213 situs

314 1232 337 1285 in
354 1230 490 1287 diametro
508 1235 601 1291 mnndi
619 1238 688 1305 veri,
715 1238 767 1293 hoc
786 1246 828 1295 est
845 1238 1022 1309 sphaerarum
1040 1232 1167 1305 angustia
1184 1243 1212 1290 et
1229 1235 1392 1306 amplitudo,
1418 1238 1468 1292 sad
1485 1239 1554 1294 situs
1571 1251 1656 1305 appa·
1730 1302 1733 1305 ἢ

313 1314 402 1365 rentes
421 1310 506 1379 ipsius
525 1312 621 1369 sideris
641 1317 692 1372 snb
710 1316 811 1371 extimo
830 1316 930 1372 circulo
949 1317 1059 1373 zodiaco
1085 1316 1115 1371 in
1133 1314 1180 1369 illa
1198 1314 1373 1369 similitudine
1394 1317 1566 1386 respondent
1580 1315 1657 1370 chor·

315 1386 357 1443 dis
396 1386 494 1457 ltaque
511 1392 668 1461 requirebat
686 1390 843 1464 similitudo,
862 1400 893 1449 ut
911 1394 1103 1463 unaquaelibet
1126 1394 1227 1460 chorda
1244 1400 1447 1463 compararetur
1464 1395 1580 1463 planetis
1592 1410 1655 1465 pro·

313 1465 413 1596 Ειιιιίιιιιι
433 1466 570 1599 ιζιιιιιὶιιιιι,
593 1487 648 1527 non
672 1482 702 1528 ut
720 1474 843 1549 singulae
866 1474 988 1544 singulis.
1024 1474 1056 1530 Id
1079 1489 1144 1529 sero
1165 1473 1320 1541 pertinebat
1342 1474 1377 1529 sd
1402 1473 1478 1545 prius
1501 1475 1656 1547 membrum,

329 1559 417 1612 equo
455 1554 575 1605 actenus.

379 1624 455 1681 Nota
471 1628 517 1683 Vl.
552 1630 605 1686 llic
623 1639 742 1703 systema
765 1634 897 1689 musicum
916 1640 1090 1704 comparatur
1112 1650 1168 1688 non
1185 1633 1301 1703 amplius
1319 1632 1443 1702 zodiaco,
1471 1638 1503 1687 ut
1525 1632 1658 1703 capitati,

313 1702 358 1757 sed
377 1704 432 1774 ipsi
450 1711 573 1779 compagi
590 1712 674 1769 totius
692 1713 801 1783 mundi,
820 1719 848 1768 et
866 1712 984 1768 chordae
1002 1710 1127 1781 singulae
1145 1712 1257 1782 singulis
1276 1712 1399 1781 orbibns;
1418 1712 1530 1769 stabiles
1548 1712 1656 1782 quidem

315 1780 440 1849 sphaeris
458 1786 552 1855 primis
570 1790 749 1860 singulorum,
772 1792 886 1847 mobiles
904 1808 967 1861 sero
986 1790 1204 1848 succedentibus.
1240 1793 1315 1847 Haec
1332 1792 1505 1862 quantumvis
1522 1798 1588 1863 apta
1604 1792 1658 1847 dis·

315 1860 428 1916 tributio
446 1863 572 1941 impingit
589 1874 679 1924 tamen
696 1871 788 1927 multis
806 1872 902 1941 modis,
921 1888 974 1940 qno
994 1870 1082 1926 minus
1099 1869 1218 1927 muralis
1236 1871 1284 1936 sit,
1305 1878 1353 1925 aut
1370 1869 1436 1924 mibi
1452 1870 1480 1924 in
1498 1884 1558 1924 meo
1577 1880 1659 1939 opere

313 1943 507 1999 consectanda.
523 1946 611 2003 -Nam
629 1950 724 2020 primo,
742 1951 766 2005 si
785 1950 864 2007 orbes
882 1951 990 2010 chordis
1007 1952 1183 2020 respondent,
1202 1950 1338 2005 debebant
1349 1949 1476 2019 planatae
1493 1948 1658 2019 respondere

310 2022 415 2093 plectro
436 2031 483 2079 ant
500 2024 619 2095 plectris.
654 2029 716 2084 Jam
734 2046 799 2086 vero
824 2031 957 2100 plectrum
976 2024 1111 2100 percurrit
1129 2045 1221 2091 omnes
1240 2029 1369 2097 chordas,
1393 2036 1441 2086 aut
1463 2028 1587 2100 singulae
1603 2027 1658 2083 sal·

310 2110 362 2158 tem
383 2102 498 2175 singulis
516 2104 650 2163 feriuntur
668 2108 794 2179 plectris,
819 2118 848 2164 at
865 2126 953 2179 neque
972 2127 1044 2168 unus
1062 2109 1174 2181 plancta
1189 2110 1323 2180 percurrit
1340 2123 1432 2165 omnes
1449 2111 1542 2179 orbes,
1568 2123 1658 2177 neque

311 2182 411 2253 singuli
431 2197 495 2239 suos
513 2200 620 2257 omnes;
647 2205 716 2245 unus
735 2190 807 2243 enim
826 2190 900 2245 solus
919 2204 979 2244 esse
996 2188 1157 2259 perhibetur
1178 2188 1213 2244 ab
1230 2189 1397 2245 astronomia
1413 2188 1589 2255 Ptolemaios,
1612 2188 1659 2257 qni

310 2260 452 2331 planetam
470 2262 551 2319 vehit.
587 2266 711 2341 Reliqua,
732 2284 801 2338 quae
820 2269 1010 2327 desiderantur
1021 2270 1049 2325 iu
1061 2269 1113 2324 hac
1126 2270 1336 2337 comparatione,
1355 2276 1502 2339 amnentur
1513 2269 1571 2325 suis
1582 2269 1659 2326 locis.

398 2340 474 2395 Nota
492 2344 551 2397 Vli.
587 2346 638 2401 Hic
656 2347 880 2405 dissimulandum
898 2351 963 2419 fuit,
982 2350 1056 2420 qnod
1072 2363 1128 2404 nou
1146 2354 1177 2402 ιιι
1194 2348 1254 2403 soni
1276 2347 1388 2404 stabiles
1406 2348 1431 2418 7,
1450 2348 1577 2417 planetae
1596 2363 1659 2403 vero

309 2422 391 2475 edam
413 2424 438 2487 7,
458 2422 496 2477 sic
515 2424 595 2479 etiam
612 2435 643 2482 ut
661 2428 778 2483 chordae
796 2430 823 2483 in
842 2430 997 2484 universum
1017 2430 1058 2496 lb,
1076 2427 1116 2482 sic
1135 2426 1215 2480 etiam
1234 2426 1314 2481 orbes
1331 2426 1359 2483 in
1370 2426 1526 2483 universum
1544 2428 1575 2482 ib
1593 2426 1660 2481 sint:

306 2498 389 2568 longe
408 2499 482 2555 enim
499 2502 591 2572 plures
610 2507 689 2563 orbes
708 2508 872 2563 astronomia
889 2506 1039 2563 Ptolemaei
1056 2506 1160 2563 statuit.

397 2602 472 2656 Nota
489 2601 564 2655 vm.
600 2602 662 2657 Etsi
680 2603 708 2657 in
723 2610 871 2677 ,systemata
889 2590 1039 2659 Ptolemaei
1056 2603 1194 2673 perfecto,
1221 2600 1295 2671 qnod
1313 2606 1421 2657 constat
1439 2614 1473 2655 ex
1491 2600 1660 2675 2diapason,

308 2682 459 2750 monstrari
477 2688 594 2751 possunt
612 2691 639 2737 et
658 2684 747 2737 omnia
764 2699 865 2751 genera
883 2691 987 2752 cantus,
1004 2693 1032 2739 et
1051 2699 1144 2739 omnes
1162 2682 1267 2752 species
1284 2679 1432 2750 primarum
1457 2678 1661 2740 concordantia·

310 2776 382 2823 rum,
398 2770 426 2815 et
446 2777 538 2815 omnes
558 2762 629 2817 modi
647 2778 701 2833 seu¹
715 2763 780 2833 toni,
800 2763 848 2819 ills
865 2770 954 2821 tamen
973 2763 1122 2832 amplitudo
1141 2759 1275 2817 intervalli
1293 2776 1348 2815 nou
1366 2759 1419 2815 alia
1435 2760 1552 2815 naturali
1568 2774 1661 2815 neces·

305 2840 408 2909 nitate,
434 2841 482 2894 sed
501 2840 586 2895 solius
604 2840 715 2895 humani
734 2848 829 2910 eaptus
847 2858 932 2897 causa
949 2844 1097 2898 constituta
1114 2841 1180 2908 init,
1203 2855 1255 2897 nec
1275 2848 1317 2895 est
1338 2838 1497 2906 verisimile,
1520 2838 1608 2894 Deum
1626 2853 1661 2893 ex

305 2916 362 2973 hoc
381 2918 523 2973 hominum
542 2925 688 2988 systemate
707 2920 848 2975 arbitrario
866 2922 1044 2992 archetypum
1062 2921 1175 2990 petiisse
1192 2919 1330 2990 compagis
1341 2918 1514 2989 planetariae.
1550 2916 1661 2973 Minime
1737 2971 1740 2975 ,

304 3013 372 3052 sero
394 3007 438 3053 est
455 2996 622 3068 rationabile,
642 2999 676 3055 ad
694 3016 836 3057 numerum
853 3017 981 3057 sonorum
999 3002 1027 3055 in
1045 3016 1077 3055 eo
1097 3001 1233 3058 stabilium
1251 2999 1428 3055 constitutum
1440 3013 1501 3052 esse
1519 3011 1661 3051 nnmerum

301 3078 461 3145 primarum
478 3076 506 3131 in
524 3078 626 3137 mundo
644 3080 821 3146 sphaerarum
845 3096 893 3135 seu
915 3080 1094 3150 planetarum.
1130 3080 1199 3135 Nam
1222 3093 1350 3132 numerus
1372 3087 1499 3132 sonorum
1523 3074 1661 3129 stabilium

301 3155 484 3224 septenarius
506 3158 629 3224 sequntur
652 3158 687 3213 ad
710 3158 784 3213 illam
808 3159 977 3214 arbitrariam
995 3160 1149 3229 systematis
1175 3156 1395 3227 amplitudinem,
1417 3153 1497 3209 etad
1514 3152 1661 3231 ternarium

300 3236 385 3290 illum
404 3249 548 3289 numerum
571 3252 624 3290 non
643 3235 725 3305 plane
742 3238 905 3293 naturalium
929 3254 1058 3307 generum
1081 3245 1192 3306 cantus,
1217 3254 1271 3306 qua
1291 3236 1351 3291 sola
1367 3233 1544 3304 usurpatione
1566 3232 1662 3288 nititur

301 3314 452 3369 distinctio
470 3330 605 3385 sonorum,
624 3315 764 3372 instabiles
784 3323 811 3371 et
827 3316 953 3387 mobiles,
973 3334 1033 3372 cum
1051 3322 1149 3371 natura
1166 3331 1259 3372 omnes
1277 3314 1339 3371 soni
1362 3312 1516 3383 systematis
1534 3311 1590 3366 sint
1607 3316 1661 3366 sta·

301 3392 388 3461 biles,
408 3390 463 3447 hoc
481 3400 523 3446 est
541 3392 644 3450 definiti
662 3396 744 3452 certis
762 3404 876 3453 naturae
893 3396 981 3459 metis,
1000 3395 1052 3449 etsi
1069 3394 1116 3449 alii
1134 3392 1194 3450 aliis
1212 3400 1309 3448 cantum
1327 3391 1496 3448 naturalibus
1518 3389 1662 3461 generibus

299 3470 401 3525 utiles.
438 3470 477 3526 Et
492 3472 529 3527 'ut
547 3472 622 3543 dem,
647 3475 784 3530 essehoc
802 3482 921 3545 systema
938 3474 1107 3531 retinendum
1130 3482 1158 3529 et
1180 3473 1209 3526 in
1228 3488 1261 3526 eo
1285 3485 1367 3526 sonos
1394 3467 1525 3537 quosdam
1548 3467 1662 3525 mobiles

300 3548 506 3620 aestimandos,
527 3551 561 3606 ob
580 3553 715 3609 naturalia
732 3560 828 3609 cantus
846 3569 953 3621 genera,
974 3552 1070 3608 ducrum
1088 3558 1116 3606 et
1134 3550 1222 3620 molle,
1242 3566 1279 3606 sc.
1299 3550 1328 3617 b,
1346 3548 1365 3602 h
1383 3553 1411 3602 et
1427 3548 1478 3616 ἀρ,
1496 3564 1528 3614 c,
1544 3547 1562 3601 d
1579 3563 1662 3603 sonos

295 3644 353 3698 pro
376 3627 396 3683 2
415 3628 574 3699 mobilihns3
592 3639 684 3687 tamen
703 3650 764 3689 cum
783 3634 957 3703 disdiapason
974 3632 1075 3686 habeat
1095 3634 1128 3688 15
1146 3646 1228 3687 sonos
1246 3644 1294 3685 seu
1313 3628 1388 3682 locos
1405 3628 1506 3697 potius,
1524 3627 1541 3680 t
1558 3627 1603 3682 hic
1620 3644 1664 3683 so·

295 3708 362 3763 lum
384 3706 458 3761 fiunt
475 3708 597 3775 mobiles,
616 3710 672 3765 bini
690 3711 717 3766 in
731 3717 852 3780 utroque
871 3711 1010 3781 diapason,
1030 3712 1142 3766 bisonas
1159 3709 1264 3765 scilicet
1276 3713 1399 3774 uterque,
1416 3707 1559 3762 restabunt
1576 3707 1662 3762 nihilo

294 3789 400 3843 minus
419 3786 546 3841 undecim
564 3790 688 3860 stabiles,
715 3798 763 3846 aut
780 3792 804 3845 si
822 3790 948 3859 etiams,
969 3792 1001 3859 sp
1026 3806 1076 3858 pro
1094 3805 1149 3852 uno
1175 3788 1245 3843 inter
1269 3784 1382 3840 mobiles
1408 3784 1450 3840 his
1471 3798 1662 3842 accenseamus

295 3866 336 3921 ob
359 3866 445 3920 istam
463 3866 559 3920 literae
578 3870 798 3937 geminationem,
818 3870 869 3923 etsi
888 3869 1064 3925 divisionibus
1082 3867 1176 3937 primis
1193 3864 1439 3921 monochordorum
1456 3880 1511 3919 non
1529 3873 1662 3923 monstra-

294 3956 356 4006 tos,
378 3954 473 3999 mmen
493 3946 582 4001 adhuc
600 3958 680 4003 emunt
698 3964 810 4004 numero
829 3950 853 4018 9,
872 3957 970 4005 natura
987 3948 1095 4018 quidem
1115 3946 1192 4012 duce,
1211 3960 1280 4014 quae
1293 3951 1384 3999 autem
1396 3942 1498 3998 clarem
1516 3959 1571 3999 non
1583 3943 1663 3998 docet

291 4039 458 4097 gemmare.

380 4102 464 4170 Quod
489 4104 559 4157 enim
578 4105 749 4163 Ptolemaeus
774 4107 791 4161 4
814 4108 843 4163 in
866 4123 921 4162 una
947 4114 1043 4161 octava
1063 4119 1113 4163 ssu
1132 4102 1263 4172 diapason
1289 4103 1414 4159 stoici
1439 4103 1468 4159 in
1486 4102 1662 4171 disdiapason

291 4189 438 4239 numerat
461 4182 581 4253 stabiles,
600 4186 628 4241 id
647 4195 689 4241 est
707 4194 821 4257 propter
838 4186 893 4251 duo
911 4186 1084 4243 tetrachorda
1102 4183 1254 4251 coniuncta,
1273 4198 1344 4253 quaa
1362 4182 1437 4239 sonis
1453 4184 1495 4250 A,
1513 4182 1532 4238 d
1549 4189 1577 4236 et
1594 4182 1627 4249 d,
1643 4197 1663 4250 g

290 4260 487 4341 eontinentur
504 4263 531 4317 in
550 4265 665 4335 singulis
684 4265 823 4336 diapason,
842 4282 955 4335 quornm
974 4264 1148 4333 intermedius
1167 4264 1202 4331 (b,
1220 4281 1235 4319 c
1253 4269 1280 4317 et
1297 4262 1359 4332 ai)
1382 4262 1464 4331 longa
1485 4258 1662 4330 usurpatione

290 4339 383 4397 soliti
404 4346 468 4393 sunt
486 4339 576 4398 iacere
595 4345 718 4414 mobiles,
738 4345 842 4401 scilicet
859 4362 914 4401 non
932 4352 1036 4401 tantum
1054 4345 1089 4413 Β,
1107 4346 1128 4401 b
1145 4350 1173 4398 et
1190 4344 1235 4411 dp,
1254 4358 1278 4410 e,
1297 4342 1345 4398 sed
1359 4342 1440 4400 etiam
1453 4359 1480 4408 c,
1499 4339 1546 4408 qui
1561 4347 1661 4405 tamen

287 4425 411 4475 natura
431 4418 558 4489 docente,
583 4423 786 4479 constituuntur
804 4424 952 4479 rectissime
972 4422 1098 4492 stabiles,
1122 4424 1282 4494 praesertim
1298 4440 1322 4479 c.
1357 4422 1399 4477 hc
1421 4420 1474 4479 atsi
1497 4419 1578 4474 etiam
1595 4418 1662 4473 mihi

285 4504 410 4553 natura
427 4512 519 4554 rernm
539 4503 762 4569 geometricarum
788 4503 878 4573 signat
896 4502 934 4571 G,
960 4520 988 4571 c,
1011 4503 1042 4570 cl,
1064 4518 1166 4572 yprae
1182 4504 1294 4568 ceteris,
1320 4519 1374 4558 non
1391 4516 1455 4557 vero
1476 4499 1567 4565 signat
1583 4514 1603 4553 c
1619 4494 1663 4553 rel

279 4584 320 4652 s,
345 4577 402 4645 sp,
421 4575 473 4630 nisi
494 4587 628 4647 quatenns
647 4597 691 4637 ars
712 4591 836 4639 naturam
854 4583 988 4643 imitatura
1010 4591 1044 4644 ,at
1061 4582 1152 4651 signat
1169 4584 1263 4639 eadem
1281 4589 1381 4638 natura
1397 4580 1463 4634 milri
1480 4576 1562 4631 etiam
1579 4575 1611 4642 b,
1634 4574 1663 4629 B

284 4665 320 4713 et
346 4656 408 4723 ὀρ,
434 4670 461 4722 e,
486 4672 540 4724 quo
558 4660 665 4714 nomine
682 4662 797 4717 mobiles
816 4662 869 4717 duo
888 4663 927 4732 Β,
952 4663 1016 4717 het
1034 4662 1083 4729 dp,
1102 4678 1116 4717 a
1133 4660 1168 4715 ab
1186 4662 1305 4730 sanquis
1322 4660 1419 4727 hahiti,
1449 4657 1662 4727 praestantiores

284 4751 368 4793 esse
391 4734 525 4787 deberent
544 4736 635 4791 stabili
652 4756 678 4795 o.
716 4740 786 4808 Quin
805 4740 868 4808 imo,
886 4740 910 4793 si
928 4756 1037 4795 oausam
1054 4739 1194 4808 respicias,
1212 4756 1261 4794 cur
1278 4738 1453 4805 disdiapason
1464 4734 1662 4802 introducatur,

281 4816 347 4871 ssla
372 4817 420 4866 est
439 4812 565 4871 desumta
583 4826 618 4871 cs
636 4819 777 4875 omnifaria
795 4820 968 4875 successione
986 4834 1114 4873 sonorum
1134 4819 1242 4873 omnino
1260 4817 1394 4883 omnium,
1411 4830 1465 4871 non
1483 4820 1589 4869 tantum
1608 4822 1661 4869 sta·

278 4894 412 4951 bilium.
449 4891 479 4946 Si
505 4909 569 4965 ergo
594 4897 639 4953 hic
662 4898 751 4955 solnm
774 4896 888 4953 stabiles
910 4896 1126 4963 consideramus,
1151 4894 1219 4955 nibil
1237 4894 1271 4951 ad
1289 4894 1362 4963 illos,
1386 4900 1417 4949 ut
1435 4892 1517 4964 tales,
1544 4892 1662 4963 pertinet

279 4982 399 5031 totum
418 4978 538 5039 systema
558 4974 741 5046 disdiapason.
775 4977 844 5031 Nam
862 4975 931 5031 idem
952 4975 1032 5043 ordo,
1058 4976 1104 5043 qui
1123 4982 1167 5031 est
1183 4974 1302 5046 interp,
1325 4990 1353 5043 c,
1376 4975 1406 5044 d,
1423 4972 1574 5053 grecunit
1591 4972 1661 5025 inter

280 5078 316 5123 c,
340 5053 382 5121 s,
399 5066 431 5120 a,
451 5067 466 5105 ι
483 5060 511 5108 et
528 5055 561 5123 d,
578 5074 608 5126 p,
628 5072 660 5124 c,
680 5058 711 5127 d,
729 5056 848 5111 nondum
865 5054 977 5124 impleto
994 5060 1142 5124 systemate
1159 5052 1341 5122 disffiapason.
1377 5053 1474 5121 ltaque
1490 5051 1565 5120 quod
1582 5049 1661 5106 affec·

280 5139 413 5195 sionem
432 5136 589 5194 stabilitatis
606 5137 712 5204 attinet,
731 5136 834 5193 suificit
850 5134 904 5191 illis
922 5142 1041 5205 systema
1058 5133 1229 5190 ᾰιιιιιιιιιοιι
1247 5149 1308 5189 cum
1325 5132 1470 5203 diapason,
1487 5131 1561 5201 quod
1578 5132 1662 5188 habet
1689 5142 1698 5152 ‘
