<?xml version="1.0" encoding="UTF-8"?>
<!DOCTYPE html PUBLIC "-//W3C//DTD XHTML 1.0 Transitional//EN"
    "http://www.w3.org/TR/xhtml1/DTD/xhtml1-transitional.dtd">
<html xmlns="http://www.w3.org/1999/xhtml" xml:lang="en" lang="en">
 <head>
  <title>
</title>
<meta http-equiv="Content-Type" content="text/html;charset=utf-8" />
  <meta name='ocr-system' content='tesseract 3.04.00' />
  <meta name='ocr-capabilities' content='ocr_page ocr_carea ocr_par ocr_line ocrx_word'/>
</head>
<body>
  <div class='ocr_page' id='page_1' title='image "./joanniskepleria19frisgoog_0340.png"; bbox 0 0 4467 6192; ppageno 0'>
   <div class='ocr_carea' id='block_1_1' title="bbox 536 637 1491 710">
    <p class='ocr_par' dir='ltr' id='par_1_1' title="bbox 536 637 1491 710">
     <span class='ocr_line' id='line_1_1' title="bbox 536 637 1491 710; baseline -0.015 0"><span class='ocrx_word' id='word_1_1' title='bbox 536 647 599 710; x_wconf 76' lang='lat' dir='ltr'><strong>m</strong></span> <span class='ocrx_word' id='word_1_2' title='bbox 919 642 960 698; x_wconf 89' lang='lat' dir='ltr'><strong>De</strong></span> <span class='ocrx_word' id='word_1_3' title='bbox 979 639 1101 698; x_wconf 76' lang='lat' dir='ltr'><strong>Motibus</strong></span> <span class='ocrx_word' id='word_1_4' title='bbox 1119 638 1294 699; x_wconf 75' lang='lat' dir='ltr'><strong>Pluetarum</strong></span> <span class='ocrx_word' id='word_1_5' title='bbox 1312 637 1491 696; x_wconf 83' lang='lat' dir='ltr'><strong>Harmonicls.</strong></span> 
     </span>
    </p>
   </div>
   <div class='ocr_carea' id='block_1_2' title="bbox 466 817 1892 5181">
    <p class='ocr_par' dir='ltr' id='par_1_2' title="bbox 466 817 1886 2122">
     <span class='ocr_line' id='line_1_2' title="bbox 535 817 1880 901; baseline -0.007 -17"><span class='ocrx_word' id='word_1_6' title='bbox 535 825 692 884; x_wconf 73' lang='lat' dir='ltr'><strong>msbsntm</strong></span> <span class='ocrx_word' id='word_1_7' title='bbox 721 822 761 883; x_wconf 78' lang='lat' dir='ltr'><strong>ab</strong></span> <span class='ocrx_word' id='word_1_8' title='bbox 783 824 821 882; x_wconf 90' lang='lat' dir='ltr'><strong>lis</strong></span> <span class='ocrx_word' id='word_1_9' title='bbox 842 821 1063 901; x_wconf 78' lang='lat' dir='ltr'><strong>intervallaper</strong></span> <span class='ocrx_word' id='word_1_10' title='bbox 1077 820 1300 898; x_wconf 85' lang='lat' dir='ltr'><strong>adscriptionem</strong></span> <span class='ocrx_word' id='word_1_11' title='bbox 1315 817 1496 893; x_wconf 82' lang='lat' dir='ltr'><strong>eirenlomm,</strong></span> <span class='ocrx_word' id='word_1_12' title='bbox 1520 818 1571 879; x_wconf 87' lang='lat' dir='ltr'><strong>sad</strong></span> <span class='ocrx_word' id='word_1_13' title='bbox 1587 818 1684 878; x_wconf 88' lang='lat' dir='ltr'><strong>adbuc</strong></span> <span class='ocrx_word' id='word_1_14' title='bbox 1703 817 1786 877; x_wconf 89' lang='lat' dir='ltr'><strong>nullo</strong></span> <span class='ocrx_word' id='word_1_15' title='bbox 1807 826 1880 879; x_wconf 89' lang='lat' dir='ltr'><strong>certo</strong></span> 
     </span>
     <span class='ocr_line' id='line_1_3' title="bbox 532 897 1883 991; baseline -0.005 -22"><span class='ocrx_word' id='word_1_16' title='bbox 532 922 666 991; x_wconf 26' lang='lat' dir='ltr'><strong>,numeru</strong></span> <span class='ocrx_word' id='word_1_17' title='bbox 698 909 826 970; x_wconf 79' lang='lat' dir='ltr'>Ventum</span> <span class='ocrx_word' id='word_1_18' title='bbox 849 909 888 969; x_wconf 91' lang='lat' dir='ltr'><strong>ed</strong></span> <span class='ocrx_word' id='word_1_19' title='bbox 908 911 1038 986; x_wconf 76' lang='lat' dir='ltr'><strong>quisque</strong></span> <span class='ocrx_word' id='word_1_20' title='bbox 1060 909 1184 984; x_wconf 60' lang='lat' dir='ltr'><strong>solidam</strong></span> <span class='ocrx_word' id='word_1_21' title='bbox 1208 908 1255 967; x_wconf 85' lang='lat' dir='ltr'><strong>irio</strong></span> <span class='ocrx_word' id='word_1_22' title='bbox 1278 916 1306 966; x_wconf 89' lang='lat' dir='ltr'><strong>et</strong></span> <span class='ocrx_word' id='word_1_23' title='bbox 1328 897 1465 966; x_wconf 84' lang='lat' dir='ltr'><strong>numerus</strong></span> <span class='ocrx_word' id='word_1_24' title='bbox 1487 923 1638 985; x_wconf 79' lang='lat' dir='ltr'><strong>corporum</strong></span> <span class='ocrx_word' id='word_1_25' title='bbox 1662 911 1691 966; x_wconf 91' lang='lat' dir='ltr'><strong>ct</strong></span> <span class='ocrx_word' id='word_1_26' title='bbox 1713 905 1883 966; x_wconf 79' lang='lat' dir='ltr'><strong>interrado-</strong></span> 
     </span>
     <span class='ocr_line' id='line_1_4' title="bbox 535 993 1882 1075; baseline -0.005 -18"><span class='ocrx_word' id='word_1_27' title='bbox 535 1016 600 1057; x_wconf 86' lang='lat' dir='ltr'><strong>rum</strong></span> <span class='ocrx_word' id='word_1_28' title='bbox 619 997 790 1074; x_wconf 71' lang='lat' dir='ltr'><strong>magnitudo</strong></span> <span class='ocrx_word' id='word_1_29' title='bbox 819 1013 910 1075; x_wconf 90' lang='lat' dir='ltr'><strong>prope</strong></span> <span class='ocrx_word' id='word_1_30' title='bbox 939 1015 1009 1057; x_wconf 86' lang='lat' dir='ltr'><strong>vera</strong></span> <span class='ocrx_word' id='word_1_31' title='bbox 1035 996 1173 1075; x_wconf 89' lang='lat' dir='ltr'><strong>patebat,</strong></span> <span class='ocrx_word' id='word_1_32' title='bbox 1202 994 1279 1055; x_wconf 85' lang='lat' dir='ltr'><strong>adeo</strong></span> <span class='ocrx_word' id='word_1_33' title='bbox 1307 1008 1338 1053; x_wconf 89' lang='grc' dir='ltr'><strong>ιιι</strong></span> <span class='ocrx_word' id='word_1_34' title='bbox 1367 1011 1454 1072; x_wconf 86' lang='lat' dir='ltr'><strong>snper</strong></span> <span class='ocrx_word' id='word_1_35' title='bbox 1482 996 1596 1070; x_wconf 88' lang='lat' dir='ltr'><strong>reliqua</strong></span> <span class='ocrx_word' id='word_1_36' title='bbox 1623 994 1820 1072; x_wconf 78' lang='lat' dir='ltr'><strong>discrepantia</strong></span> <span class='ocrx_word' id='word_1_37' title='bbox 1847 993 1882 1050; x_wconf 93' lang='lat' dir='ltr'><strong>ad</strong></span> 
     </span>
     <span class='ocr_line' id='line_1_5' title="bbox 536 1082 1883 1163; baseline -0.005 -19"><span class='ocrx_word' id='word_1_38' title='bbox 536 1087 731 1146; x_wconf 72' lang='lat' dir='ltr'><strong>aeconomiae</strong></span> <span class='ocrx_word' id='word_1_39' title='bbox 752 1087 961 1163; x_wconf 62' lang='lat' dir='ltr'><strong>perfectionum</strong></span> <span class='ocrx_word' id='word_1_40' title='bbox 984 1082 1184 1162; x_wconf 80' lang='lat' dir='ltr'><strong>appellarem·</strong></span> <span class='ocrx_word' id='word_1_41' title='bbox 1218 1082 1351 1142; x_wconf 84' lang='lat' dir='ltr'><strong>Poriscta</strong></span> <span class='ocrx_word' id='word_1_42' title='bbox 1375 1085 1430 1141; x_wconf 88' lang='lat' dir='ltr'><strong>init</strong></span> <span class='ocrx_word' id='word_1_43' title='bbox 1451 1082 1497 1144; x_wconf 89' lang='lat' dir='ltr'><strong>bie</strong></span> <span class='ocrx_word' id='word_1_44' title='bbox 1520 1084 1561 1140; x_wconf 71' lang='grc' dir='ltr'>ιθ</span> <span class='ocrx_word' id='word_1_45' title='bbox 1584 1084 1668 1139; x_wconf 88' lang='lat' dir='ltr'><strong>annis</strong></span> <span class='ocrx_word' id='word_1_46' title='bbox 1690 1082 1883 1154; x_wconf 87' lang='lat' dir='ltr'><strong>astronomia;</strong></span> 
     </span>
     <span class='ocr_line' id='line_1_6' title="bbox 536 1169 1884 1249; baseline -0.007 -15"><span class='ocrx_word' id='word_1_47' title='bbox 536 1181 567 1233; x_wconf 92' lang='lat' dir='ltr'><strong>et</strong></span> <span class='ocrx_word' id='word_1_48' title='bbox 587 1190 655 1234; x_wconf 86' lang='lat' dir='ltr'><strong>ecce</strong></span> <span class='ocrx_word' id='word_1_49' title='bbox 678 1172 776 1231; x_wconf 86' lang='lat' dir='ltr'><strong>adlrue</strong></span> <span class='ocrx_word' id='word_1_50' title='bbox 789 1171 945 1232; x_wconf 70' lang='lat' dir='ltr'><strong>marrolis</strong></span> <span class='ocrx_word' id='word_1_51' title='bbox 959 1170 1198 1249; x_wconf 71' lang='lat' dir='ltr'><strong>disaepebente</strong></span> <span class='ocrx_word' id='word_1_52' title='bbox 1219 1169 1319 1246; x_wconf 75' lang='lat' dir='ltr'><strong>figuris</strong></span> <span class='ocrx_word' id='word_1_53' title='bbox 1341 1170 1453 1242; x_wconf 87' lang='lat' dir='ltr'><strong>solidis,</strong></span> <span class='ocrx_word' id='word_1_54' title='bbox 1475 1169 1599 1229; x_wconf 79' lang='lat' dir='ltr'><strong>necdum</strong></span> <span class='ocrx_word' id='word_1_55' title='bbox 1615 1185 1722 1228; x_wconf 77' lang='lat' dir='ltr'><strong>musae</strong></span> <span class='ocrx_word' id='word_1_56' title='bbox 1744 1169 1884 1247; x_wconf 85' lang='lat' dir='ltr'><strong>patebant</strong></span> 
     </span>
     <span class='ocr_line' id='line_1_7' title="bbox 537 1255 1885 1336; baseline -0.004 -16"><span class='ocrx_word' id='word_1_57' title='bbox 537 1259 784 1320; x_wconf 84' lang='lat' dir='ltr'><strong>eccentrioitatarn</strong></span> <span class='ocrx_word' id='word_1_58' title='bbox 813 1258 1051 1335; x_wconf 67' lang='lat' dir='ltr'><strong>inaequalissima</strong></span> <span class='ocrx_word' id='word_1_59' title='bbox 1081 1259 1301 1318; x_wconf 81' lang='lat' dir='ltr'><strong>dutrioararam</strong></span> <span class='ocrx_word' id='word_1_60' title='bbox 1335 1261 1409 1320; x_wconf 88' lang='lat' dir='ltr'><strong>inter</strong></span> <span class='ocrx_word' id='word_1_61' title='bbox 1436 1256 1578 1336; x_wconf 87' lang='lat' dir='ltr'><strong>planetas.</strong></span> <span class='ocrx_word' id='word_1_62' title='bbox 1623 1255 1741 1316; x_wconf 74' lang='lat' dir='ltr'><strong>Scilicet</strong></span> <span class='ocrx_word' id='word_1_63' title='bbox 1770 1259 1800 1314; x_wconf 93' lang='lat' dir='ltr'><strong>in</strong></span> <span class='ocrx_word' id='word_1_64' title='bbox 1832 1255 1885 1314; x_wconf 87' lang='lat' dir='ltr'><strong>bac</strong></span> 
     </span>
     <span class='ocr_line' id='line_1_8' title="bbox 537 1343 1884 1422; baseline -0.004 -15"><span class='ocrx_word' id='word_1_65' title='bbox 537 1347 641 1410; x_wconf 82' lang='lat' dir='ltr'><strong>mundi</strong></span> <span class='ocrx_word' id='word_1_66' title='bbox 659 1346 748 1406; x_wconf 86' lang='lat' dir='ltr'><strong>domo</strong></span> <span class='ocrx_word' id='word_1_67' title='bbox 770 1348 947 1422; x_wconf 84' lang='lat' dir='ltr'><strong>quaerebam</strong></span> <span class='ocrx_word' id='word_1_68' title='bbox 968 1346 1011 1404; x_wconf 84' lang='lat' dir='ltr'><strong>sii</strong></span> <span class='ocrx_word' id='word_1_69' title='bbox 1039 1347 1096 1404; x_wconf 90' lang='lat' dir='ltr'><strong>nisi</strong></span> <span class='ocrx_word' id='word_1_70' title='bbox 1123 1363 1211 1419; x_wconf 86' lang='lat' dir='ltr'><strong>sera,</strong></span> <span class='ocrx_word' id='word_1_71' title='bbox 1242 1344 1353 1405; x_wconf 75' lang='lat' dir='ltr'><strong>litturae</strong></span> <span class='ocrx_word' id='word_1_72' title='bbox 1383 1345 1585 1421; x_wconf 72' lang='lat' dir='ltr'><strong>elegantioris,</strong></span> <span class='ocrx_word' id='word_1_73' title='bbox 1615 1343 1667 1404; x_wconf 90' lang='lat' dir='ltr'><strong>sed</strong></span> <span class='ocrx_word' id='word_1_74' title='bbox 1701 1359 1779 1420; x_wconf 87' lang='lat' dir='ltr'><strong>quae</strong></span> <span class='ocrx_word' id='word_1_75' title='bbox 1808 1345 1884 1401; x_wconf 83' lang='lat' dir='ltr'><strong>saxis</strong></span> 
     </span>
     <span class='ocr_line' id='line_1_9' title="bbox 540 1431 1885 1510; baseline -0.006 -16"><span class='ocrx_word' id='word_1_76' title='bbox 540 1437 717 1508; x_wconf 80' lang='lat' dir='ltr'><strong>conveniret,</strong></span> <span class='ocrx_word' id='word_1_77' title='bbox 741 1436 869 1510; x_wconf 78' lang='lat' dir='ltr'><strong>ignarus,</strong></span> <span class='ocrx_word' id='word_1_78' title='bbox 893 1432 1091 1492; x_wconf 66' lang='lat' dir='ltr'><strong>architectum</strong></span> <span class='ocrx_word' id='word_1_79' title='bbox 1114 1432 1165 1492; x_wconf 86' lang='lat' dir='ltr'><strong>ilia</strong></span> <span class='ocrx_word' id='word_1_80' title='bbox 1188 1431 1307 1492; x_wconf 79' lang='lat' dir='ltr'><strong>linxisse</strong></span> <span class='ocrx_word' id='word_1_81' title='bbox 1328 1435 1358 1491; x_wconf 93' lang='lat' dir='ltr'><strong>in</strong></span> <span class='ocrx_word' id='word_1_82' title='bbox 1381 1433 1649 1492; x_wconf 76' lang='lat' dir='ltr'><strong>aniculatissintarn</strong></span> <span class='ocrx_word' id='word_1_83' title='bbox 1672 1431 1800 1507; x_wconf 79' lang='lat' dir='ltr'><strong>effigiem</strong></span> <span class='ocrx_word' id='word_1_84' title='bbox 1822 1433 1885 1489; x_wconf 90' lang='lat' dir='ltr'><strong>ani-</strong></span> 
     </span>
     <span class='ocr_line' id='line_1_10' title="bbox 536 1517 1885 1600; baseline -0.004 -18"><span class='ocrx_word' id='word_1_85' title='bbox 536 1525 608 1582; x_wconf 90' lang='lat' dir='ltr'><strong>msti</strong></span> <span class='ocrx_word' id='word_1_86' title='bbox 629 1522 769 1600; x_wconf 80' lang='lat' dir='ltr'><strong>eorporis</strong></span> <span class='ocrx_word' id='word_1_87' title='bbox 811 1520 861 1580; x_wconf 89' lang='lat' dir='ltr'><strong>lta</strong></span> <span class='ocrx_word' id='word_1_88' title='bbox 881 1521 1033 1598; x_wconf 70' lang='lat' dir='ltr'><strong>psuiadrm</strong></span> <span class='ocrx_word' id='word_1_89' title='bbox 1057 1520 1104 1579; x_wconf 85' lang='lat' dir='ltr'><strong>bie</strong></span> <span class='ocrx_word' id='word_1_90' title='bbox 1126 1522 1295 1598; x_wconf 76' lang='lat' dir='ltr'><strong>praesertim</strong></span> <span class='ocrx_word' id='word_1_91' title='bbox 1319 1520 1429 1579; x_wconf 81' lang='lat' dir='ltr'><strong>ultimis</strong></span> <span class='ocrx_word' id='word_1_92' title='bbox 1444 1523 1471 1579; x_wconf 81' lang='lat' dir='ltr'><strong>ti</strong></span> <span class='ocrx_word' id='word_1_93' title='bbox 1494 1522 1587 1590; x_wconf 78' lang='lat' dir='ltr'><strong>amis,</strong></span> <span class='ocrx_word' id='word_1_94' title='bbox 1610 1526 1732 1578; x_wconf 86' lang='lat' dir='ltr'><strong>venturu</strong></span> <span class='ocrx_word' id='word_1_95' title='bbox 1754 1517 1794 1577; x_wconf 87' lang='lat' dir='ltr'><strong>ed</strong></span> <span class='ocrx_word' id='word_1_96' title='bbox 1817 1518 1885 1576; x_wconf 88' lang='lat' dir='ltr'><strong>bar·</strong></span> 
     </span>
     <span class='ocr_line' id='line_1_11' title="bbox 536 1605 1886 1684; baseline -0.004 -15"><span class='ocrx_word' id='word_1_97' title='bbox 536 1612 667 1681; x_wconf 77' lang='lat' dir='ltr'><strong>momen,</strong></span> <span class='ocrx_word' id='word_1_98' title='bbox 697 1607 823 1668; x_wconf 74' lang='lat' dir='ltr'><strong>desertis</strong></span> <span class='ocrx_word' id='word_1_99' title='bbox 840 1611 920 1668; x_wconf 87' lang='lat' dir='ltr'><strong>eirca</strong></span> <span class='ocrx_word' id='word_1_100' title='bbox 940 1610 1059 1667; x_wconf 87' lang='lat' dir='ltr'><strong>minime</strong></span> <span class='ocrx_word' id='word_1_101' title='bbox 1081 1608 1182 1682; x_wconf 77' lang='lat' dir='ltr'><strong>liguris</strong></span> <span class='ocrx_word' id='word_1_102' title='bbox 1213 1605 1330 1679; x_wconf 76' lang='lat' dir='ltr'><strong>solidis,</strong></span> <span class='ocrx_word' id='word_1_103' title='bbox 1362 1623 1428 1666; x_wconf 84' lang='lat' dir='ltr'><strong>cem</strong></span> <span class='ocrx_word' id='word_1_104' title='bbox 1450 1610 1520 1684; x_wconf 89' lang='lat' dir='ltr'><strong>qnia</strong></span> <span class='ocrx_word' id='word_1_105' title='bbox 1543 1606 1611 1665; x_wconf 88' lang='lat' dir='ltr'><strong>iliae</strong></span> <span class='ocrx_word' id='word_1_106' title='bbox 1633 1607 1751 1666; x_wconf 88' lang='lat' dir='ltr'><strong>stabant</strong></span> <span class='ocrx_word' id='word_1_107' title='bbox 1776 1623 1794 1664; x_wconf 94' lang='lat' dir='ltr'><strong>a</strong></span> <span class='ocrx_word' id='word_1_108' title='bbox 1817 1621 1886 1681; x_wconf 82' lang='lat' dir='ltr'><strong>par·</strong></span> 
     </span>
     <span class='ocr_line' id='line_1_12' title="bbox 466 1693 1885 1772; baseline -0.006 -15"><span class='ocrx_word' id='word_1_109' title='bbox 466 1697 469 1704; x_wconf 87' lang='lat'>&#39;</span> <span class='ocrx_word' id='word_1_110' title='bbox 536 1699 615 1757; x_wconf 78' lang='lat' dir='ltr'><strong>tibae</strong></span> <span class='ocrx_word' id='word_1_111' title='bbox 640 1698 766 1770; x_wconf 77' lang='lat' dir='ltr'><strong>lomes,</strong></span> <span class='ocrx_word' id='word_1_112' title='bbox 799 1711 890 1772; x_wconf 82' lang='lat' dir='ltr'><strong>quam</strong></span> <span class='ocrx_word' id='word_1_113' title='bbox 918 1694 1022 1761; x_wconf 84' lang='lat' dir='ltr'><strong>ultima</strong></span> <span class='ocrx_word' id='word_1_114' title='bbox 1050 1709 1154 1754; x_wconf 80' lang='lat' dir='ltr'><strong>manus</strong></span> <span class='ocrx_word' id='word_1_115' title='bbox 1181 1696 1358 1771; x_wconf 87' lang='lat' dir='ltr'><strong>imponeret,</strong></span> <span class='ocrx_word' id='word_1_116' title='bbox 1387 1693 1498 1771; x_wconf 83' lang='lat' dir='ltr'><strong>figurae</strong></span> <span class='ocrx_word' id='word_1_117' title='bbox 1528 1713 1547 1753; x_wconf 88' lang='lat' dir='ltr'><strong>a</strong></span> <span class='ocrx_word' id='word_1_118' title='bbox 1578 1697 1713 1766; x_wconf 86' lang='lat' dir='ltr'><strong>materia,</strong></span> <span class='ocrx_word' id='word_1_119' title='bbox 1745 1711 1824 1770; x_wconf 85' lang='lat' dir='ltr'><strong>quoe</strong></span> <span class='ocrx_word' id='word_1_120' title='bbox 1859 1696 1885 1750; x_wconf 92' lang='lat' dir='ltr'><strong>in</strong></span> 
     </span>
     <span class='ocr_line' id='line_1_13' title="bbox 538 1780 1886 1861; baseline -0.006 -16"><span class='ocrx_word' id='word_1_121' title='bbox 538 1783 648 1845; x_wconf 87' lang='lat' dir='ltr'><strong>mundo</strong></span> <span class='ocrx_word' id='word_1_122' title='bbox 671 1793 716 1844; x_wconf 89' lang='lat' dir='ltr'><strong>est</strong></span> <span class='ocrx_word' id='word_1_123' title='bbox 736 1799 873 1844; x_wconf 76' lang='lat' dir='ltr'><strong>merus</strong></span> <span class='ocrx_word' id='word_1_124' title='bbox 895 1799 1049 1859; x_wconf 85' lang='lat' dir='ltr'><strong>corporum</strong></span> <span class='ocrx_word' id='word_1_125' title='bbox 1070 1790 1103 1841; x_wconf 60' lang='lat' dir='ltr'><strong>at&gt;</strong></span> <span class='ocrx_word' id='word_1_126' title='bbox 1122 1783 1284 1858; x_wconf 86' lang='lat' dir='ltr'><strong>spatiorum</strong></span> <span class='ocrx_word' id='word_1_127' title='bbox 1307 1782 1387 1840; x_wconf 89' lang='lat' dir='ltr'><strong>rudis</strong></span> <span class='ocrx_word' id='word_1_128' title='bbox 1409 1780 1587 1861; x_wconf 89' lang='lat' dir='ltr'><strong>amplitudo,</strong></span> <span class='ocrx_word' id='word_1_129' title='bbox 1619 1789 1680 1840; x_wconf 89' lang='lat' dir='ltr'><strong>tom</strong></span> <span class='ocrx_word' id='word_1_130' title='bbox 1704 1783 1794 1840; x_wconf 91' lang='lat' dir='ltr'><strong>etiam</strong></span> <span class='ocrx_word' id='word_1_131' title='bbox 1817 1783 1886 1856; x_wconf 91' lang='lat' dir='ltr'><strong>qnia</strong></span> 
     </span>
     <span class='ocr_line' id='line_1_14' title="bbox 537 1867 1886 1947; baseline -0.006 -15"><span class='ocrx_word' id='word_1_132' title='bbox 537 1873 609 1932; x_wconf 88' lang='lat' dir='ltr'><strong>illae</strong></span> <span class='ocrx_word' id='word_1_133' title='bbox 629 1871 740 1931; x_wconf 75' lang='lat' dir='ltr'><strong>dabam</strong></span> <span class='ocrx_word' id='word_1_134' title='bbox 763 1872 1007 1944; x_wconf 72' lang='lat' dir='ltr'><strong>emenuicitmee,</strong></span> <span class='ocrx_word' id='word_1_135' title='bbox 1036 1886 1110 1945; x_wconf 82' lang='lat' dir='ltr'><strong>qnae</strong></span> <span class='ocrx_word' id='word_1_136' title='bbox 1134 1869 1189 1928; x_wconf 86' lang='lat' dir='ltr'><strong>heo</strong></span> <span class='ocrx_word' id='word_1_137' title='bbox 1206 1885 1249 1928; x_wconf 88' lang='lat' dir='ltr'><strong>ns</strong></span> <span class='ocrx_word' id='word_1_138' title='bbox 1276 1868 1491 1945; x_wconf 79' lang='lat' dir='ltr'><strong>pollicebantur</strong></span> <span class='ocrx_word' id='word_1_139' title='bbox 1512 1869 1647 1947; x_wconf 78' lang='lat' dir='ltr'><strong>quidem3</strong></span> <span class='ocrx_word' id='word_1_140' title='bbox 1678 1867 1748 1927; x_wconf 85' lang='lat' dir='ltr'><strong>iliae</strong></span> <span class='ocrx_word' id='word_1_141' title='bbox 1776 1869 1886 1930; x_wconf 84' lang='lat' dir='ltr'><strong>seilicet</strong></span> 
     </span>
     <span class='ocr_line' id='line_1_15' title="bbox 538 1955 1886 2033; baseline -0.004 -14"><span class='ocrx_word' id='word_1_142' title='bbox 538 1977 658 2032; x_wconf 90' lang='lat' dir='ltr'><strong>nasum,</strong></span> <span class='ocrx_word' id='word_1_143' title='bbox 688 1957 789 2018; x_wconf 89' lang='lat' dir='ltr'><strong>oculos</strong></span> <span class='ocrx_word' id='word_1_144' title='bbox 819 1966 848 2019; x_wconf 89' lang='lat' dir='ltr'><strong>et</strong></span> <span class='ocrx_word' id='word_1_145' title='bbox 877 1957 990 2033; x_wconf 90' lang='lat' dir='ltr'><strong>reliqna</strong></span> <span class='ocrx_word' id='word_1_146' title='bbox 1018 1957 1148 2016; x_wconf 85' lang='lat' dir='ltr'><strong>membra</strong></span> <span class='ocrx_word' id='word_1_147' title='bbox 1171 1955 1369 2016; x_wconf 87' lang='lat' dir='ltr'><strong>conciliabant</strong></span> <span class='ocrx_word' id='word_1_148' title='bbox 1389 1965 1519 2030; x_wconf 71' lang='lat' dir='ltr'><strong>eminae,</strong></span> <span class='ocrx_word' id='word_1_149' title='bbox 1550 1959 1597 2016; x_wconf 86' lang='lat' dir='ltr'><strong>cul</strong></span> <span class='ocrx_word' id='word_1_150' title='bbox 1620 1959 1693 2016; x_wconf 86' lang='lat' dir='ltr'><strong>istae</strong></span> <span class='ocrx_word' id='word_1_151' title='bbox 1714 1955 1811 2016; x_wconf 89' lang='lat' dir='ltr'><strong>solam</strong></span> <span class='ocrx_word' id='word_1_152' title='bbox 1835 1973 1886 2016; x_wconf 87' lang='lat' dir='ltr'><strong>ex·</strong></span> 
     </span>
     <span class='ocr_line' id='line_1_16' title="bbox 538 2045 1387 2122; baseline -0.004 -15"><span class='ocrx_word' id='word_1_153' title='bbox 538 2055 652 2108; x_wconf 84' lang='lat' dir='ltr'><strong>ternam</strong></span> <span class='ocrx_word' id='word_1_154' title='bbox 673 2045 892 2105; x_wconf 79' lang='lat' dir='ltr'><strong>iudismassee</strong></span> <span class='ocrx_word' id='word_1_155' title='bbox 915 2045 1110 2120; x_wconf 83' lang='lat' dir='ltr'><strong>quantitatem</strong></span> <span class='ocrx_word' id='word_1_156' title='bbox 1132 2045 1387 2122; x_wconf 81' lang='lat' dir='ltr'><strong>praescripserant.</strong></span> 
     </span>
    </p>

    <p class='ocr_par' dir='ltr' id='par_1_3' title="bbox 492 2127 1888 2820">
     <span class='ocr_line' id='line_1_17' title="bbox 624 2127 1886 2209; baseline -0.003 -17"><span class='ocrx_word' id='word_1_157' title='bbox 624 2134 724 2209; x_wconf 81' lang='lat' dir='ltr'><strong>Quare</strong></span> <span class='ocrx_word' id='word_1_158' title='bbox 745 2134 822 2192; x_wconf 85' lang='lat' dir='ltr'><strong>sicut</strong></span> <span class='ocrx_word' id='word_1_159' title='bbox 843 2147 939 2207; x_wconf 69' lang='lat' dir='ltr'><strong>neqm</strong></span> <span class='ocrx_word' id='word_1_160' title='bbox 962 2147 1084 2207; x_wconf 88' lang='lat' dir='ltr'><strong>corpora</strong></span> <span class='ocrx_word' id='word_1_161' title='bbox 1104 2133 1286 2192; x_wconf 86' lang='lat' dir='ltr'><strong>animantum</strong></span> <span class='ocrx_word' id='word_1_162' title='bbox 1307 2139 1375 2190; x_wconf 85' lang='lat' dir='ltr'><strong>sont</strong></span> <span class='ocrx_word' id='word_1_163' title='bbox 1397 2131 1483 2204; x_wconf 87' lang='lat' dir='ltr'><strong>lecta,</strong></span> <span class='ocrx_word' id='word_1_164' title='bbox 1507 2148 1604 2206; x_wconf 87' lang='lat' dir='ltr'><strong>neque</strong></span> <span class='ocrx_word' id='word_1_165' title='bbox 1623 2133 1686 2189; x_wconf 83' lang='lat' dir='ltr'><strong>sexi</strong></span> <span class='ocrx_word' id='word_1_166' title='bbox 1709 2127 1804 2190; x_wconf 88' lang='lat' dir='ltr'><strong>moles</strong></span> <span class='ocrx_word' id='word_1_167' title='bbox 1826 2127 1886 2188; x_wconf 85' lang='lat' dir='ltr'><strong>lieri</strong></span> 
     </span>
     <span class='ocr_line' id='line_1_18' title="bbox 538 2216 1886 2296; baseline -0.007 -14"><span class='ocrx_word' id='word_1_168' title='bbox 538 2221 614 2282; x_wconf 86' lang='lat' dir='ltr'><strong>solat</strong></span> <span class='ocrx_word' id='word_1_169' title='bbox 634 2219 674 2281; x_wconf 87' lang='lat' dir='ltr'><strong>ad</strong></span> <span class='ocrx_word' id='word_1_170' title='bbox 696 2237 829 2280; x_wconf 87' lang='lat' dir='ltr'><strong>normam</strong></span> <span class='ocrx_word' id='word_1_171' title='bbox 850 2235 954 2296; x_wconf 85' lang='lat' dir='ltr'><strong>puram</strong></span> <span class='ocrx_word' id='word_1_172' title='bbox 974 2218 1101 2295; x_wconf 73' lang='lat' dir='ltr'><strong>alienius</strong></span> <span class='ocrx_word' id='word_1_173' title='bbox 1120 2217 1231 2295; x_wconf 60' lang='lat' dir='ltr'><strong>Quies</strong></span> <span class='ocrx_word' id='word_1_174' title='bbox 1252 2221 1464 2294; x_wconf 82' lang='lat' dir='ltr'><strong>geometricae,</strong></span> <span class='ocrx_word' id='word_1_175' title='bbox 1496 2216 1547 2276; x_wconf 91' lang='lat' dir='ltr'><strong>sed</strong></span> <span class='ocrx_word' id='word_1_176' title='bbox 1570 2218 1728 2294; x_wconf 82' lang='lat' dir='ltr'><strong>derogatur</strong></span> <span class='ocrx_word' id='word_1_177' title='bbox 1750 2225 1886 2276; x_wconf 81' lang='lat' dir='ltr'><strong>artemas</strong></span> 
     </span>
     <span class='ocr_line' id='line_1_19' title="bbox 492 2297 1887 2386; baseline -0.005 -18"><span class='ocrx_word' id='word_1_178' title='bbox 492 2329 498 2342; x_wconf 87' lang='lat'><strong>·</strong></span> <span class='ocrx_word' id='word_1_179' title='bbox 538 2309 649 2386; x_wconf 74' lang='lat' dir='ltr'><strong>dgrnae</strong></span> <span class='ocrx_word' id='word_1_180' title='bbox 679 2306 825 2367; x_wconf 81' lang='lat' dir='ltr'><strong>rotundae</strong></span> <span class='ocrx_word' id='word_1_181' title='bbox 854 2297 1048 2383; x_wconf 80' lang='lat' dir='ltr'><strong>quantumvis</strong></span> <span class='ocrx_word' id='word_1_182' title='bbox 1070 2305 1200 2383; x_wconf 78' lang='lat' dir='ltr'><strong>eleganti</strong></span> <span class='ocrx_word' id='word_1_183' title='bbox 1224 2309 1371 2386; x_wconf 82' lang='lat' dir='ltr'><strong>(manente</strong></span> <span class='ocrx_word' id='word_1_184' title='bbox 1405 2313 1501 2364; x_wconf 73' lang='lat' dir='ltr'><strong>umen</strong></span> <span class='ocrx_word' id='word_1_185' title='bbox 1528 2303 1608 2382; x_wconf 85' lang='lat' dir='ltr'><strong>Justa</strong></span> <span class='ocrx_word' id='word_1_186' title='bbox 1631 2303 1716 2365; x_wconf 91' lang='lat' dir='ltr'><strong>molis</strong></span> <span class='ocrx_word' id='word_1_187' title='bbox 1738 2305 1887 2382; x_wconf 75' lang='lat' dir='ltr'><strong>magnitu-</strong></span> 
     </span>
     <span class='ocr_line' id='line_1_20' title="bbox 542 2393 1887 2474; baseline -0.003 -20"><span class='ocrx_word' id='word_1_188' title='bbox 542 2395 636 2474; x_wconf 84' lang='lat' dir='ltr'><strong>dine),</strong></span> <span class='ocrx_word' id='word_1_189' title='bbox 658 2403 692 2454; x_wconf 87' lang='lat' dir='ltr'><strong>et</strong></span> <span class='ocrx_word' id='word_1_190' title='bbox 712 2410 817 2473; x_wconf 88' lang='lat' dir='ltr'><strong>corpus</strong></span> <span class='ocrx_word' id='word_1_191' title='bbox 839 2408 951 2469; x_wconf 82' lang='lat' dir='ltr'><strong>organa</strong></span> <span class='ocrx_word' id='word_1_192' title='bbox 972 2395 1051 2453; x_wconf 85' lang='lat' dir='ltr'><strong>vitae</strong></span> <span class='ocrx_word' id='word_1_193' title='bbox 1064 2395 1248 2464; x_wconf 79' lang='lat' dir='ltr'><strong>necessaria,</strong></span> <span class='ocrx_word' id='word_1_194' title='bbox 1263 2409 1375 2456; x_wconf 77' lang='lat' dir='ltr'><strong>aarum</strong></span> <span class='ocrx_word' id='word_1_195' title='bbox 1391 2407 1460 2452; x_wconf 86' lang='lat' dir='ltr'><strong>vero</strong></span> <span class='ocrx_word' id='word_1_196' title='bbox 1484 2393 1608 2469; x_wconf 77' lang='lat' dir='ltr'><strong>effigiem</strong></span> <span class='ocrx_word' id='word_1_197' title='bbox 1631 2394 1791 2453; x_wconf 87' lang='lat' dir='ltr'><strong>animantis</strong></span> <span class='ocrx_word' id='word_1_198' title='bbox 1814 2409 1887 2450; x_wconf 89' lang='lat' dir='ltr'><strong>nan·</strong></span> 
     </span>
     <span class='ocr_line' id='line_1_21' title="bbox 540 2481 1887 2559; baseline -0.004 -16"><span class='ocrx_word' id='word_1_199' title='bbox 540 2485 610 2543; x_wconf 88' lang='lat' dir='ltr'><strong>eieci</strong></span> <span class='ocrx_word' id='word_1_200' title='bbox 644 2484 752 2559; x_wconf 83' lang='lat' dir='ltr'><strong>possit:</strong></span> <span class='ocrx_word' id='word_1_201' title='bbox 792 2484 836 2541; x_wconf 89' lang='lat' dir='ltr'><strong>sic</strong></span> <span class='ocrx_word' id='word_1_202' title='bbox 865 2483 955 2540; x_wconf 79' lang='lat' dir='ltr'><strong>stiam</strong></span> <span class='ocrx_word' id='word_1_203' title='bbox 984 2483 1147 2558; x_wconf 85' lang='lat' dir='ltr'><strong>proportio,</strong></span> <span class='ocrx_word' id='word_1_204' title='bbox 1182 2495 1270 2556; x_wconf 85' lang='lat' dir='ltr'><strong>quern</strong></span> <span class='ocrx_word' id='word_1_205' title='bbox 1301 2482 1422 2540; x_wconf 85' lang='lat' dir='ltr'><strong>orbibus</strong></span> <span class='ocrx_word' id='word_1_206' title='bbox 1456 2481 1626 2558; x_wconf 83' lang='lat' dir='ltr'><strong>planetariis</strong></span> <span class='ocrx_word' id='word_1_207' title='bbox 1656 2482 1887 2557; x_wconf 80' lang='lat' dir='ltr'><strong>praesertpturae</strong></span> 
     </span>
     <span class='ocr_line' id='line_1_22' title="bbox 541 2567 1887 2646; baseline -0.003 -16"><span class='ocrx_word' id='word_1_208' title='bbox 541 2576 624 2630; x_wconf 86' lang='lat' dir='ltr'><strong>erant</strong></span> <span class='ocrx_word' id='word_1_209' title='bbox 645 2569 757 2646; x_wconf 75' lang='lat' dir='ltr'><strong>tigurae</strong></span> <span class='ocrx_word' id='word_1_210' title='bbox 777 2567 901 2642; x_wconf 80' lang='lat' dir='ltr'><strong>solidae,</strong></span> <span class='ocrx_word' id='word_1_211' title='bbox 915 2579 958 2628; x_wconf 85' lang='lat' dir='ltr'><strong>ut</strong></span> <span class='ocrx_word' id='word_1_212' title='bbox 979 2569 1097 2627; x_wconf 82' lang='lat' dir='ltr'><strong>inierior</strong></span> <span class='ocrx_word' id='word_1_213' title='bbox 1120 2575 1149 2626; x_wconf 91' lang='lat' dir='ltr'><strong>et</strong></span> <span class='ocrx_word' id='word_1_214' title='bbox 1172 2575 1284 2628; x_wconf 86' lang='lat' dir='ltr'><strong>tantum</strong></span> <span class='ocrx_word' id='word_1_215' title='bbox 1300 2583 1413 2645; x_wconf 84' lang='lat' dir='ltr'><strong>corpus</strong></span> <span class='ocrx_word' id='word_1_216' title='bbox 1436 2570 1646 2644; x_wconf 84' lang='lat' dir='ltr'><strong>materiamque</strong></span> <span class='ocrx_word' id='word_1_217' title='bbox 1669 2576 1816 2645; x_wconf 87' lang='lat' dir='ltr'><strong>spectans,</strong></span> <span class='ocrx_word' id='word_1_218' title='bbox 1841 2583 1887 2626; x_wconf 86' lang='lat' dir='ltr'><strong>ee·</strong></span> 
     </span>
     <span class='ocr_line' id='line_1_23' title="bbox 540 2651 1888 2732; baseline -0.004 -15"><span class='ocrx_word' id='word_1_219' title='bbox 540 2657 609 2717; x_wconf 83' lang='lat' dir='ltr'><strong>dere</strong></span> <span class='ocrx_word' id='word_1_220' title='bbox 631 2655 735 2716; x_wconf 87' lang='lat' dir='ltr'><strong>debuit</strong></span> <span class='ocrx_word' id='word_1_221' title='bbox 756 2655 924 2730; x_wconf 74' lang='lat' dir='ltr'><strong>humentis,</strong></span> <span class='ocrx_word' id='word_1_222' title='bbox 947 2665 1091 2732; x_wconf 85' lang='lat' dir='ltr'><strong>quantum</strong></span> <span class='ocrx_word' id='word_1_223' title='bbox 1109 2655 1178 2730; x_wconf 76' lang='lat' dir='ltr'><strong>ejus</strong></span> <span class='ocrx_word' id='word_1_224' title='bbox 1193 2651 1261 2714; x_wconf 86' lang='lat' dir='ltr'><strong>&#39;arat</strong></span> <span class='ocrx_word' id='word_1_225' title='bbox 1276 2669 1394 2716; x_wconf 78' lang='lat' dir='ltr'><strong>cerame</strong></span> <span class='ocrx_word' id='word_1_226' title='bbox 1410 2655 1449 2717; x_wconf 84' lang='lat' dir='ltr'><strong>sd</strong></span> <span class='ocrx_word' id='word_1_227' title='bbox 1470 2655 1535 2730; x_wconf 78' lang='lat' dir='ltr'><strong>boc,</strong></span> <span class='ocrx_word' id='word_1_228' title='bbox 1559 2662 1592 2714; x_wconf 91' lang='lat' dir='ltr'><strong>ut</strong></span> <span class='ocrx_word' id='word_1_229' title='bbox 1614 2661 1692 2715; x_wconf 87' lang='lat' dir='ltr'><strong>stare</strong></span> <span class='ocrx_word' id='word_1_230' title='bbox 1713 2654 1787 2715; x_wconf 81' lang='lat' dir='ltr'><strong>ilisa</strong></span> <span class='ocrx_word' id='word_1_231' title='bbox 1805 2653 1888 2732; x_wconf 83' lang='lat' dir='ltr'><strong>juxta</strong></span> 
     </span>
     <span class='ocr_line' id='line_1_24' title="bbox 539 2744 1602 2820; baseline -0.008 -15"><span class='ocrx_word' id='word_1_232' title='bbox 539 2753 711 2820; x_wconf 82' lang='lat' dir='ltr'><strong>meumque</strong></span> <span class='ocrx_word' id='word_1_233' title='bbox 732 2744 886 2820; x_wconf 74' lang='lat' dir='ltr'><strong>globorum</strong></span> <span class='ocrx_word' id='word_1_234' title='bbox 908 2759 1049 2804; x_wconf 82' lang='lat' dir='ltr'><strong>exornare</strong></span> <span class='ocrx_word' id='word_1_235' title='bbox 1070 2749 1200 2819; x_wconf 86' lang='lat' dir='ltr'><strong>poseant.</strong></span> <span class='ocrx_word' id='word_1_236' title='bbox 1599 2759 1602 2768; x_wconf 95' lang='lat'>·</span> 
     </span>
    </p>

    <p class='ocr_par' dir='ltr' id='par_1_4' title="bbox 539 2827 1892 5181">
     <span class='ocr_line' id='line_1_25' title="bbox 627 2827 1887 2918; baseline -0.002 -28"><span class='ocrx_word' id='word_1_237' title='bbox 627 2831 762 2918; x_wconf 79' lang='lat' dir='ltr'><strong>Alteram</strong></span> <span class='ocrx_word' id='word_1_238' title='bbox 783 2831 1017 2908; x_wconf 83' lang='lat' dir='ltr'><strong>epiphonematis</strong></span> <span class='ocrx_word' id='word_1_239' title='bbox 1037 2830 1217 2902; x_wconf 81' lang='lat' dir='ltr'><strong>membrum,</strong></span> <span class='ocrx_word' id='word_1_240' title='bbox 1240 2828 1278 2888; x_wconf 90' lang='lat' dir='ltr'><strong>de</strong></span> <span class='ocrx_word' id='word_1_241' title='bbox 1300 2827 1459 2890; x_wconf 85' lang='lat' dir='ltr'><strong>harmoniis</strong></span> <span class='ocrx_word' id='word_1_242' title='bbox 1482 2828 1709 2904; x_wconf 80' lang='lat' dir='ltr'><strong>universalibus,</strong></span> <span class='ocrx_word' id='word_1_243' title='bbox 1733 2835 1887 2906; x_wconf 73' lang='lat' dir='ltr'><strong>oogssmn</strong></span> 
     </span>
     <span class='ocr_line' id='line_1_26' title="bbox 539 2915 1887 2996; baseline -0.001 -20"><span class='ocrx_word' id='word_1_244' title='bbox 539 2920 629 2996; x_wconf 76' lang='lat' dir='ltr'><strong>pelosi</strong></span> <span class='ocrx_word' id='word_1_245' title='bbox 649 2919 852 2995; x_wconf 66' lang='lat' dir='ltr'><strong>probationem</strong></span> <span class='ocrx_word' id='word_1_246' title='bbox 868 2918 965 2977; x_wconf 67' lang='lat' dir='ltr'><strong>hbet.</strong></span> <span class='ocrx_word' id='word_1_247' title='bbox 1011 2923 1105 2987; x_wconf 83' lang='lat' dir='ltr'><strong>(Supra</strong></span> <span class='ocrx_word' id='word_1_248' title='bbox 1122 2915 1189 2972; x_wconf 86' lang='lat' dir='ltr'><strong>num.</strong></span> <span class='ocrx_word' id='word_1_249' title='bbox 1204 2921 1236 2976; x_wconf 83' lang='lat'><strong>18</strong></span> <span class='ocrx_word' id='word_1_250' title='bbox 1254 2927 1321 2973; x_wconf 86' lang='lat' dir='ltr'><strong>intsr</strong></span> <span class='ocrx_word' id='word_1_251' title='bbox 1336 2927 1462 2975; x_wconf 77' lang='lat' dir='ltr'><strong>axiomati</strong></span> <span class='ocrx_word' id='word_1_252' title='bbox 1480 2930 1619 2978; x_wconf 56' lang='lat' dir='ltr'><strong>”sumtum</strong></span> <span class='ocrx_word' id='word_1_253' title='bbox 1641 2939 1672 2975; x_wconf 81' lang='lat' dir='ltr'><strong>ex</strong></span> <span class='ocrx_word' id='word_1_254' title='bbox 1689 2927 1779 2986; x_wconf 77' lang='lat' dir='ltr'><strong>parta.)</strong></span> <span class='ocrx_word' id='word_1_255' title='bbox 1815 2915 1887 2975; x_wconf 75' lang='lat' dir='ltr'><strong>Nam</strong></span> 
     </span>
     <span class='ocr_line' id='line_1_27' title="bbox 539 3003 1888 3084; baseline -0.003 -19"><span class='ocrx_word' id='word_1_256' title='bbox 539 3006 585 3065; x_wconf 86' lang='lat' dir='ltr'><strong>iili</strong></span> <span class='ocrx_word' id='word_1_257' title='bbox 612 3008 713 3084; x_wconf 89' lang='lat' dir='ltr'><strong>potins</strong></span> <span class='ocrx_word' id='word_1_258' title='bbox 739 3004 862 3067; x_wconf 81' lang='lat' dir='ltr'><strong>debatur</strong></span> <span class='ocrx_word' id='word_1_259' title='bbox 885 3019 1023 3082; x_wconf 81' lang='lat' dir='ltr'><strong>suprema</strong></span> <span class='ocrx_word' id='word_1_260' title='bbox 1048 3003 1139 3065; x_wconf 75' lang='lat' dir='ltr'><strong>vaisfl</strong></span> <span class='ocrx_word' id='word_1_261' title='bbox 1169 3006 1354 3081; x_wconf 79' lang='lat' dir='ltr'><strong>palleationis</strong></span> <span class='ocrx_word' id='word_1_262' title='bbox 1380 3023 1498 3081; x_wconf 88' lang='lat' dir='ltr'><strong>manus,</strong></span> <span class='ocrx_word' id='word_1_263' title='bbox 1536 3007 1616 3084; x_wconf 89' lang='lat' dir='ltr'><strong>quod</strong></span> <span class='ocrx_word' id='word_1_264' title='bbox 1653 3008 1747 3082; x_wconf 82' lang='lat' dir='ltr'><strong>magis</strong></span> <span class='ocrx_word' id='word_1_265' title='bbox 1778 3003 1888 3084; x_wconf 85' lang='lat' dir='ltr'><strong>perficit</strong></span> 
     </span>
     <span class='ocr_line' id='line_1_28' title="bbox 539 3089 1887 3174; baseline -0.002 -21"><span class='ocrx_word' id='word_1_266' title='bbox 539 3093 695 3169; x_wconf 70' lang='lat' dir='ltr'><strong>mundum</strong></span> <span class='ocrx_word' id='word_1_267' title='bbox 727 3093 771 3154; x_wconf 88' lang='lat' dir='ltr'><strong>illi</strong></span> <span class='ocrx_word' id='word_1_268' title='bbox 792 3095 857 3153; x_wconf 81' lang='lat' dir='ltr'><strong>eice</strong></span> <span class='ocrx_word' id='word_1_269' title='bbox 878 3109 967 3151; x_wconf 75' lang='lat' dir='ltr'><strong>saraa</strong></span> <span class='ocrx_word' id='word_1_270' title='bbox 986 3091 1187 3168; x_wconf 75' lang='lat' dir='ltr'><strong>derogandum</strong></span> <span class='ocrx_word' id='word_1_271' title='bbox 1209 3089 1247 3174; x_wconf 85' lang='lat' dir='ltr'><strong>(si</strong></span> <span class='ocrx_word' id='word_1_272' title='bbox 1270 3091 1468 3170; x_wconf 79' lang='lat' dir='ltr'><strong>derogandum</strong></span> <span class='ocrx_word' id='word_1_273' title='bbox 1491 3091 1650 3173; x_wconf 87' lang='lat' dir='ltr'><strong>alterutri),</strong></span> <span class='ocrx_word' id='word_1_274' title='bbox 1682 3092 1763 3170; x_wconf 88' lang='lat' dir='ltr'><strong>qnod</strong></span> <span class='ocrx_word' id='word_1_275' title='bbox 1786 3097 1887 3170; x_wconf 89' lang='lat' dir='ltr'><strong>poste-</strong></span> 
     </span>
     <span class='ocr_line' id='line_1_29' title="bbox 539 3173 1888 3258; baseline -0.004 -17"><span class='ocrx_word' id='word_1_276' title='bbox 539 3183 632 3242; x_wconf 82' lang='lat' dir='ltr'><strong>riores</strong></span> <span class='ocrx_word' id='word_1_277' title='bbox 652 3181 702 3240; x_wconf 82' lang='lat' dir='ltr'><strong>iris</strong></span> <span class='ocrx_word' id='word_1_278' title='bbox 722 3188 822 3258; x_wconf 82' lang='lat' dir='ltr'><strong>partes</strong></span> <span class='ocrx_word' id='word_1_279' title='bbox 842 3188 947 3240; x_wconf 83' lang='lat' dir='ltr'><strong>tenet·</strong></span> <span class='ocrx_word' id='word_1_280' title='bbox 976 3181 1017 3238; x_wconf 76' lang='lat' dir='ltr'><strong>At</strong></span> <span class='ocrx_word' id='word_1_281' title='bbox 1036 3182 1131 3256; x_wconf 73' lang='lat' dir='ltr'><strong>magle</strong></span> <span class='ocrx_word' id='word_1_282' title='bbox 1153 3179 1293 3238; x_wconf 84' lang='lat' dir='ltr'><strong>muudum</strong></span> <span class='ocrx_word' id='word_1_283' title='bbox 1314 3173 1427 3257; x_wconf 76' lang='lat' dir='ltr'><strong>perlicit</strong></span> <span class='ocrx_word' id='word_1_284' title='bbox 1449 3180 1624 3241; x_wconf 72' lang='lat' dir='ltr'><strong>univesaiia</strong></span> <span class='ocrx_word' id='word_1_285' title='bbox 1646 3181 1802 3240; x_wconf 85' lang='lat' dir='ltr'><strong>harmonia</strong></span> <span class='ocrx_word' id='word_1_286' title='bbox 1825 3195 1888 3239; x_wconf 87' lang='lat' dir='ltr'><strong>om·</strong></span> 
     </span>
     <span class='ocr_line' id='line_1_30' title="bbox 540 3267 1888 3346; baseline -0.002 -19"><span class='ocrx_word' id='word_1_287' title='bbox 540 3270 639 3342; x_wconf 79' lang='lat' dir='ltr'><strong>aisn,</strong></span> <span class='ocrx_word' id='word_1_288' title='bbox 667 3285 756 3345; x_wconf 82' lang='lat' dir='ltr'><strong>quam</strong></span> <span class='ocrx_word' id='word_1_289' title='bbox 786 3267 950 3345; x_wconf 78' lang='lat' dir='ltr'><strong>singulares</strong></span> <span class='ocrx_word' id='word_1_290' title='bbox 979 3267 1112 3326; x_wconf 79' lang='grc' dir='ltr'>ιιιιοιιιιιι</span> <span class='ocrx_word' id='word_1_291' title='bbox 1143 3275 1173 3328; x_wconf 86' lang='lat' dir='ltr'><strong>et</strong></span> <span class='ocrx_word' id='word_1_292' title='bbox 1201 3267 1334 3327; x_wconf 81' lang='lat' dir='ltr'><strong>binorum</strong></span> <span class='ocrx_word' id='word_1_293' title='bbox 1356 3270 1518 3329; x_wconf 79' lang='lat' dir='ltr'><strong>vicinorum</strong></span> <span class='ocrx_word' id='word_1_294' title='bbox 1547 3271 1698 3346; x_wconf 70' lang='lat' dir='ltr'><strong>geminae:</strong></span> <span class='ocrx_word' id='word_1_295' title='bbox 1736 3269 1791 3328; x_wconf 81' lang='lat' dir='ltr'><strong>list</strong></span> <span class='ocrx_word' id='word_1_296' title='bbox 1813 3268 1888 3328; x_wconf 88' lang='lat' dir='ltr'><strong>euim</strong></span> 
     </span>
     <span class='ocr_line' id='line_1_31' title="bbox 540 3355 1888 3432; baseline -0.004 -16"><span class='ocrx_word' id='word_1_297' title='bbox 540 3356 695 3416; x_wconf 78' lang='grc' dir='ltr'>Ιιιιιιιιοιιιιι</span> <span class='ocrx_word' id='word_1_298' title='bbox 713 3355 859 3431; x_wconf 82' lang='lat' dir='ltr'><strong>quaedem</strong></span> <span class='ocrx_word' id='word_1_299' title='bbox 882 3356 1004 3414; x_wconf 87' lang='lat' dir='ltr'><strong>unitatis</strong></span> <span class='ocrx_word' id='word_1_300' title='bbox 1024 3355 1117 3429; x_wconf 69' lang='lat' dir='ltr'><strong>ratio,</strong></span> <span class='ocrx_word' id='word_1_301' title='bbox 1145 3356 1238 3432; x_wconf 75' lang='lat' dir='ltr'><strong>magis</strong></span> <span class='ocrx_word' id='word_1_302' title='bbox 1261 3356 1352 3432; x_wconf 80' lang='lat' dir='ltr'><strong>igitur</strong></span> <span class='ocrx_word' id='word_1_303' title='bbox 1372 3357 1445 3415; x_wconf 84' lang='lat' dir='ltr'><strong>uniti</strong></span> <span class='ocrx_word' id='word_1_304' title='bbox 1469 3363 1552 3429; x_wconf 89' lang='lat' dir='ltr'><strong>sunt,</strong></span> <span class='ocrx_word' id='word_1_305' title='bbox 1575 3359 1601 3415; x_wconf 89' lang='lat' dir='ltr'><strong>sl</strong></span> <span class='ocrx_word' id='word_1_306' title='bbox 1624 3371 1726 3416; x_wconf 89' lang='lat' dir='ltr'><strong>omnes</strong></span> <span class='ocrx_word' id='word_1_307' title='bbox 1749 3355 1839 3415; x_wconf 91' lang='lat' dir='ltr'><strong>simul</strong></span> <span class='ocrx_word' id='word_1_308' title='bbox 1860 3356 1888 3410; x_wconf 91' lang='lat' dir='ltr'><strong>in</strong></span> 
     </span>
     <span class='ocr_line' id='line_1_32' title="bbox 541 3441 1887 3520; baseline -0.002 -19"><span class='ocrx_word' id='word_1_309' title='bbox 541 3459 641 3515; x_wconf 76' lang='lat' dir='ltr'><strong>mam,</strong></span> <span class='ocrx_word' id='word_1_310' title='bbox 661 3459 751 3518; x_wconf 70' lang='lat' dir='ltr'><strong>qu</strong></span> <span class='ocrx_word' id='word_1_311' title='bbox 773 3445 799 3502; x_wconf 89' lang='lat' dir='ltr'><strong>si</strong></span> <span class='ocrx_word' id='word_1_312' title='bbox 821 3443 882 3502; x_wconf 89' lang='lat' dir='ltr'><strong>bini</strong></span> <span class='ocrx_word' id='word_1_313' title='bbox 905 3443 1013 3518; x_wconf 82' lang='lat' dir='ltr'><strong>quique</strong></span> <span class='ocrx_word' id='word_1_314' title='bbox 1035 3443 1158 3502; x_wconf 85' lang='lat' dir='ltr'><strong>seorsim</strong></span> <span class='ocrx_word' id='word_1_315' title='bbox 1179 3445 1211 3501; x_wconf 85' lang='grc' dir='ltr'><strong>ιι</strong></span> <span class='ocrx_word' id='word_1_316' title='bbox 1234 3442 1318 3501; x_wconf 82' lang='lat' dir='ltr'><strong>binae</strong></span> <span class='ocrx_word' id='word_1_317' title='bbox 1341 3447 1509 3520; x_wconf 85' lang='lat' dir='ltr'><strong>conspirent</strong></span> <span class='ocrx_word' id='word_1_318' title='bbox 1529 3443 1707 3503; x_wconf 90' lang='lat' dir='ltr'><strong>harmonias.</strong></span> <span class='ocrx_word' id='word_1_319' title='bbox 1739 3441 1838 3518; x_wconf 87' lang='lat' dir='ltr'><strong>Quare</strong></span> <span class='ocrx_word' id='word_1_320' title='bbox 1860 3441 1887 3498; x_wconf 91' lang='lat' dir='ltr'><strong>in</strong></span> 
     </span>
     <span class='ocr_line' id='line_1_33' title="bbox 541 3529 1887 3608; baseline -0.001 -19"><span class='ocrx_word' id='word_1_321' title='bbox 541 3529 678 3590; x_wconf 80' lang='lat' dir='ltr'><strong>conflictu</strong></span> <span class='ocrx_word' id='word_1_322' title='bbox 700 3537 887 3607; x_wconf 87' lang='lat' dir='ltr'><strong>utrarumque</strong></span> <span class='ocrx_word' id='word_1_323' title='bbox 910 3529 1012 3589; x_wconf 86' lang='lat' dir='ltr'><strong>cadere</strong></span> <span class='ocrx_word' id='word_1_324' title='bbox 1034 3529 1198 3589; x_wconf 75' lang='lat' dir='ltr'><strong>debuerunt</strong></span> <span class='ocrx_word' id='word_1_325' title='bbox 1215 3545 1255 3590; x_wconf 84' lang='lat' dir='ltr'><strong>er</strong></span> <span class='ocrx_word' id='word_1_326' title='bbox 1280 3531 1355 3592; x_wconf 88' lang='lat' dir='ltr'><strong>binis</strong></span> <span class='ocrx_word' id='word_1_327' title='bbox 1370 3533 1502 3592; x_wconf 87' lang='lat' dir='ltr'><strong>binorum</strong></span> <span class='ocrx_word' id='word_1_328' title='bbox 1525 3529 1708 3608; x_wconf 83' lang='lat' dir='ltr'><strong>planetarum</strong></span> <span class='ocrx_word' id='word_1_329' title='bbox 1731 3531 1887 3590; x_wconf 84' lang='lat' dir='ltr'><strong>alterutrae</strong></span> 
     </span>
     <span class='ocr_line' id='line_1_34' title="bbox 541 3615 1889 3695; baseline -0.004 -18"><span class='ocrx_word' id='word_1_330' title='bbox 541 3615 720 3695; x_wconf 66' lang='lat' dir='ltr'><strong>siguiarss,</strong></span> <span class='ocrx_word' id='word_1_331' title='bbox 749 3623 785 3675; x_wconf 88' lang='lat' dir='ltr'><strong>nt</strong></span> <span class='ocrx_word' id='word_1_332' title='bbox 804 3625 882 3677; x_wconf 84' lang='lat' dir='ltr'><strong>stare</strong></span> <span class='ocrx_word' id='word_1_333' title='bbox 904 3625 1024 3694; x_wconf 87' lang='lat' dir='ltr'><strong>possent</strong></span> <span class='ocrx_word' id='word_1_334' title='bbox 1044 3616 1226 3678; x_wconf 79' lang='lat' dir='ltr'><strong>universales</strong></span> <span class='ocrx_word' id='word_1_335' title='bbox 1248 3620 1386 3678; x_wconf 86' lang='lat' dir='ltr'><strong>omnium.</strong></span> <span class='ocrx_word' id='word_1_336' title='bbox 1431 3619 1534 3678; x_wconf 87' lang='lat' dir='ltr'><strong>Potina</strong></span> <span class='ocrx_word' id='word_1_337' title='bbox 1558 3625 1656 3678; x_wconf 89' lang='lat' dir='ltr'><strong>autem</strong></span> <span class='ocrx_word' id='word_1_338' title='bbox 1680 3618 1820 3694; x_wconf 83' lang='lat' dir='ltr'><strong>majores,</strong></span> <span class='ocrx_word' id='word_1_339' title='bbox 1844 3615 1889 3674; x_wconf 91' lang='lat' dir='ltr'><strong>di·</strong></span> 
     </span>
     <span class='ocr_line' id='line_1_35' title="bbox 542 3701 1887 3782; baseline -0.004 -17"><span class='ocrx_word' id='word_1_340' title='bbox 542 3706 726 3781; x_wconf 72' lang='lat' dir='ltr'><strong>sergntlu</strong></span> <span class='ocrx_word' id='word_1_341' title='bbox 755 3713 902 3778; x_wconf 79' lang='lat' dir='ltr'><strong>motuum,</strong></span> <span class='ocrx_word' id='word_1_342' title='bbox 930 3703 1034 3764; x_wconf 87' lang='lat' dir='ltr'><strong>cedere</strong></span> <span class='ocrx_word' id='word_1_343' title='bbox 1063 3704 1240 3778; x_wconf 77' lang='lat' dir='ltr'><strong>dobncmnt,</strong></span> <span class='ocrx_word' id='word_1_344' title='bbox 1270 3721 1358 3782; x_wconf 87' lang='lat' dir='ltr'><strong>quam</strong></span> <span class='ocrx_word' id='word_1_345' title='bbox 1389 3708 1530 3780; x_wconf 86' lang='lat' dir='ltr'><strong>minores,</strong></span> <span class='ocrx_word' id='word_1_346' title='bbox 1562 3707 1813 3779; x_wconf 79' lang='lat' dir='ltr'><strong>convergentium.</strong></span> <span class='ocrx_word' id='word_1_347' title='bbox 1858 3701 1887 3762; x_wconf 81' lang='lat' dir='ltr'><strong>Si</strong></span> 
     </span>
     <span class='ocr_line' id='line_1_36' title="bbox 542 3787 1889 3872; baseline -0.003 -19"><span class='ocrx_word' id='word_1_348' title='bbox 542 3794 623 3853; x_wconf 63' lang='lat' dir='ltr'><strong>esan</strong></span> <span class='ocrx_word' id='word_1_349' title='bbox 650 3790 807 3867; x_wconf 65' lang='lat' dir='ltr'><strong>drmgrmt</strong></span> <span class='ocrx_word' id='word_1_350' title='bbox 835 3793 894 3871; x_wconf 87' lang='lat' dir='ltr'><strong>ilii,</strong></span> <span class='ocrx_word' id='word_1_351' title='bbox 921 3799 1057 3868; x_wconf 86' lang='lat' dir='ltr'><strong>spectant</strong></span> <span class='ocrx_word' id='word_1_352' title='bbox 1087 3793 1178 3866; x_wconf 73' lang='lat' dir='ltr'><strong>igitur</strong></span> <span class='ocrx_word' id='word_1_353' title='bbox 1205 3791 1243 3857; x_wconf 86' lang='lat' dir='ltr'><strong>ed</strong></span> <span class='ocrx_word' id='word_1_354' title='bbox 1273 3792 1406 3869; x_wconf 89' lang='lat' dir='ltr'><strong>planetas</strong></span> <span class='ocrx_word' id='word_1_355' title='bbox 1428 3811 1486 3853; x_wconf 91' lang='lat' dir='ltr'><strong>non</strong></span> <span class='ocrx_word' id='word_1_356' title='bbox 1510 3793 1595 3869; x_wconf 85' lang='lat' dir='ltr'><strong>bigae</strong></span> <span class='ocrx_word' id='word_1_357' title='bbox 1621 3793 1807 3872; x_wconf 89' lang='lat' dir='ltr'><strong>propositae,</strong></span> <span class='ocrx_word' id='word_1_358' title='bbox 1839 3787 1889 3850; x_wconf 83' lang='lat' dir='ltr'><strong>sed</strong></span> 
     </span>
     <span class='ocr_line' id='line_1_37' title="bbox 542 3879 1888 3958; baseline -0.004 -18"><span class='ocrx_word' id='word_1_359' title='bbox 542 3879 618 3940; x_wconf 83' lang='lat' dir='ltr'><strong>alies</strong></span> <span class='ocrx_word' id='word_1_360' title='bbox 639 3880 771 3953; x_wconf 79' lang='grc' dir='ltr'>ιιοιιιοι,</span> <span class='ocrx_word' id='word_1_361' title='bbox 800 3888 832 3939; x_wconf 92' lang='lat' dir='ltr'><strong>et</strong></span> <span class='ocrx_word' id='word_1_362' title='bbox 850 3881 875 3937; x_wconf 93' lang='lat' dir='ltr'><strong>si</strong></span> <span class='ocrx_word' id='word_1_363' title='bbox 899 3886 1079 3955; x_wconf 53' lang='lat' dir='ltr'><strong>cesserant</strong></span> <span class='ocrx_word' id='word_1_364' title='bbox 1101 3879 1149 3953; x_wconf 91' lang='lat' dir='ltr'><strong>bi,</strong></span> <span class='ocrx_word' id='word_1_365' title='bbox 1182 3889 1305 3955; x_wconf 77' lang='lat' dir='ltr'><strong>vergunt</strong></span> <span class='ocrx_word' id='word_1_366' title='bbox 1328 3883 1416 3958; x_wconf 76' lang='lat' dir='ltr'><strong>igitur</strong></span> <span class='ocrx_word' id='word_1_367' title='bbox 1437 3881 1604 3940; x_wconf 86' lang='lat' dir='ltr'><strong>alterutrius</strong></span> <span class='ocrx_word' id='word_1_368' title='bbox 1631 3879 1770 3956; x_wconf 81' lang='lat' dir='ltr'><strong>planetae</strong></span> <span class='ocrx_word' id='word_1_369' title='bbox 1792 3886 1888 3938; x_wconf 88' lang='lat' dir='ltr'><strong>motus</strong></span> 
     </span>
     <span class='ocr_line' id='line_1_38' title="bbox 542 3962 1889 4044; baseline -0.004 -17"><span class='ocrx_word' id='word_1_370' title='bbox 542 3966 581 4027; x_wconf 88' lang='lat' dir='ltr'><strong>ad</strong></span> <span class='ocrx_word' id='word_1_371' title='bbox 602 3965 712 4044; x_wconf 70' lang='lat' dir='ltr'><strong>renqui</strong></span> <span class='ocrx_word' id='word_1_372' title='bbox 729 3975 850 4040; x_wconf 63' lang='lat' dir='ltr'><strong>nou,</strong></span> <span class='ocrx_word' id='word_1_373' title='bbox 872 3969 1073 4044; x_wconf 78' lang='lat' dir='ltr'><strong>permutatim:</strong></span> <span class='ocrx_word' id='word_1_374' title='bbox 1103 3973 1137 4027; x_wconf 86' lang='lat' dir='ltr'><strong>st</strong></span> <span class='ocrx_word' id='word_1_375' title='bbox 1158 3969 1188 4026; x_wconf 89' lang='grc' dir='ltr'><strong>ιιι</strong></span> <span class='ocrx_word' id='word_1_376' title='bbox 1212 3965 1391 4042; x_wconf 71' lang='lat' dir='ltr'><strong>rigatoris</strong></span> <span class='ocrx_word' id='word_1_377' title='bbox 1414 3976 1444 4028; x_wconf 90' lang='lat' dir='ltr'><strong>et</strong></span> <span class='ocrx_word' id='word_1_378' title='bbox 1466 3968 1569 4030; x_wconf 83' lang='lat' dir='ltr'><strong>Martie</strong></span> <span class='ocrx_word' id='word_1_379' title='bbox 1593 3965 1672 4026; x_wconf 88' lang='lat' dir='ltr'><strong>illins</strong></span> <span class='ocrx_word' id='word_1_380' title='bbox 1695 3966 1831 4044; x_wconf 86' lang='lat' dir='ltr'><strong>apirciios</strong></span> <span class='ocrx_word' id='word_1_381' title='bbox 1853 3962 1889 4024; x_wconf 90' lang='lat' dir='ltr'><strong>ad</strong></span> 
     </span>
     <span class='ocr_line' id='line_1_39' title="bbox 544 4049 1892 4133; baseline -0.005 -17"><span class='ocrx_word' id='word_1_382' title='bbox 544 4054 719 4128; x_wconf 78' lang='lat' dir='ltr'><strong>Saturnum,</strong></span> <span class='ocrx_word' id='word_1_383' title='bbox 742 4054 829 4130; x_wconf 87' lang='lat' dir='ltr'><strong>hujus</strong></span> <span class='ocrx_word' id='word_1_384' title='bbox 851 4053 1008 4130; x_wconf 87' lang='lat' dir='ltr'><strong>periheliue</strong></span> <span class='ocrx_word' id='word_1_385' title='bbox 1030 4054 1069 4115; x_wconf 90' lang='lat' dir='ltr'><strong>ad</strong></span> <span class='ocrx_word' id='word_1_386' title='bbox 1090 4052 1238 4114; x_wconf 79' lang='lat' dir='ltr'><strong>Tellurem</strong></span> <span class='ocrx_word' id='word_1_387' title='bbox 1260 4057 1371 4132; x_wconf 74' lang='lat' dir='ltr'><strong>rerglt3</strong></span> <span class='ocrx_word' id='word_1_388' title='bbox 1401 4063 1433 4118; x_wconf 88' lang='lat' dir='ltr'><strong>at</strong></span> <span class='ocrx_word' id='word_1_389' title='bbox 1453 4056 1534 4115; x_wconf 90' lang='lat' dir='ltr'><strong>iilius</strong></span> <span class='ocrx_word' id='word_1_390' title='bbox 1554 4053 1713 4133; x_wconf 81' lang='lat' dir='ltr'><strong>peribolirrs</strong></span> <span class='ocrx_word' id='word_1_391' title='bbox 1736 4055 1834 4132; x_wconf 80' lang='lat' dir='ltr'><strong>vergit</strong></span> <span class='ocrx_word' id='word_1_392' title='bbox 1855 4049 1892 4111; x_wconf 92' lang='lat' dir='ltr'><strong>ad</strong></span> 
     </span>
     <span class='ocr_line' id='line_1_40' title="bbox 543 4139 1891 4220; baseline -0.002 -19"><span class='ocrx_word' id='word_1_393' title='bbox 543 4141 685 4215; x_wconf 75' lang='lat' dir='ltr'><strong>ldsstem,</strong></span> <span class='ocrx_word' id='word_1_394' title='bbox 713 4141 802 4219; x_wconf 71' lang='lat' dir='ltr'><strong>bajus</strong></span> <span class='ocrx_word' id='word_1_395' title='bbox 827 4141 964 4218; x_wconf 77' lang='lat' dir='ltr'><strong>aphatias</strong></span> <span class='ocrx_word' id='word_1_396' title='bbox 992 4141 1030 4200; x_wconf 84' lang='lat' dir='ltr'><strong>ad</strong></span> <span class='ocrx_word' id='word_1_397' title='bbox 1060 4140 1177 4202; x_wconf 77' lang='lat' dir='ltr'><strong>dorem.</strong></span> <span class='ocrx_word' id='word_1_398' title='bbox 1224 4141 1340 4200; x_wconf 82' lang='lat' dir='ltr'><strong>Horum</strong></span> <span class='ocrx_word' id='word_1_399' title='bbox 1366 4143 1454 4220; x_wconf 78' lang='lat' dir='ltr'><strong>igitur</strong></span> <span class='ocrx_word' id='word_1_400' title='bbox 1484 4142 1636 4203; x_wconf 77' lang='lat' dir='ltr'><strong>harmonia</strong></span> <span class='ocrx_word' id='word_1_401' title='bbox 1657 4140 1730 4202; x_wconf 82' lang='lat' dir='ltr'><strong>lovi</strong></span> <span class='ocrx_word' id='word_1_402' title='bbox 1752 4147 1783 4201; x_wconf 85' lang='lat' dir='ltr'><strong>et</strong></span> <span class='ocrx_word' id='word_1_403' title='bbox 1804 4139 1891 4200; x_wconf 76' lang='lat' dir='ltr'><strong>Marti</strong></span> 
     </span>
     <span class='ocr_line' id='line_1_41' title="bbox 543 4228 1891 4307; baseline -0.002 -18"><span class='ocrx_word' id='word_1_404' title='bbox 543 4231 639 4306; x_wconf 68' lang='lat' dir='ltr'><strong>sugis</strong></span> <span class='ocrx_word' id='word_1_405' title='bbox 660 4235 707 4289; x_wconf 84' lang='lat' dir='ltr'><strong>est</strong></span> <span class='ocrx_word' id='word_1_406' title='bbox 727 4231 861 4307; x_wconf 71' lang='lat' dir='ltr'><strong>propris,</strong></span> <span class='ocrx_word' id='word_1_407' title='bbox 883 4229 1009 4301; x_wconf 84' lang='lat' dir='ltr'><strong>illorum,</strong></span> <span class='ocrx_word' id='word_1_408' title='bbox 1032 4228 1253 4306; x_wconf 75' lang='lat' dir='ltr'><strong>divergentium,</strong></span> <span class='ocrx_word' id='word_1_409' title='bbox 1276 4228 1429 4289; x_wconf 71' lang='lat' dir='ltr'><strong>immonis</strong></span> <span class='ocrx_word' id='word_1_410' title='bbox 1451 4229 1569 4290; x_wconf 77' lang='lat' dir='ltr'><strong>aleve-</strong></span> <span class='ocrx_word' id='word_1_411' title='bbox 1586 4237 1616 4290; x_wconf 90' lang='lat' dir='ltr'><strong>at</strong></span> <span class='ocrx_word' id='word_1_412' title='bbox 1630 4229 1727 4288; x_wconf 77' lang='lat' dir='ltr'><strong>Marte</strong></span> <span class='ocrx_word' id='word_1_413' title='bbox 1747 4229 1891 4306; x_wconf 85' lang='lat' dir='ltr'><strong>quodam·</strong></span> 
     </span>
     <span class='ocr_line' id='line_1_42' title="bbox 543 4316 1892 4393; baseline -0.004 -16"><span class='ocrx_word' id='word_1_414' title='bbox 543 4316 634 4379; x_wconf 64' lang='lat' dir='ltr'><strong>anob</strong></span> <span class='ocrx_word' id='word_1_415' title='bbox 654 4324 702 4377; x_wconf 84' lang='lat' dir='ltr'><strong>est</strong></span> <span class='ocrx_word' id='word_1_416' title='bbox 720 4316 852 4376; x_wconf 73' lang='lat' dir='ltr'><strong>alhnlor.</strong></span> <span class='ocrx_word' id='word_1_417' title='bbox 875 4317 975 4375; x_wconf 67' lang='lat' dir='ltr'><strong>linas</strong></span> <span class='ocrx_word' id='word_1_418' title='bbox 989 4324 1088 4375; x_wconf 85' lang='lat' dir='ltr'><strong>autern</strong></span> <span class='ocrx_word' id='word_1_419' title='bbox 1109 4316 1282 4376; x_wconf 82' lang='lat' dir='ltr'><strong>laedebatur</strong></span> <span class='ocrx_word' id='word_1_420' title='bbox 1302 4319 1419 4378; x_wconf 86' lang='lat' dir='ltr'><strong>unionis</strong></span> <span class='ocrx_word' id='word_1_421' title='bbox 1442 4319 1526 4391; x_wconf 87' lang='lat' dir='ltr'><strong>ratio,</strong></span> <span class='ocrx_word' id='word_1_422' title='bbox 1549 4332 1626 4393; x_wconf 80' lang='lat' dir='ltr'><strong>qnae</strong></span> <span class='ocrx_word' id='word_1_423' title='bbox 1650 4317 1734 4376; x_wconf 86' lang='lat' dir='ltr'><strong>binos</strong></span> <span class='ocrx_word' id='word_1_424' title='bbox 1757 4325 1787 4376; x_wconf 90' lang='lat' dir='ltr'><strong>et</strong></span> <span class='ocrx_word' id='word_1_425' title='bbox 1807 4317 1892 4372; x_wconf 86' lang='lat' dir='ltr'><strong>binos</strong></span> 
     </span>
     <span class='ocr_line' id='line_1_43' title="bbox 545 4403 1890 4481; baseline -0.003 -16"><span class='ocrx_word' id='word_1_426' title='bbox 545 4407 658 4465; x_wconf 65' lang='lat' dir='ltr'><strong>viduos</strong></span> <span class='ocrx_word' id='word_1_427' title='bbox 679 4403 818 4481; x_wconf 81' lang='lat' dir='ltr'><strong>colligat,</strong></span> <span class='ocrx_word' id='word_1_428' title='bbox 846 4407 872 4464; x_wconf 87' lang='lat' dir='ltr'><strong>ai</strong></span> <span class='ocrx_word' id='word_1_429' title='bbox 893 4405 1016 4464; x_wconf 82' lang='lat' dir='ltr'><strong>alienior</strong></span> <span class='ocrx_word' id='word_1_430' title='bbox 1036 4412 1067 4463; x_wconf 81' lang='lat' dir='ltr'><strong>st</strong></span> <span class='ocrx_word' id='word_1_431' title='bbox 1087 4407 1227 4463; x_wconf 81' lang='lat' dir='ltr'><strong>remotior</strong></span> <span class='ocrx_word' id='word_1_432' title='bbox 1249 4405 1288 4463; x_wconf 91' lang='lat' dir='ltr'><strong>ab</strong></span> <span class='ocrx_word' id='word_1_433' title='bbox 1309 4407 1345 4463; x_wconf 87' lang='lat' dir='ltr'><strong>iis</strong></span> <span class='ocrx_word' id='word_1_434' title='bbox 1367 4405 1521 4464; x_wconf 87' lang='lat' dir='ltr'><strong>harmonia</strong></span> <span class='ocrx_word' id='word_1_435' title='bbox 1542 4405 1779 4477; x_wconf 83' lang='lat' dir='ltr'><strong>launantsretnr,</strong></span> <span class='ocrx_word' id='word_1_436' title='bbox 1804 4417 1890 4479; x_wconf 85' lang='lat' dir='ltr'><strong>qnam</strong></span> 
     </span>
     <span class='ocr_line' id='line_1_44' title="bbox 544 4489 1892 4569; baseline -0.003 -17"><span class='ocrx_word' id='word_1_437' title='bbox 544 4493 720 4569; x_wconf 88' lang='lat' dir='ltr'><strong>sipropris,</strong></span> <span class='ocrx_word' id='word_1_438' title='bbox 742 4508 819 4568; x_wconf 86' lang='lat' dir='ltr'><strong>quae</strong></span> <span class='ocrx_word' id='word_1_439' title='bbox 841 4507 883 4550; x_wconf 85' lang='lat' dir='ltr'><strong>sc.</strong></span> <span class='ocrx_word' id='word_1_440' title='bbox 906 4500 951 4552; x_wconf 88' lang='lat' dir='ltr'><strong>est</strong></span> <span class='ocrx_word' id='word_1_441' title='bbox 972 4493 1048 4549; x_wconf 86' lang='lat' dir='ltr'><strong>iuter</strong></span> <span class='ocrx_word' id='word_1_442' title='bbox 1062 4492 1223 4550; x_wconf 84' lang='lat' dir='ltr'><strong>vicinorum</strong></span> <span class='ocrx_word' id='word_1_443' title='bbox 1246 4491 1429 4568; x_wconf 87' lang='lat' dir='ltr'><strong>planetarum</strong></span> <span class='ocrx_word' id='word_1_444' title='bbox 1442 4500 1541 4552; x_wconf 82' lang='lat' dir='ltr'><strong>motus</strong></span> <span class='ocrx_word' id='word_1_445' title='bbox 1562 4495 1657 4568; x_wconf 78' lang='lat' dir='ltr'><strong>magis</strong></span> <span class='ocrx_word' id='word_1_446' title='bbox 1679 4492 1801 4550; x_wconf 85' lang='lat' dir='ltr'><strong>ricinos.</strong></span> <span class='ocrx_word' id='word_1_447' title='bbox 1832 4489 1892 4549; x_wconf 82' lang='lat' dir='ltr'><strong>Ne-</strong></span> 
     </span>
     <span class='ocr_line' id='line_1_45' title="bbox 545 4578 1892 4656; baseline -0.004 -17"><span class='ocrx_word' id='word_1_448' title='bbox 545 4597 605 4656; x_wconf 75' lang='lat' dir='ltr'><strong>que</strong></span> <span class='ocrx_word' id='word_1_449' title='bbox 625 4586 723 4639; x_wconf 83' lang='lat' dir='ltr'><strong>tamen</strong></span> <span class='ocrx_word' id='word_1_450' title='bbox 745 4578 835 4638; x_wconf 82' lang='lat' dir='ltr'><strong>valdo</strong></span> <span class='ocrx_word' id='word_1_451' title='bbox 855 4595 963 4656; x_wconf 69' lang='lat' dir='ltr'><strong>usgue</strong></span> <span class='ocrx_word' id='word_1_452' title='bbox 985 4578 1039 4637; x_wconf 89' lang='lat' dir='ltr'><strong>init</strong></span> <span class='ocrx_word' id='word_1_453' title='bbox 1060 4578 1134 4637; x_wconf 85' lang='lat' dir='ltr'><strong>baec</strong></span> <span class='ocrx_word' id='word_1_454' title='bbox 1160 4579 1353 4640; x_wconf 81' lang='lat' dir='ltr'><strong>tormentatio.</strong></span> <span class='ocrx_word' id='word_1_455' title='bbox 1399 4581 1523 4639; x_wconf 85' lang='lat' dir='ltr'><strong>inventa</strong></span> <span class='ocrx_word' id='word_1_456' title='bbox 1546 4581 1624 4639; x_wconf 86' lang='lat' dir='ltr'><strong>enim</strong></span> <span class='ocrx_word' id='word_1_457' title='bbox 1645 4587 1690 4638; x_wconf 89' lang='lat' dir='ltr'><strong>est</strong></span> <span class='ocrx_word' id='word_1_458' title='bbox 1710 4579 1804 4652; x_wconf 85' lang='lat' dir='ltr'><strong>ratio,</strong></span> <span class='ocrx_word' id='word_1_459' title='bbox 1835 4591 1892 4653; x_wconf 87' lang='lat' dir='ltr'><strong>qne</strong></span> 
     </span>
     <span class='ocr_line' id='line_1_46' title="bbox 546 4663 1891 4744; baseline -0.004 -17"><span class='ocrx_word' id='word_1_460' title='bbox 546 4675 577 4727; x_wconf 88' lang='lat' dir='ltr'><strong>et</strong></span> <span class='ocrx_word' id='word_1_461' title='bbox 597 4675 709 4727; x_wconf 79' lang='lat' dir='ltr'><strong>staram</strong></span> <span class='ocrx_word' id='word_1_462' title='bbox 730 4666 900 4727; x_wconf 75' lang='lat' dir='ltr'><strong>numeriae</strong></span> <span class='ocrx_word' id='word_1_463' title='bbox 923 4666 1104 4726; x_wconf 81' lang='lat' dir='ltr'><strong>universales</strong></span> <span class='ocrx_word' id='word_1_464' title='bbox 1120 4669 1248 4726; x_wconf 86' lang='lat' dir='ltr'><strong>omniurn</strong></span> <span class='ocrx_word' id='word_1_465' title='bbox 1270 4665 1455 4742; x_wconf 67' lang='lat' dir='ltr'><strong>pinetamm</strong></span> <span class='ocrx_word' id='word_1_466' title='bbox 1471 4683 1583 4744; x_wconf 86' lang='lat' dir='ltr'><strong>eaeque</strong></span> <span class='ocrx_word' id='word_1_467' title='bbox 1599 4666 1801 4726; x_wconf 82' lang='lat' dir='ltr'><strong>distinctorum</strong></span> <span class='ocrx_word' id='word_1_468' title='bbox 1817 4663 1891 4723; x_wconf 84' lang='lat' dir='ltr'><strong>dno·</strong></span> 
     </span>
     <span class='ocr_line' id='line_1_47' title="bbox 546 4751 1891 4831; baseline -0.002 -17"><span class='ocrx_word' id='word_1_469' title='bbox 546 4771 611 4814; x_wconf 80' lang='lat' dir='ltr'><strong>rurs</strong></span> <span class='ocrx_word' id='word_1_470' title='bbox 631 4769 779 4831; x_wconf 66' lang='lat' dir='ltr'><strong>genem</strong></span> <span class='ocrx_word' id='word_1_471' title='bbox 802 4761 833 4819; x_wconf 86' lang='lat' dir='ltr'><strong>at</strong></span> <span class='ocrx_word' id='word_1_472' title='bbox 853 4770 921 4814; x_wconf 89' lang='lat' dir='ltr'><strong>eum</strong></span> <span class='ocrx_word' id='word_1_473' title='bbox 935 4752 1037 4830; x_wconf 87' lang='lat' dir='ltr'><strong>aliqua</strong></span> <span class='ocrx_word' id='word_1_474' title='bbox 1057 4755 1199 4813; x_wconf 85' lang='lat' dir='ltr'><strong>tensicnls</strong></span> <span class='ocrx_word' id='word_1_475' title='bbox 1216 4751 1378 4823; x_wconf 87' lang='lat' dir='ltr'><strong>latitudine,</strong></span> <span class='ocrx_word' id='word_1_476' title='bbox 1393 4771 1471 4831; x_wconf 82' lang='lat' dir='ltr'><strong>qrrae</strong></span> <span class='ocrx_word' id='word_1_477' title='bbox 1488 4755 1591 4814; x_wconf 87' lang='lat' dir='ltr'><strong>saltem</strong></span> <span class='ocrx_word' id='word_1_478' title='bbox 1608 4771 1721 4813; x_wconf 87' lang='lat' dir='ltr'><strong>comme</strong></span> <span class='ocrx_word' id='word_1_479' title='bbox 1744 4757 1891 4829; x_wconf 81' lang='lat' dir='ltr'><strong>aequaret,</strong></span> 
     </span>
     <span class='ocr_line' id='line_1_48' title="bbox 548 4840 1891 4920; baseline -0.004 -18"><span class='ocrx_word' id='word_1_480' title='bbox 548 4849 578 4902; x_wconf 90' lang='lat' dir='ltr'><strong>et</strong></span> <span class='ocrx_word' id='word_1_481' title='bbox 598 4840 763 4918; x_wconf 64' lang='lat' dir='ltr'><strong>anguinea</strong></span> <span class='ocrx_word' id='word_1_482' title='bbox 782 4844 872 4901; x_wconf 69' lang='lat' dir='ltr'><strong>edam</strong></span> <span class='ocrx_word' id='word_1_483' title='bbox 894 4842 1027 4900; x_wconf 73' lang='lat' dir='ltr'><strong>omnmo</strong></span> <span class='ocrx_word' id='word_1_484' title='bbox 1042 4843 1205 4901; x_wconf 82' lang='lat' dir='ltr'><strong>vicinorum</strong></span> <span class='ocrx_word' id='word_1_485' title='bbox 1228 4841 1314 4901; x_wconf 88' lang='lat' dir='ltr'><strong>binae</strong></span> <span class='ocrx_word' id='word_1_486' title='bbox 1330 4849 1542 4920; x_wconf 56' lang='lat' dir='ltr'><strong>assumentum</strong></span> <span class='ocrx_word' id='word_1_487' title='bbox 1564 4842 1803 4918; x_wconf 83' lang='lat' dir='ltr'><strong>coneergeniium</strong></span> <span class='ocrx_word' id='word_1_488' title='bbox 1825 4841 1891 4916; x_wconf 90' lang='lat' dir='ltr'><strong>qni-</strong></span> 
     </span>
     <span class='ocr_line' id='line_1_49' title="bbox 549 4927 1891 5006; baseline -0.004 -17"><span class='ocrx_word' id='word_1_489' title='bbox 549 4929 767 4989; x_wconf 79' lang='lat' dir='ltr'><strong>dsmmstaum</strong></span> <span class='ocrx_word' id='word_1_490' title='bbox 788 4931 819 4987; x_wconf 88' lang='lat' dir='ltr'><strong>in</strong></span> <span class='ocrx_word' id='word_1_491' title='bbox 840 4935 968 5005; x_wconf 82' lang='lat' dir='ltr'><strong>qustuor</strong></span> <span class='ocrx_word' id='word_1_492' title='bbox 988 4930 1073 5005; x_wconf 73' lang='lat' dir='ltr'><strong>bigis,</strong></span> <span class='ocrx_word' id='word_1_493' title='bbox 1096 4929 1258 5006; x_wconf 87' lang='lat' dir='ltr'><strong>perlectae,</strong></span> <span class='ocrx_word' id='word_1_494' title='bbox 1282 4928 1465 5006; x_wconf 76' lang='lat' dir='ltr'><strong>apheliorum</strong></span> <span class='ocrx_word' id='word_1_495' title='bbox 1485 4931 1514 4988; x_wconf 93' lang='grc' dir='ltr'><strong>ιιι</strong></span> <span class='ocrx_word' id='word_1_496' title='bbox 1538 4946 1612 5003; x_wconf 87' lang='lat' dir='ltr'><strong>nna,</strong></span> <span class='ocrx_word' id='word_1_497' title='bbox 1634 4927 1839 5006; x_wconf 84' lang='lat' dir='ltr'><strong>perlbeiiorum</strong></span> <span class='ocrx_word' id='word_1_498' title='bbox 1862 4929 1891 4984; x_wconf 89' lang='lat' dir='ltr'><strong>in</strong></span> 
     </span>
     <span class='ocr_line' id='line_1_50' title="bbox 550 5014 1890 5094; baseline -0.002 -18"><span class='ocrx_word' id='word_1_499' title='bbox 550 5015 673 5090; x_wconf 84' lang='lat' dir='ltr'><strong>duabus,</strong></span> <span class='ocrx_word' id='word_1_500' title='bbox 695 5014 798 5078; x_wconf 84' lang='lat' dir='ltr'><strong>itidem</strong></span> <span class='ocrx_word' id='word_1_501' title='bbox 819 5018 978 5094; x_wconf 70' lang='lat' dir='ltr'><strong>puisetsca</strong></span> <span class='ocrx_word' id='word_1_502' title='bbox 1000 5015 1214 5093; x_wconf 75' lang='lat' dir='ltr'><strong>itrergsnttam</strong></span> <span class='ocrx_word' id='word_1_503' title='bbox 1237 5033 1307 5077; x_wconf 86' lang='lat' dir='ltr'><strong>vero</strong></span> <span class='ocrx_word' id='word_1_504' title='bbox 1329 5019 1359 5076; x_wconf 92' lang='lat' dir='ltr'><strong>in</strong></span> <span class='ocrx_word' id='word_1_505' title='bbox 1372 5025 1499 5094; x_wconf 85' lang='lat' dir='ltr'><strong>quatuor</strong></span> <span class='ocrx_word' id='word_1_506' title='bbox 1521 5017 1606 5094; x_wconf 75' lang='lat' dir='ltr'><strong>bigis,</strong></span> <span class='ocrx_word' id='word_1_507' title='bbox 1628 5017 1703 5075; x_wconf 86' lang='lat' dir='ltr'><strong>inira</strong></span> <span class='ocrx_word' id='word_1_508' title='bbox 1724 5015 1890 5092; x_wconf 76' lang='lat' dir='ltr'><strong>discrepan-</strong></span> 
     </span>
     <span class='ocr_line' id='line_1_51' title="bbox 550 5101 1887 5181; baseline -0.002 -18"><span class='ocrx_word' id='word_1_509' title='bbox 550 5105 621 5163; x_wconf 88' lang='lat' dir='ltr'><strong>tiam</strong></span> <span class='ocrx_word' id='word_1_510' title='bbox 642 5104 729 5166; x_wconf 87' lang='lat' dir='ltr'><strong>uulus</strong></span> <span class='ocrx_word' id='word_1_511' title='bbox 751 5101 875 5180; x_wconf 75' lang='lat' dir='ltr'><strong>dacos,</strong></span> <span class='ocrx_word' id='word_1_512' title='bbox 897 5103 1045 5179; x_wconf 84' lang='lat' dir='ltr'><strong>intervalli</strong></span> <span class='ocrx_word' id='word_1_513' title='bbox 1067 5105 1187 5180; x_wconf 89' lang='lat' dir='ltr'><strong>minimi,</strong></span> <span class='ocrx_word' id='word_1_514' title='bbox 1211 5110 1352 5181; x_wconf 86' lang='lat' dir='ltr'><strong>qnantum</strong></span> <span class='ocrx_word' id='word_1_515' title='bbox 1373 5105 1502 5166; x_wconf 85' lang='lat' dir='ltr'><strong>bumana</strong></span> <span class='ocrx_word' id='word_1_516' title='bbox 1526 5120 1583 5164; x_wconf 86' lang='lat' dir='ltr'><strong>vox</strong></span> <span class='ocrx_word' id='word_1_517' title='bbox 1605 5104 1638 5163; x_wconf 90' lang='lat' dir='ltr'><strong>in</strong></span> <span class='ocrx_word' id='word_1_518' title='bbox 1658 5110 1747 5164; x_wconf 84' lang='lat' dir='ltr'><strong>cantu</strong></span> <span class='ocrx_word' id='word_1_519' title='bbox 1768 5102 1887 5180; x_wconf 63' lang='lat' dir='ltr'><strong>demate</strong></span> 
     </span>
    </p>
   </div>
   <div class='ocr_carea' id='block_1_3' title="bbox 0 0 2257 6192">
    <p class='ocr_par' dir='ltr' id='par_1_5' title="bbox 0 0 2257 6192">
     <span class='ocr_line' id='line_1_52' title="bbox 0 0 2257 6192; baseline 0 0"><span class='ocrx_word' id='word_1_520' title='bbox 0 0 2257 6192; x_wconf 95' lang='lat' dir='ltr'><strong> </strong></span> 
     </span>
    </p>
   </div>
  </div>
 </body>
</html>
