4467 6192
882 654 965 712 luber
981 656 1028 712 1v.
1047 656 1136 726 caput
1152 656 1211 713 vu
1656 664 1719 725 268

357 834 489 910 stigsrit
510 834 640 894 animum
662 832 702 895 ad
722 833 854 896 laborem
875 833 1055 895 indefessum
1070 837 1214 912 euntque
1231 834 1407 897 desiderium
1422 835 1554 913 sciendi;
1574 836 1718 897 breritsrr

358 938 422 980 non
446 924 602 998 inspiravit
623 924 767 995 mimum,
790 940 851 983 non
873 921 965 983 ullam
987 922 1130 983 dictarum
1151 922 1199 984 bie
1220 923 1405 998 facultatum,
1429 923 1481 985 sed
1504 925 1620 985 exolvit.
1635 919 1675 1000 ¹⁶)

452 1009 496 1067 Ex
519 1026 579 1085 qno
601 1010 736 1086 exemplo
757 1010 845 1071 facile
867 1012 962 1069 cnivis
985 1017 1076 1087 patet,
1100 1027 1188 1088 qnam
1212 1011 1312 1088 procul
1336 1012 1413 1071 absit
1435 1013 1472 1071 ab
1491 1028 1526 1072 eo
1549 1010 1718 1089 astrologia,

273 1165 277 1169 Α
359 1103 397 1155 nt
419 1096 461 1155 ad
483 1100 582 1173 capita
602 1096 671 1171 illa,
699 1096 791 1174 vulgo
807 1099 944 1180 'proponi
971 1096 1073 1164 solitar
1104 1098 1141 1157 de
1163 1097 1361 1174 Parentibus,
1392 1098 1428 1159 de
1451 1098 1550 1173 Em,
1578 1099 1615 1159 de
1638 1099 1720 1161 Serb-

356 1188 493 1258 stontr'o,
523 1178 559 1244 de
580 1184 711 1259 Liberis,
738 1184 775 1243 de
795 1202 926 1246 mmero
953 1183 1105 1260 Ueronam,
1136 1185 1172 1245 de
1198 1186 1372 1262 Reliqtooe,
1403 1186 1439 1245 de
1462 1184 1650 1263 Magister-io,
1683 1187 1720 1247 ds

363 1273 501 1344 ,amicta
523 1272 560 1331 de
582 1271 734 1345 Inimieis,
757 1271 794 1331 de
814 1272 1134 1357 Hoereditotibut,lde
1156 1273 1308 1346 Familia,
1332 1273 1367 1331 de
1388 1273 1591 1355 Regionibus,
1613 1274 1649 1335 tls
1671 1276 1719 1334 in·

360 1358 458 1418 finitis
479 1358 546 1419 aliis
570 1376 605 1418 ex
628 1376 688 1419 uno
710 1359 776 1420 solo
800 1359 928 1421 themate
950 1359 1135 1437 genethliaco
1158 1360 1335 1437 respondere
1356 1371 1458 1422 exacte
1480 1363 1582 1439 possit.

450 1447 497 1507 D'e
518 1450 598 1506 vitae
620 1445 739 1523 qnidam
761 1446 953 1523 longitudine,
978 1456 1123 1524 quatenus
1145 1450 1339 1525 pronunciare
1354 1452 1448 1525 possit
1462 1449 1637 1526 astrologus,
1659 1447 1718 1509 hoc

359 1542 415 1607 est,
441 1550 519 1611 qnae
541 1536 648 1593 sitris
670 1534 871 1607 directionum,
894 1534 991 1595 dicam
1012 1533 1102 1613 paulo
1126 1544 1201 1612 post.
1248 1536 1293 1595 De
1313 1535 1443 1596 Fortuna
1464 1553 1534 1596 vero
1556 1538 1618 1595 nati
1641 1552 1719 1597 nuno

357 1623 486 1681 seorsim
507 1620 619 1697 aliquid
641 1621 797 1682 dicendum
819 1622 918 1697 rideo,
940 1631 1171 1684 consentaneum
1193 1640 1283 1700 supra
1305 1622 1398 1683 dietis.
1445 1623 1516 1683 'fria
1538 1631 1625 1698 aunt,
1649 1626 1718 1701 qui-

358 1712 417 1769 bus
441 1710 494 1769 niti
517 1708 633 1769 ridetur
655 1710 781 1769 bominis
803 1710 928 1783 fortuna,
952 1709 1052 1787 quoad
1074 1712 1234 1770 naturalia:
1258 1713 1381 1785 animus,
1405 1712 1629 1788 physiognomia
1651 1725 1717 1772 eor·

357 1799 444 1874 poris
466 1804 497 1856 et
517 1797 623 1872 genius
644 1797 791 1873 tutelaris3
823 1814 946 1879 quorum
973 1797 1127 1875 deprimo
1155 1815 1241 1859 asmo
1263 1797 1395 1869 dubitat,
1427 1798 1551 1859 alterum
1574 1796 1717 1861 occultius

356 1901 417 1944 nee
439 1886 482 1944 ita
503 1884 595 1961 vulgo
616 1893 719 1945 notum
741 1892 801 1958 ast,
825 1884 862 1945 de
884 1886 970 1945 tertio
993 1885 1066 1943 nlbfl
1088 1881 1145 1945 nisi
1167 1887 1350 1962 conjecturas
1374 1886 1475 1946 afferre
1497 1902 1626 1963 possum.
1671 1886 1717 1946 Do
1829 1876 1830 1883 ἵ

357 1973 457 2049 primo
478 1971 620 2032 hactonus
643 1975 770 2048 egimm,
794 1971 831 2032 de
853 1974 953 2033 animo
975 1973 1104 2046 scilieet,
1130 1990 1164 2032 ex
1188 1990 1247 2050 quo
1270 1989 1364 2033 mores
1387 1972 1564 2053 depannant,
1588 1973 1624 2033 de
1647 1976 1716 2048 qui-

358 2060 417 2119 bus
441 2058 525 2135 vulgi
546 2060 734 2137 proverbium
756 2061 856 2119 tritum
878 2067 938 2132 ost,
969 2060 1050 2135 quod
1072 2058 1197 2135 quilibet
1218 2064 1258 2119 sit
1279 2062 1412 2121 fortunae
1434 2078 1506 2121 suae
1528 2061 1623 2135 faber,
1655 2077 1714 2137 quo

358 2146 442 2210 dicto
470 2164 585 2206 summa
613 2151 703 2206 totins
731 2147 820 2223 bujes
849 2147 1173 2225 philosophiae-partis
1197 2151 1370 2209 continetur.
1417 2149 1481 2225 Age
1511 2151 1598 2217 enim,
1625 2166 1715 2207 unum

357 2251 455 2311 genna
478 2237 627 2293 actionum
649 2251 829 2310 morumque,
851 2237 933 2311 prius
956 2237 1044 2294 otiam
1067 2229 1338 2312 exemplofemlnae
1353 2244 1472 2311 tactum,
1496 2236 1562 2296 loeo
1586 2238 1714 2296 omnium

356 2324 397 2381 ob
420 2320 524 2380 oculos
546 2329 723 2381 statuamus.
771 2323 821 2381 Sic
843 2325 920 2382 enim
943 2330 1012 2381 sunt
1033 2331 1222 2399 comparatas
1244 2340 1290 2383 res
1314 2324 1473 2397 humanae,
1498 2332 1531 2384 ut
1552 2334 1717 2383 crassorum
1736 2376 1763 2393 ,,

354 2418 386 2469 et
408 2408 591 2486 populariter
612 2412 790 2487 sapientium
814 2409 976 2482 bominum,
998 2426 1058 2473 noa
1080 2413 1110 2468 in
1129 2410 1219 2487 vulgo
1243 2419 1366 2483 mntem,
1390 2412 1546 2471 sedetiam
1570 2412 1600 2470 in
1621 2413 1718 2488 magi·

353 2497 501 2556 stratmus
522 2498 612 2573 inque
633 2513 716 2557 sacro
740 2496 850 2571 ordine,
874 2514 990 2575 semper
1012 2513 1120 2573 magna
1143 2500 1230 2575 copia
1253 2501 1306 2567 sit,
1330 2500 1437 2576 quibus
1461 2499 1591 2572 discreti,
1615 2501 1716 2574 oritief,

353 2583 563 2644 reformatores
587 2584 705 2645 molesti
727 2594 796 2643 sunt
816 2602 929 2662 proquo
952 2584 1204 2663 vitilitigatoribue
1219 2585 1372 2645 habentur.
1420 2585 1458 2646 Ut
1473 2588 1561 2662 igitur
1577 2602 1719 2664 prospera

354 2674 424 2748 quis
449 2678 550 2731 utatm
571 2672 703 2745 fortuna,
732 2690 769 2733 oa
791 2671 876 2747 dico,
908 2690 986 2750 quse
1015 2680 1061 2733 est
1087 2691 1124 2733 en
1142 2673 1300 2732 bominum
1325 2674 1474 2748 coetibus,
1505 2673 1576 2734 buic
1608 2677 1661 2746 etsi
1686 2682 1715 2735 et

350 2758 469 2836 jndicio
493 2759 531 2818 de
553 2758 714 2819 moralibus
736 2768 817 2819 recto
839 2769 870 2821 et
891 2758 992 2821 labore
1015 2759 1218 2837 industriaque
1243 2762 1271 2819 in
1295 2761 1382 2821 rebus
1404 2762 1549 2838 propriis,
1579 2779 1600 2819 a
1622 2758 1714 2838 vulgo

355 2848 496 2922 secretis,
519 2864 594 2923 opus
617 2848 736 2907 omnino
758 2856 820 2920 est,
843 2855 960 2924 oportet
982 2855 1080 2908 mmsn
1102 2848 1201 2909 animo
1224 2847 1410 2926 pinguedinis
1436 2847 1550 2923 aliquid
1572 2864 1637 2907 esse
1659 2848 1716 2908 ad·

354 2936 492 3008 mixtum,
516 2942 632 3011 oportet
653 2948 749 2994 mores
772 2937 798 2994 ei
821 2936 981 3012 populares
1002 2935 1181 3011 modumque
1197 2934 1304 3011 agendi
1327 2935 1418 2995 talem
1441 2952 1515 3009 esse,
1542 2936 1592 3011 qui
1616 2951 1714 2995 crasso

354 3020 475 3100 populo
493 3020 628 3098 placeam
657 3022 746 3081 enini
775 3024 897 3089 nimium
919 3023 1044 3089 subtiles
1074 3032 1104 3083 at
1125 3024 1265 3099 inquieti,
1298 3025 1355 3083 nisi
1377 3040 1408 3082 se
1431 3026 1575 3099 recipiant
1600 3023 1630 3078 in
1654 3022 1712 3080 ali-

354 3128 446 3187 quem
468 3126 618 3169 secessum
640 3108 803 3170 studiorum
826 3110 898 3186 (boc
920 3113 986 3185 ipso
1008 3111 1140 3188 despecti
1162 3117 1192 3169 et
1214 3112 1384 3185 contemti),
1414 3127 1512 3170 creare
1535 3109 1592 3169 sibi
1614 3108 1712 3169 solent

354 3198 528 3256 infortunia.
574 3196 680 3273 Itaque
701 3199 727 3256 si
750 3200 820 3274 quis
840 3214 876 3257 ex
899 3196 994 3274 figura
1015 3197 1090 3258 coefi
1112 3198 1300 3274 genethliaca
1329 3196 1512 3273 conjecturas
1535 3197 1625 3257 babet
1647 3197 1713 3256 suf·

355 3285 493 3344 fieientes
522 3283 558 3344 de
581 3285 773 3360 qualitatibus
797 3287 900 3357 animi,
930 3286 1128 3361 conjecturam
1160 3289 1185 3344 is
1207 3289 1295 3346 etiam
1326 3284 1362 3345 de
1385 3284 1503 3345 fortuna
1532 3284 1658 3343 hominis
1681 3286 1712 3343 in

356 3387 468 3449 genere
491 3370 580 3430 faciet
600 3387 658 3432 non
681 3376 820 3451 ineptam,
843 3372 895 3432 sed
918 3373 1116 3447 conjecturam
1139 3371 1231 3432 solam
1255 3374 1464 3452 praetereaque
1487 3370 1574 3447 nibfl;
1600 3372 1713 3432 scillcet

354 3458 419 3519 falli
444 3460 534 3519 etiam
549 3458 601 3518 lllo
616 3466 721 3537 potest,
744 3467 862 3537 propter
875 3462 1070 3521 interventum
1091 3459 1219 3539 plurium
1239 3478 1402 3535 causarum,
1426 3467 1485 3519 tam
1501 3468 1712 3537 supernatura-

355 3547 447 3616 lium,
476 3564 566 3622 qeam
588 3546 773 3607 naturalium.
818 3547 894 3610 Nam
922 3556 956 3607 ut
976 3549 1102 3608 altemm
1123 3549 1257 3608 fortunae
1280 3542 1410 3608 hominis
1432 3547 1652 3631 fundamentum
1676 3564 1712 3607 er

356 3635 560 3711 superioribus
590 3651 753 3709 accersam,
785 3635 984 3710 dignationem
1014 3653 1055 3695 so.
1085 3636 1202 3711 vultus,
1236 3637 1406 3712 imaginatio
1437 3636 1556 3712 quidem
1586 3644 1712 3695 matrum

355 3722 517 3799 plurimum
547 3720 636 3798 bujus
664 3722 778 3782 confort
809 3723 899 3782 foetni
923 3730 985 3781 toto
1008 3726 1182 3799 gestationis
1205 3731 1349 3801 tempore,
1381 3732 1413 3782 ut
1441 3728 1531 3802 saepe'
1554 3718 1712 3783 infelicium

355 3816 513 3887 parentum
536 3806 682 3888 (adeoquo
705 3818 735 3870 st
756 3808 883 3869 aliorum
903 3808 1054 3869 bominum
1075 3809 1296 3883 animalinmve,
1321 3812 1422 3870 crebro
1446 3818 1475 3870 et
1498 3828 1563 3870 oum
1580 3809 1712 3887 emphasi

354 3898 591 3975 praegnantibus
613 3894 845 3976 obversantium)
875 3904 905 3957 et
933 3897 1033 3956 vultus
1052 3907 1091 3956 et
1117 3912 1214 3959 mores
1243 3906 1272 3958 et
1299 3897 1372 3957 illis·
1389 3897 1585 3959 fundamentis
1613 3899 1713 3957 innixa

355 3986 478 4045 fortuna
500 3984 661 4045 consimilis
687 3985 930 4044 transferatur'in
953 3984 1074 4044 foetum.
1120 3985 1179 4045 Sed
1208 3994 1307 4045 tamen
1336 3990 1481 4063 utsupra
1508 3983 1713 4063 paradigmata

354 4073 501 4133 montefia
522 4071 619 4131 Procli
642 4072 913 4149 multiplicabantur
934 4073 963 4129 fn
987 4071 1143 4145 animalia,
1169 4072 1286 4152 vitalia,
1308 4068 1443 4145 mobilia,
1472 4072 1649 4150 complicata
1669 4088 1711 4135 sc.

355 4160 434 4220 ideis
455 4162 538 4218 vitae
560 4167 767 4237 motuumque,
790 4161 834 4220 sio
856 4160 944 4220 etiam
967 4158 1016 4219 bio
1037 4159 1188 4219 obaraoter
1210 4160 1284 4221 coeli
1307 4159 1510 4235 genethliacus
1533 4162 1712 4235 immergitur

356 4250 385 4306 in
409 4250 542 4323 speeiem
564 4247 665 4306 vultus
688 4246 804 4307 occulta
825 4249 856 4305 ri
879 4248 1029 4306 facultatis
1051 4247 1233 4309 formatricis·
1248 4248 1474 4325 agnosciturqne
1498 4266 1533 4306 ex
1549 4248 1609 4307 nati
1626 4245 1710 4305 ruha

355 4333 520 4395 occultiora
549 4333 647 4394 adbuc
675 4336 871 4413 spectantium
895 4326 1054 4408 'instinctu,
1087 4334 1250 4411 videasque
1278 4335 1319 4395 sd
1339 4351 1408 4415 eos,
1438 4336 1488 4410 qui
1511 4336 1567 4393 sub
1589 4332 1711 4411 copulas

354 4422 486 4501 plurium
517 4422 701 4498 planetarum
732 4430 803 4481 anto
833 4420 932 4481 Solem
963 4430 1123 4481 nascuntur
1151 4421 1344 4503 (topopoptue
1374 4421 1525 4498 appellent
1559 4416 1712 4497 astrologi)

356 4509 494 4588 copulari
516 4510 620 4582 otiam,
653 4510 746 4569 veluti
768 4510 880 4569 fascino
903 4509 1044 4585 quodam,
1075 4517 1177 4570 coetus
1207 4511 1356 4570 bominum
1379 4508 1573 4585 popularium.
1619 4505 1711 4582 Cujus

355 4601 397 4658 rei
421 4594 590 4673 exemplum
614 4597 651 4656 ad
673 4614 790 4657 omnem
812 4599 994 4673 posteritatis
1007 4600 1177 4667 memoriam
1194 4596 1427 4658 commendatum
1450 4594 1548 4654 ridere
1564 4600 1608 4654 est
1631 4594 1711 4671 epud

354 4685 440 4745 Hier.
466 4673 633 4745 (lardarium
654 4687 686 4743 in
708 4686 809 4761 genesi
833 4684 970 4743 inniberi:
983 4680 1023 4759 ¹⁷)
1046 4702 1216 4761 quanquam
1239 4702 1345 4745 censae
1360 4691 1456 4741 motus
1479 4680 1589 4759 publici
1611 4682 1710 4759 plures

355 4780 575 4834 concurrerunt.
622 4771 680 4847 Qui
703 4774 746 4831 sio
767 4779 927 4833 nascuntur
950 4768 1136 4853 (quanquam
1165 4789 1223 4830 non
1246 4786 1306 4830 una
1329 4777 1408 4831 certe
1436 4771 1529 4833 forms
1551 4771 1710 4847 praescribi

354 4862 481 4940 potest),
504 4859 662 4936 plurimum
684 4860 706 4917 ii
729 4859 831 4919 valent
851 4862 1027 4919 anctoritate
1049 4857 1129 4935 apud
1149 4858 1305 4935 populum,
1331 4857 1488 4936 plurimum
1510 4858 1657 4933 suffragiis
1679 4858 1709 4915 in

356 4946 493 5019 oonsilio,
518 4946 675 5025 plurimum
697 4949 794 5025 gratia
817 4946 896 5023 apud
918 4947 1064 5022 principos
1086 4946 1169 5021 reip,
1195 4960 1323 5021 quorum
1345 4943 1514 5022 quidemst
1536 4954 1640 5005 natura
1662 4959 1710 5005 re-

354 5034 500 5115 spondet,
530 5036 633 5112 itsqne
665 5051 755 5113 saepe
776 5034 893 5105 fortuna
921 5040 981 5093 stat
1002 5049 1022 5093 a
1043 5032 1176 5117 partibus
1198 5034 1348 5109 immeriti,
1376 5050 1473 5113 noque
1505 5032 1576 5122 allis
1595 5031 1711 5120 ldopolq
