4467 6192
538 668 601 740 ²⁰8
974 666 1017 721 Da
1033 664 1257 737 Propertiouibm
1274 664 1452 722 Harmonicis.
1470 626 1473 633 .

480 830 483 838 ’
538 842 588 917 qui
610 842 654 901 ,iis
681 840 827 901 accidunt.
869 842 946 902 Nam
967 860 1044 920 quae
1067 843 1200 904 Rudinus
1226 842 1367 903 hactenus
1398 846 1427 903 in
1446 844 1565 921 judiciis
1588 852 1819 923 temperamenta
1841 842 1887 905 de-

538 929 695 1004 sideravit,
725 948 761 990 aa
782 932 1042 1007 provocationibus
1071 932 1190 992 tandem
1222 930 1261 989 ad
1291 932 1385 1007 ipsum
1409 935 1480 1009 reip.
1504 949 1650 993 aurnmum
1679 932 1889 993 moderatorem

410 1030 416 1041 ⁸
538 1012 743 1077 devolvuntur.
789 1018 888 1094 Atque
916 1025 985 1078 tuuc
1013 1018 1077 1095 ille,
1108 1037 1174 1079 cum
1197 1020 1449 1095 proportionibus,
1479 1037 1553 1097 quas
1575 1019 1749 1081 Aristoteles
1773 1019 1890 1098 judicis

539 1113 569 1163 et
584 1104 723 1179 'irretitiae
739 1104 828 1179 dedit,
851 1106 983 1181 derogat,
1004 1122 1062 1165 non
1082 1108 1145 1183 jam
1157 1106 1281 1184 judicat,
1303 1106 1355 1165 sed
1371 1107 1468 1167 oliicio
1487 1110 1629 1187 superiori
1645 1110 1785 1185 iungitur,
1808 1116 1891 1167 tuens

538 1208 629 1268 remp.
653 1202 684 1252 et
705 1192 822 1268 singola
844 1193 908 1269 ejus
930 1194 1068 1253 membra.
1112 1194 1192 1253 Huic
1214 1211 1285 1253 saue
1307 1194 1491 1267 moderatori,
1515 1199 1578 1257 sive
1602 1213 1653 1256 rex
1675 1198 1712 1255 sit
1734 1200 1800 1256 sive
1816 1197 1891 1273 opti-

537 1288 631 1339 mutes
653 1281 716 1339 aive
738 1280 866 1357 populus
888 1283 1058 1355 universus,
1089 1298 1144 1358 ego
1168 1282 1321 1341 suaderem
1351 1284 1556 1359 proportiones
1578 1282 1780 1356 harmonicas,
1813 1283 1891 1343 nullo

537 1369 732 1442 geometricae
755 1366 940 1444 analogiae„
957 1369 1039 1427 nullo
1062 1370 1263 1431 arithmeticae
1286 1369 1491 1445 aequalitatis,
1520 1370 1573 1431 sed
1596 1368 1676 1429 nudo
1699 1379 1891 1431 concentuum

536 1464 680 1531 respectu,
699 1455 890 1532 juberemque
905 1463 939 1515 ut
952 1456 1075 1515 subtiles
1089 1457 1156 1516 illas
1171 1456 1324 1533 analogias
1341 1457 1515 1517 harmonicis
1531 1458 1728 1532 concentibus,
1755 1462 1799 1518 sic
1824 1460 1892 1535 rigi·

537 1541 605 1603 urm
634 1545 785 1619 utriusque
809 1544 944 1619 justitiae
966 1543 1247 1604 administrationem
1278 1547 1399 1604 summis
1428 1548 1557 1621 imperiis
1589 1553 1618 1607 et
1646 1536 1736 1605 saluti
1768 1548 1844 1623 reip.
1866 1549 1892 1604 in

536 1629 602 1690 loco
625 1629 737 1691 cedere.
781 1630 861 1689 Proh
884 1631 990 1705 Deum,
1014 1639 1126 1708 quanta
1139 1631 1187 1692 hi'c
1203 1632 1431 1709 disputationum
1447 1650 1542 1710 seges,
1566 1636 1591 1695 si
1611 1636 1677 1710 quis
1694 1632 1892 1710 comparando

536 1733 589 1795 per
610 1716 726 1794 singula
748 1717 839 1779 vellet
861 1718 928 1778 ire-‘i-
970 1718 1132 1779 Considera
1147 1736 1174 1777 n.
1198 1727 1332 1779 naturam
1351 1723 1502 1797 utriusque
1517 1724 1569 1781 rei.
1615 1720 1805 1781 Geometrica
1821 1740 1894 1782 ana·

535 1805 617 1882 logia
639 1808 800 1866 communis
823 1813 868 1866 est
888 1808 1017 1866 numeria
1040 1813 1069 1866 et
1091 1809 1250 1883 quantitati
1272 1809 1435 1878 continuae,
1459 1812 1502 1867 sic
1519 1816 1551 1867 ut
1571 1810 1718 1885 posterius
1740 1810 1771 1867 in
1787 1827 1894 1869 nume·

536 1909 585 1952 ros
607 1896 722 1969 veniat,
753 1903 823 1953 tuuc
851 1894 1004 1968 nimirum,
1039 1911 1104 1954 cnm
1133 1894 1269 1972 figuratio
1298 1896 1509 1972 quantitatibus
1538 1895 1595 1955 hoc
1617 1895 1683 1969 dat,
1715 1906 1748 1955 ut
1770 1914 1893 1957 numero

536 1981 628 2041 efferri
651 1984 774 2058 possint
819 1980 889 2041 Jam
912 1982 1084 2042 creberrime
1107 1981 1148 2056 fit,
1173 1989 1206 2041 ut
1229 1982 1389 2043 ineffabiles
1412 1986 1471 2043 sint
1493 1985 1605 2043 termini
1629 1983 1799 2060 analogiam
1821 2002 1894 2063 gao-

535 2070 685 2129 metricom
699 2067 854 2145 complexi,
876 2077 906 2129 et
927 2086 987 2147 quo
1008 2068 1211 2147 progredimur
1232 2070 1363 2146 lougius,
1386 2070 1443 2130 hoc
1465 2073 1559 2147 magia
1581 2071 1619 2131 ab
1642 2071 1820 2133 estabilitate
1844 2072 1895 2132 de·

536 2165 684 2233 generent.
728 2157 920 2217 Ecootrario
942 2159 1069 2217 numeris
1093 2158 1173 2217 effari
1197 2164 1295 2234 potest
1318 2159 1411 2218 omnis
1432 2158 1601 2219 harmonion
1614 2161 1776 2236 proportio.
1816 2158 1894 2236 Quid

536 2244 594 2305 boc
615 2246 673 2304 sibi
696 2244 760 2304 vult
782 2244 863 2303 aliud
886 2244 924 2304 ad
946 2244 1068 2322 politica
1090 2245 1284 2322 applicatum,
1314 2263 1402 2322 quam
1425 2248 1584 2307 sententiae
1603 2246 1736 2323 judicum
1759 2246 1895 2324 justissi-

536 2348 601 2391 mas
631 2332 728 2408 adque
756 2331 854 2408 legum
882 2334 1102 2410 aequitatisque
1134 2350 1264 2393 normam
1287 2334 1528 2394 ventilationibus
1553 2334 1789 2411 iurisperitorum
1821 2336 1895 2394 eub-

536 2418 670 2479 tilisslma
693 2426 813 2479 exactas
837 2437 902 2480 esse
924 2427 1075 2497 oportera;
1097 2420 1328 2482 moderationem
1359 2428 1459 2481 contra
1480 2424 1552 2498 reip.
1575 2420 1700 2481 solutum
1722 2425 1818 2481 tantis
1842 2440 1896 2482 ne-

537 2508 732 2582 cessitutibus,
755 2515 843 2584 prout
865 2517 997 2585 tempora
1018 2508 1136 2580 luerint,
1159 2512 1222 2568 sinc
1237 2508 1330 2569 multo
1345 2511 1466 2587 strepitu
1490 2509 1528 2571 ad
1548 2508 1672 2568 salutem
1688 2511 1897 2569 universorum

536 2594 678 2654 arbitratu
699 2596 869 2672 imperantis
890 2595 1178 2656 accommodandam.
1223 2595 1282 2655 Hic
1297 2596 1461 2657 diducenda
1480 2604 1558 2657 esset
1572 2599 1706 2674 quaestio
1729 2598 1760 2655 in
1784 2606 1898 2673 partes,

451 2676 455 2681 ’
536 2679 684 2758 quomodo
707 2681 908 2747 arithmeticae
929 2685 1142 2760 progressionis
1164 2685 1239 2743 ratio
1261 2684 1350 2757 rudis,
1373 2684 1436 2743 sine
1455 2683 1548 2743 nobili
1571 2684 1673 2761 aliqua
1693 2685 1798 2758 forma,
1825 2684 1898 2744 solis

535 2772 676 2832 materias
698 2769 927 2831 dimensionibus
950 2773 1096 2845 insistens,
1120 2773 1308 2846 commerciis,
1332 2771 1464 2848 opificiis,
1487 2774 1578 2832 victui
1601 2770 1719 2848 prebejo
1740 2772 1898 2832 assimila-

535 2865 623 2932 retur,
644 2859 827 2935 geometrica·
843 2859 1005 2918 similitudo
1028 2859 1137 2937 (legem
1154 2876 1242 2919 uuam
1256 2858 1350 2925 solam
1366 2859 1535 2933 observans,
1558 2874 1613 2918 nec
1632 2860 1791 2936 quicquam
1809 2862 1897 2937 pensi

533 2943 658 3020 babens,
680 2945 768 3021 linea,
792 2964 880 3023 quam
903 2949 1040 3021 intuetur,
1063 2946 1143 3006 latus
1166 2946 1379 3024 quinquanguli
1403 2949 1501 3006 sitan
1524 2947 1675 3023 trianguli,
1699 2946 1836 3007 effabilis
1859 2965 1897 3008 au

538 3029 712 3116 ineffabilis)
740 3033 865 3111 simplex
890 3032 1022 3111 judicum
1053 3033 1181 3093 cilicium
1209 3034 1380 3110 adumbret3
1412 3041 1444 3093 at
1465 3036 1594 3093 rationes
1616 3032 1825 3109 harmonicae,
1860 3052 1899 3095 ax

535 3120 634 3179 multis
657 3130 739 3181 ortae
762 3121 863 3199 liguris
883 3121 1066 3199 regularibus
1086 3122 1256 3196 scibilibus,
1288 3138 1394 3199 genere
1418 3116 1617 3181 differentibus
1639 3123 1668 3179 in
1692 3138 1785 3181 uuum
1810 3140 1900 3182 com·

534 3210 703 3285 paginulae,
724 3208 818 3268 multa
840 3208 978 3270 distincta
998 3210 1112 3286 imperii
1135 3211 1236 3269 munia
1257 3215 1483 3286 repraesentent,
1506 3225 1629 3286 quorum
1653 3208 1818 3286 uuicuique
1843 3226 1899 3269 sua

534 3298 652 3373 propria
674 3295 737 3372 lar,
766 3305 880 3357 secreta
906 3315 925 3357 a
952 3300 1064 3357 eatenis.
1109 3295 1169 3356 Hic
1197 3314 1262 3357 cum
1284 3296 1457 3357 Ptolemaeo
1481 3290 1573 3378 (inira
1600 3297 1629 3353 iu
1659 3296 1829 3373 appendice
1860 3296 1899 3357 ad

534 3383 586 3443 lib.
615 3378 671 3465 V.)
702 3402 738 3444 ex
767 3386 925 3461 generibus
957 3384 1172 3444 harmoniarum
1205 3391 1235 3444 et
1264 3392 1383 3457 cantus,
1413 3383 1501 3443 molle
1531 3382 1650 3461 quidem
1671 3385 1737 3460 paci
1763 3383 1899 3459 daretur,

534 3468 639 3531 durum
660 3470 749 3545 bello,
772 3471 953 3548 dissidiaque
975 3489 1114 3548 geuemm
1137 3471 1249 3545 eadem,
1272 3489 1349 3548 quae
1372 3473 1401 3529 in
1425 3473 1546 3531 civitate
1569 3478 1757 3548 utrorumque
1774 3478 1900 3549 tempu-

534 3576 608 3618 rom.
652 3556 762 3618 Vemm
791 3559 864 3619 haec
894 3559 960 3618 aliis
987 3558 1116 3620 curanda
1143 3560 1292 3636 relinquo,
1323 3560 1432 3636 quibus
1454 3560 1533 3618 vitae
1556 3560 1668 3618 ratione
1698 3561 1798 3636 magis
1823 3576 1900 3619 cou-

536 3647 677 3719 veniuut3
700 3648 764 3723 ipse
785 3663 863 3706 nunc
884 3646 923 3706 ud
945 3654 1103 3724 sequentes
1125 3664 1209 3708 meae
1231 3648 1421 3723 professionis
1444 3648 1589 3706 materias·
1602 3661 1736 3722 propero.
1785 3646 1900 3723 Itaque

533 3733 681 3792 Bodiuum
703 3736 783 3812 prius
806 3734 968 3810 expediam.
1014 3732 1062 3793 Ad
1090 3736 1155 3812 ejus
1178 3736 1255 3793 enim
1277 3733 1344 3793 libri
1372 3733 1459 3794 linem
1488 3732 1634 3811 simulque
1658 3733 1695 3792 ad
1716 3732 1811 3809 hujus
1835 3738 1899 3794 mei

536 3822 613 3882 tertii
635 3821 810 3897 principium
831 3824 980 3898 pervenio.
1331 3816 1332 3821 ’

621 3906 744 3968 XXlII.
767 3908 838 3968 Jam
864 3912 940 3970 enim
963 3908 1105 3968 Batinus
1126 3915 1205 3969 totus
1235 3907 1274 3968 ad
1303 3909 1458 3982 musicam,
1487 3914 1520 3967 ut
1550 3915 1596 3969 est
1625 3923 1714 3967 ame
1741 3904 1903 3984 descripta

535 3999 657 4055 seorsim
679 4012 698 4054 a
720 3998 956 4075 proportionibus
978 3999 1172 4073 geometricis,
1195 3997 1339 4056 transiens
1359 4012 1492 4087 caraque,
1516 4004 1549 4053 ut
1563 3992 1635 4053 mibi
1649 4010 1769 4072 quoque
1785 3994 1902 4071 placet,

534 4083 646 4161 politiia
669 4084 913 4160 accommodans,-
926 4084 999 4143 nihil
1022 4087 1186 4161 speciosius
1202 4090 1264 4143 toto
1280 4083 1354 4142 libro
1372 4082 1510 4160 disputat,
1534 4099 1624 4158 quam
1640 4081 1675 4142 de
1689 4082 1772 4157 regni
1788 4082 1902 4157 forms,

535 4188 674 4248 expressa
695 4173 821 4231 numeris
848 4176 874 4247 1,
898 4175 930 4246 ἢ,
953 4174 982 4245 3,
1006 4174 1035 4246 4,
1059 4174 1120 4250 qul,
1143 4180 1177 4231 ut
1198 4173 1284 4248 primi
1295 4179 1362 4231 sunt
1385 4179 1489 4230 natura
1518 4176 1548 4230 et
1570 4172 1667 4229 unitas
1691 4166 1814 4245 quidem
1840 4186 1904 4229 nu·

482 4292 486 4300 =
534 4261 875 4337 merorumprincipium,
899 4262 942 4319 lta
952 4262 1150 4336 quantitatum
1164 4261 1318 4337 principio,
1334 4266 1450 4335 puncto,
1472 4256 1598 4333 indeque
1620 4256 1778 4333 speciebus
1793 4273 1903 4317 aarum

534 4347 637 4418 tribus,
662 4350 680 4405 il
704 4347 811 4419 lineae,
833 4350 852 4407 3
875 4346 1049 4426 superficiei,
1072 4350 1092 4406 4
1115 4348 1229 4424 corpori
1252 4363 1326 4423 peno
1350 4344 1453 4406 eodem
1475 4345 1573 4418 modo,
1591 4360 1679 4421 quem
1700 4345 1788 4401 initio
1805 4343 1904 4421 hujus

534 4434 591 4497 ΙΙΙ.
620 4435 687 4495 libri
722 4452 758 4506 aa
789 4434 995 4513 Pythagoricis
1026 4437 1175 4509 recensui,
1212 4432 1343 4510 jucundo
1378 4435 1487 4510 ingenii
1522 4431 1589 4491 lusu
1621 4432 1786 4508 comparati
1818 4440 1902 4491 sunt.

534 4521 650 4583 Deinde
673 4524 772 4583 onitas
802 4523 843 4581 illi
872 4533 923 4583 ren
945 4529 1004 4596 est,
1034 4522 1091 4582 Dei
1119 4524 1318 4599 praepotentis
1349 4521 1377 4577 in
1400 4538 1460 4598 rep.
1485 4521 1628 4593 vicarius,
1659 4522 1788 4578 assues
1811 4515 1903 4594 ordo,

536 4610 555 4668 d
578 4609 716 4675 militaria
735 4628 788 4669 seu
811 4612 972 4688 equestris,
995 4611 1015 4667 4
1037 4609 1177 4687 populus,
1203 4616 1233 4669 ct
1255 4610 1280 4667 is
1303 4608 1420 4684 quidem
1444 4610 1561 4667 omniuo
1585 4604 1786 4683 quadruplex:
1812 4610 1903 4682 agri·

536 4696 636 4772 colna,
664 4697 849 4773 scholastici,
878 4705 1069 4770 mercatores,
1100 4697 1230 4774 opifices.
1281 4695 1339 4755 Hic
1367 4698 1442 4757 inter
1469 4695 1524 4754 hos
1552 4712 1690 4755 numeros
1721 4692 1903 4755 harmonias

535 4784 759 4861 comprehensas
783 4785 886 4847 eodem
908 4784 996 4846 modo
1018 4792 1163 4856 recenset,
1187 4800 1246 4860 quo
1269 4800 1325 4859 ego
1348 4798 1436 4862 supra
1458 4800 1523 4843 sum
1545 4798 1631 4857 usus3
1660 4798 1778 4842 ranam-
1792 4790 1902 4842 tamen

533 4881 630 4931 motus
657 4889 778 4932 cansam
803 4872 907 4950 habet,
939 4872 977 4933 ad
1006 4874 1168 4948 quinarium
1200 4868 1419 4949 progrediendi,
1452 4870 1537 4947 quasi
1565 4870 1698 4929 turbetur
1724 4867 1901 4945 harmonia,

535 4958 615 5036 quod
637 4959 745 5018 laisum
766 4976 832 5021 aare
854 4979 890 5022 ax
911 4968 976 5020 toto
997 4958 1054 5020 hoe
1077 4960 1152 5019 libro
1176 4964 1265 5037 patet.
1310 4957 1376 5018 Sint
1397 4975 1469 5017 sanc
1492 4965 1522 5018 et
1544 4956 1666 5017 valeant
1687 4954 1765 5017 aliae
1782 4973 1902 5019 cauma

534 5043 713 5108 subsistendi
739 5048 769 5105 in
799 5049 1001 5124 quaternario:
1032 5050 1103 5124 quin
1135 5050 1224 5108 etiam
1251 5048 1281 5105 in
1307 5046 1425 5106 humine
1457 5048 1521 5123 ipso
1550 5043 1679 5104 relucere
1709 5041 1902 5104 demonstrat

535 5133 613 5196 baua
632 5136 705 5216 reip.
727 5134 850 5197 turmam
872 5154 909 5198 ex
930 5135 1070 5211 Platurle,
1101 5135 1131 5193 iu
1156 5152 1216 5212 qua
1240 5136 1254 5192 l
1278 5151 1375 5209 meus,
1406 5133 1657 5194 iratlocinativa
1683 5130 1835 5207 incultas,
1868 5134 1901 5191 in
