4467 6192
790 692 876 749 hiber
890 690 941 749 nu
958 690 1097 763 marnaio
1112 690 1232 764 politica.
1628 698 1691 760 libb

338 870 360 930 ri
380 886 418 929 ea
439 875 644 944 numeeutnr,
666 869 858 946 geometrica,
881 868 908 929 ai
929 866 1126 946 ponduantru
1147 886 1201 931 sen
1223 870 1368 948 multata
1390 869 1509 932 larentia
1531 888 1585 933 eeu
1604 871 1693 932 bonl-

338 964 394 1017 tate
425 965 684 1035 argumentorum
711 957 882 1017 harmonica
902 954 1021 1038 (Bodini
1051 955 1151 1037 sensu)
1180 959 1307 1018 mixtura
1338 958 1394 1017 luit
1422 958 1501 1039 apud
1530 958 1691 1033 Romanos,

339 1060 460 1122 qnorum
483 1044 654 1105 consulares
673 1047 851 1104 mundam
872 1047 1004 1104 oraboue
1028 1044 1221 1121 explicarunt,
1245 1047 1332 1105 ceteri
1347 1045 1472 1124 pedibus
1487 1048 1518 1107 in
1532 1064 1597 1107 earu
1611 1047 1694 1107 ibunt

338 1134 530 1206 ualentiam,
560 1149 649 1209 quam
672 1133 846 1210 probabant
891 1131 965 1191 llibi
996 1130 1074 1208 qnod
1096 1135 1284 1193 necessitatis
1307 1132 1372 1210 lege
1401 1134 1509 1194 iactum
1536 1132 1607 1215 (nos
1629 1134 1693 1193 eui·

339 1219 452 1291 ixisset
475 1223 553 1281 enim
575 1228 694 1301 tempus
716 1219 872 1281 auinaue
895 1214 1043 1300 omnibus)
1064 1217 1096 1279 id
1116 1219 1303 1282 harmonicae
1324 1224 1504 1298 proportioni
1526 1238 1585 1282 nun
1608 1222 1693 1282 side·

339 1316 380 1366 tor
402 1308 643 1385 comparandum.
773 1331 776 1336 ·

419 1394 514 1455 XXI.
538 1395 572 1455 In
595 1395 806 1456 commutatisa
823 1394 940 1471 justitia
960 1394 1129 1470 requirebat
1145 1394 1318 1455 Anatoteles
1341 1396 1554 1457 arithmeticam
1577 1412 1692 1473 aequa-

339 1481 457 1544 litatem.
504 1482 637 1544 Bodiuus
664 1498 718 1543 uec
740 1483 788 1541 bic
809 1482 978 1558 analogiam
1007 1482 1128 1542 exulare
1151 1483 1222 1542 dicit
1243 1486 1461 1559 geometricam.
1507 1484 1568 1543 Etsi
1592 1500 1693 1545 exeru-

338 1570 383 1646 pla
397 1571 526 1631 contusa
539 1570 682 1632 ridenturr
710 1567 743 1652 i)
766 1576 799 1629 ut
820 1572 929 1646 siquis
951 1568 1069 1647 publice
1082 1569 1224 1631 scandalo
1240 1570 1310 1630 dato
1325 1573 1414 1631 etiam
1428 1573 1574 1651 privatum
1598 1571 1692 1645 laesit,

338 1660 451 1733 priuato
475 1658 594 1736 quidem
615 1660 739 1719 seoreim
760 1658 922 1717 satisfaciet
943 1657 1123 1733 aequalitate
1145 1658 1345 1732 arithmetica,
1369 1676 1424 1719 nec
1445 1659 1514 1736 plus
1539 1661 1566 1719 el
1587 1675 1641 1736 pro
1663 1676 1693 1718 re
1774 1658 1779 1671 '

339 1762 387 1805 ma
409 1749 583 1807 restituetur
604 1747 643 1808 ab
665 1746 784 1805 hoscine
806 1744 916 1824 nobili,
946 1760 1035 1821 quam
1062 1745 1102 1804 ab
1129 1746 1279 1823 agricola,
1308 1745 1475 1825 exemplum
1498 1763 1568 1807 sero
1596 1748 1692 1824 pessi·

339 1850 413 1893 mam
437 1834 524 1895 aliter
545 1834 608 1894 luet
629 1832 688 1907 lile,
712 1833 797 1894 aliter
817 1833 883 1905 iste,
907 1834 1096 1911 proportione
1119 1842 1236 1897 aurata
1258 1842 1388 1894 auruum
1402 1836 1586 1911 geometrica.
1626 1833 1692 1910 Qun

339 1919 397 1980 loeo
427 1922 602 1983 conciliatur
625 1919 799 1981 Metoteies
821 1918 946 1979 Bodiuo.
992 1917 1026 1999 i)
1046 1918 1134 1997 Quod
1163 1937 1234 1982 vero
1263 1921 1341 1981 bona
1367 1922 1446 2000 ejus,
1479 1924 1529 1999 qni
1560 1937 1619 1981 uon
1649 1928 1695 1981 eat

339 2008 489 2083 mirando,
516 2025 570 2089 pro
592 2007 695 2070 crediti
715 2008 860 2085 cujusque
883 2005 1086 2084 magnitudine
1108 2006 1323 2069 distribuuntur
1349 2012 1412 2071 siue
1435 2007 1610 2070 crediturum
1639 2026 1694 2069 re-

338 2105 455 2173 spectu,
478 2096 640 2157 dummodo
662 2104 793 2173 tempore
815 2104 846 2155 et
867 2095 1011 2172 qualitate
1032 2094 1136 2156 crediti
1157 2112 1243 2175 paras
1263 2098 1385 2173 laudnt,
1410 2098 1439 2155 id
1462 2098 1598 2174 equidem
1621 2113 1692 2175 pro·-

339 2186 471 2261 portioue
492 2184 527 2244 ht
546 2200 626 2245 mere
648 2185 841 2261 geometrieaq
871 2182 951 2260 qnod
978 2191 1012 2242 ut
1032 2199 1092 2243 nou
1122 2186 1244 2261 negavit
1266 2184 1456 2259 Aristotelea,
1488 2188 1530 2245 ita
1552 2187 1692 2245 omissam

339 2271 455 2332 abillo
484 2288 538 2349 per
566 2274 788 2349 incogitantiam
818 2270 934 2330 ridetur
968 2278 1104 2347 reusque
1134 2288 1154 2332 a
1189 2272 1306 2332 Bodino
1335 2272 1518 2350 suppletum,
1552 2276 1607 2334 atel
1636 2272 1693 2332 hoc

337 2358 473 2420 innuatur
501 2360 681 2438 aequalitate
710 2358 894 2419 arithmetica
922 2356 1011 2416 soluti
1041 2365 1071 2418 et
1094 2358 1210 2434 crediti,
1243 2362 1267 2419 si
1296 2360 1374 2420 bona
1408 2360 1582 2422 suldcerent.
1630 2360 1691 2421 lieo

337 2454 434 2507 tamen
454 2455 574 2508 vetatur
593 2449 711 2525 penitus
733 2448 866 2523 superior
887 2448 1076 2522 magistratus
1103 2446 1274 2507 harmonica
1300 2450 1568 2527 contemperatione
1595 2450 1639 2506 uti
1661 2455 1691 2508 et

338 2534 494 2595 creditores
516 2537 620 2614 inopes
642 2534 829 2610 aliquatenus
851 2541 881 2594 et
894 2548 949 2611 pro
962 2548 994 2593 re
1008 2528 1079 2591 neta
1100 2535 1246 2611 praelarre
1260 2535 1511 2613 locupletioribus.
1556 2534 1588 2614 8)
1610 2532 1688 2594 lllnd

337 2624 421 2682 etiam
444 2623 648 2682 harmonicum
670 2624 822 2699 quippiam
844 2617 950 2703 (sensu
972 2617 1098 2702 Bodiui)
1120 2624 1211 2700 sapit,
1243 2622 1322 2700 quod
1352 2625 1484 2700 gentium
1506 2621 1692 2699 quarundam

337 2726 413 2787 more
434 2727 486 2771 rea
507 2711 585 2770 iusto
606 2711 725 2771 ablatae
746 2726 807 2771 nou
828 2709 935 2785 simplo
957 2715 1129 2785 pensantur,
1152 2710 1205 2770 sed
1227 2710 1408 2787 quadruplo,
1438 2726 1484 2771 res
1506 2712 1583 2771 aliae
1605 2713 1694 2786 quin·

338 2797 433 2878 tuplo;
468 2798 632 2875 aequaliter
662 2796 781 2873 quidem
810 2796 851 2856 ab
878 2797 1029 2870 omuibus,
1061 2795 1256 2874 inaequaliter
1284 2806 1382 2858 tamen
1413 2798 1546 2859 diverme
1568 2814 1631 2870 res,
1664 2801 1694 2859 iu

338 2887 442 2962 quibua
474 2888 648 2947 aestimatur
677 2886 855 2962 geometrica
883 2885 997 2946 ratione
1025 2883 1149 2960 iniuriae
1180 2884 1297 2945 diversa
1328 2886 1517 2965 magnitudo,
1547 2900 1606 2945 uou
1635 2902 1694 2945 nu·

338 2972 404 3032 dnm
438 2975 484 3033 rai
516 2976 651 3051 pretinm.
697 2970 730 3052 t)
750 2971 923 3033 Evidentlor
950 2978 996 3031 est
1022 2970 1193 3032 harmonica
1214 2974 1289 3033 ratio
1311 2975 1342 3031 in
1369 2975 1541 3053 pensatione
1570 2972 1694 3033 damno·

339 3076 401 3119 rum
422 3077 487 3120 uon
509 3060 580 3121 dolo
601 3058 681 3120 malo
702 3060 867 3120 illatorum:
889 3059 940 3119 nbi
963 3058 1119 3137 plurimum
1141 3062 1229 3121 situm
1251 3062 1279 3119 ln
1297 3060 1529 3122 contrahentium
1543 3063 1695 3137 uanusque
1821 3114 1824 3123 ,

266 3220 272 3231 ⁴
338 3147 484 3208 iacturum
513 3150 753 3223 escensurum,
785 3144 862 3224 quae
892 3146 1063 3223 aliqnando
1085 3146 1133 3209 sel
1160 3147 1277 3225 legibus
1306 3147 1354 3209 rel
1381 3152 1554 3225 magistratu
1572 3148 1695 3225 labente

338 3235 495 3313 aequalem
525 3243 555 3297 et
576 3236 789 3296 arithmeticam
812 3236 1093 3313 compensationem,
1122 3234 1282 3312 aliquando
1304 3235 1431 3311 nullam,
1463 3242 1508 3296 est
1529 3236 1578 3295 ubi
1607 3244 1636 3295 ot
1659 3252 1695 3295 ex

338 3340 434 3399 aequo
463 3330 497 3384 et
522 3324 602 3384 bono
624 3322 805 3385 moderatam
832 3324 989 3399 requirunt
1034 3321 1133 3399 Hujus
1162 3324 1277 3401 generis
1299 3322 1416 3384 videtur
1436 3322 1475 3407 ,ei
1493 3322 1584 3396 iliud,
1616 3322 1694 3399 quod

338 3414 474 3489 superior
502 3413 693 3489 magismtus
720 3427 778 3472 uou
808 3427 845 3471 ex
868 3426 963 3487 aequo
991 3411 1131 3495 omnibus
1162 3412 1237 3473 inter
1258 3427 1290 3470 sa
1314 3411 1381 3489 jure
1410 3413 1534 3489 experiri
1562 3410 1696 3470 concedit

339 3514 392 3558 uec
414 3500 445 3556 iu
472 3501 571 3558 causis
594 3500 739 3574 omuibus,
762 3498 814 3558 sed
836 3494 924 3575 prout
946 3499 1182 3559 circumstantiae
1202 3499 1310 3558 lueriru
1330 3500 1455 3559 arbitros
1480 3498 1527 3557 vel
1549 3500 1612 3575 ipse
1635 3497 1715 3572 dur,-

338 3586 382 3645 rel
405 3603 513 3647 eorum
535 3585 709 3648 electionem
739 3582 924 3663 litigantibus
949 3586 1105 3665 permittit,
1136 3592 1170 3646 ut
1199 3585 1247 3646 rei
1278 3588 1429 3663 utriusque
1455 3584 1616 3646 commodis
1647 3586 1695 3646 vel

336 3676 407 3750 reip.
433 3672 616 3734 consulatur.
663 3673 695 3755 b)
715 3674 813 3734 litium
843 3689 951 3733 usurae
984 3672 1022 3733 ad
1045 3676 1285 3733 eommutatlsam
1311 3674 1445 3750 justitias
1472 3683 1585 3752 partem
1607 3690 1696 3751 spec-

336 3767 415 3836 tant,
447 3778 547 3839 neque
570 3769 668 3822 nmen
691 3762 831 3838 aequales
854 3763 932 3821 omui
955 3760 1107 3820 bominum
1128 3763 1227 3837 generi
1257 3762 1295 3821 ab
1318 3762 1454 3821 omnibns
1477 3760 1694 3839 legislatoribus

334 3849 555 3925 permittuntur,
578 3849 631 3910 sed
653 3852 831 3927 geometrica
852 3851 979 3908 mixtura
1001 3848 1172 3925 inaequales
1195 3847 1376 3909 diversorum
1397 3849 1531 3909 ordinum
1552 3850 1694 3926 personis,
1731 3904 1736 3916 ,

335 3936 478 4015 aequales
500 3936 626 4025 singulis
648 3936 796 4011 ordinum,
821 3954 897 4013 quae
919 3934 1094 4013 compositio
1117 3936 1233 3997 Bodluo
1256 3936 1425 3997 harmonica
1447 3946 1501 3997 est.
1548 3935 1578 4015 6)
1602 3936 1695 4015 ligre-

335 4027 414 4099 qiam
438 4028 646 4103 exceptionem
668 4026 707 4086 ab
727 4024 913 4085 arithmetica
936 4025 1174 4084 commutationis
1196 4024 1375 4101 aequalitate
1399 4026 1497 4085 verbis
1512 4024 1619 4105 Bodini
1641 4040 1695 4084 ex·

334 4113 474 4173 scribam.
526 4111 661 4173 lladiorsr
690 4112 733 4171 od
762 4114 914 4172 murelum
943 4110 1032 4171 diuiti
1053 4112 1272 4172 detrabendum
1301 4128 1413 4173 cursor
1439 4130 1529 4189 euape
1550 4114 1613 4171 500
1642 4128 1695 4171 uo-

335 4202 409 4275 eipit
431 4195 511 4282 (imo
534 4196 660 4283 exigit),
683 4200 723 4259 ub
742 4206 844 4278 epm
865 4215 937 4259 uero
958 4200 998 4257 10
1019 4202 1109 4258 autb
1132 4194 1208 4281 (imo
1231 4199 1311 4273 nihii,
1335 4216 1371 4260 er
1394 4198 1519 4261 lorrnule
1536 4200 1695 4276 juramenti

333 4283 561 4370 Hippocratis);
583 4305 621 4347 ue
642 4290 669 4346 aa·
689 4287 811 4364 quidem
833 4286 1057 4347 enumquam
1080 4295 1137 4347 out
1157 4291 1369 4364 promerueram
1395 4287 1595 4365 undiquaque
1612 4299 1694 4346 uno-

332 4374 449 4452 oesem
471 4382 732 4451 merus,
764 4376 842 4435 aser
863 4374 984 4451 quum
1007 4374 1141 4450 areu,
1164 4360 1242 4435 uer*
1261 4376 1346 4454 same
1366 4378 1517 4449 acere,
1548 4374 1600 4433 aa
1619 4374 1695 4432 aar·

333 4464 460 4522 nauehu
481 4465 602 4523 mione
623 4463 837 4539 isuie'quidem
860 4478 940 4539 epea,
961 4461 1046 4521 aulus
1066 4463 1113 4523 iili
1136 4457 1210 4544 (uon
1234 4462 1369 4540 equidem
1387 4462 1489 4523 cadero
1504 4455 1693 4541 certitudine)

333 4556 569 4626 muratus.
611 4536 647 4626 i)'
667 4548 763 4626 Quam
783 4549 903 4625 ,quidem
925 4548 964 4608 ad
979 4543 1123 4609 rationem
1145 4558 1174 4609 et
1193 4550 1308 4627 judiees
1323 4560 1406 4609 anam
1422 4562 1539 4627 operam
1555 4556 1585 4607 et
1599 4549 1696 4608 hono·

332 4640 441 4699 ranam
456 4639 489 4695 ln
499 4639 597 4697 muns
608 4637 806 4714 disceptandis
817 4639 932 4714 exigere
947 4644 1171 4697 consueverunt.
1207 4636 1318 4697 Litiuru
1332 4654 1361 4696 n.
1377 4652 1466 4714 saepe
1479 4636 1695 4707 levissimarum

333 4723 495 4785 dificultate
517 4725 612 4803 major
635 4732 688 4799 est,
713 4740 802 4802 quam
824 4726 851 4783 si
873 4722 1021 4785 derebus
1042 4726 1224 4801 vanissimis
1240 4731 1404 4801 quaeratur,
1424 4722 1575 4799 judicibus
1597 4732 1695 4784 nmen

281 4839 284 4846 ·
332 4813 530 4873 inlrnetnosa.
575 4812 712 4891 Aequum
734 4814 825 4889 igitur
846 4819 900 4886 est,
924 4819 957 4872 nt
980 4830 1016 4872 ex
1039 4824 1136 4872 rerum
1155 4811 1400 4890 amplissimarum
1421 4810 1557 4871 vindiciis
1580 4811 1695 4888 adjudi-

332 4903 404 4961 catis
428 4898 599 4977 plusculum
621 4902 758 4977 exigatur
781 4898 937 4972 mercedis,
969 4907 1040 4959 tunc
1069 4896 1196 4973 seilicet,
1227 4900 1252 4958 sl
1282 4897 1399 4975 judices
1424 4915 1482 4958 non
1505 4898 1694 4960 sullieieuaa

331 5004 390 5065 rep,
421 4987 569 5047 salarium
590 4989 733 5065 capiunt,
764 4987 817 5049 sed
839 4986 961 5047 consilio
984 4984 1206 5046 minuendarum
1237 4985 1335 5046 litium
1361 4988 1549 5066 expertium
1572 4987 1695 5063 litigau-

331 5078 403 5136 tiusn
425 5074 549 5135 tributis
578 5092 686 5154 operae
716 5076 833 5137 locatae
854 5076 1124 5151 compensationem
1152 5088 1296 5150 quaerere
1319 5073 1471 5151 jubentur.
1517 5072 1695 5151 Quarrquam
