4467 6192
855 687 856 698 ¹
888 694 971 751 ιιι
987 692 1144 767 menn
1160 691 1219 752 xv.
1670 690 1735 763 tos

251 856 262 898 ¹²
377 871 494 933 motum
518 876 707 949 contrarium
737 876 893 935 statimcm
916 886 1001 949 vero,
1033 876 1062 933 in
1086 892 1146 952 qus
1168 872 1330 935 canebatur
1350 874 1476 953 epodos,
1507 870 1573 936 rice
1595 868 1731 937 stationis

377 960 489 1020 Terrae
512 962 610 1025 luisse
657 963 695 1022 At
717 962 910 1043 Pythagoras,
934 966 985 1040 qui
1006 970 1121 1039 septem
1144 962 1268 1023 chordas
1291 963 1372 1051 lyrae
1394 962 1433 1023 ad
1454 971 1606 1023 numerum
1626 957 1732 1041 piane·

260 1041 263 1073 ²
377 1056 478 1107 tarum
498 1058 612 1127 septem
635 1044 800 1121 ordinavit,
832 1048 957 1109 videtur
975 1049 1074 1127 potius
1105 1041 1144 1111 ad
1171 1044 1306 1133 planetas
1340 1053 1503 1129 respexisse
1528 1050 1673 1127 vultuque
1695 1050 1735 1113 ad

375 1134 532 1195 meridiem
553 1154 653 1212 verso,
682 1136 798 1197 dextras
821 1146 918 1219 partes
941 1139 971 1195 in
994 1138 1104 1197 oriente
1132 1127 1262 1211 locasse,
1296 1148 1333 1197 ut
1354 1139 1396 1197 ita
1420 1138 1523 1197 directi
1545 1133 1683 1217 pianmae
1704 1147 1736 1201 et

375 1226 406 1281 in
431 1226 575 1289 orientem
598 1225 688 1285 delati
710 1224 849 1300 strophen
879 1218 1100 1299 adumbrarem,
1131 1224 1293 1301 retrogradi
1320 1225 1540 1303 antistropben,
1569 1228 1733 1287 stationarii

375 1310 495 1387 epodon
519 1330 571 1371 scu
593 1320 720 1375 stantem
735 1312 871 1373 ..chorum
915 1312 963 1373 Ita
984 1315 1077 1389 cuim,
1107 1316 1185 1375 sicut
1210 1312 1314 1375 iisdem
1344 1316 1420 1377 inest
1448 1313 1575 1391 planetis
1602 1313 1735 1387 directio,

374 1399 605 1474 retrogradatio,
627 1396 725 1472 statio,
749 1402 792 1473 sic
814 1402 903 1459 ιιὶιιιι
924 1400 1002 1460 idem
1025 1394 1132 1461 chorus
1154 1409 1208 1474 est,
1231 1402 1283 1477 qai
1298 1399 1338 1461 sd
1353 1399 1480 1474 dextras,
1504 1404 1555 1475 qai
1578 1410 1609 1461 et
1629 1401 1670 1467 ad
1689 1404 1735 1461 si·

250 1477 266 1517 '²
373 1488 485 1545 nistraa
508 1490 547 1559 ιι,
563 1496 593 1547 st
613 1490 666 1563 'qui
688 1496 755 1547 stat.

466 1574 540 1633 Nam
562 1579 603 1633 ιι
609 1574 774 1634 voluissem
795 1576 906 1634 musici
922 1574 964 1632 illi
987 1582 1207 1653 repraesentare
1228 1578 1386 1635 stationam
1408 1535 1551 1648 ἰἰιιιιιιι,
1574 1587 1635 1635 uon
1657 1590 1734 1653 opus

374 1660 415 1719 ad
438 1660 498 1720 hoc
520 1662 623 1721 inisset
643 1664 735 1738 parte
751 1670 863 1733 cantus,
889 1676 969 1737 quae
987 1670 1141 1721 caneretur
1161 1659 1259 1721 stante
1282 1662 1415 1733 choro,
1402 1679 1479 1737 Jam
1488 1669 1577 1721 autea
1600 1664 1677 1722 enim
1700 1664 1730 1719 tn

265 1769 268 1783 ·
373 1749 508 1824 chorago
524 1756 620 1808 stante
635 1751 664 1807 in
680 1749 777 1809 medio
799 1750 990 1827 suppetiisset
1011 1750 1071 1807 iilis
1087 1752 1180 1808 instar
1202 1740 1274 1809 satis
1287 1749 1469 1808 luculentum
1492 1752 1598 1809 stantis
1613 1743 1732 1808 'i'erran

374 1836 416 1893 At
441 1851 508 1895 cnm
532 1835 658 1914 Apollo,
680 1837 832 1913 ¹choragus
854 1834 904 1895 iile
928 1834 1079 1895 Musarum
1103 1838 1198 1909 chori,
1227 1840 1323 1915 poetis
1344 1843 1410 1896 'non
1432 1834 1553 1896 Terram
1576 1835 1730 1911 significet,

251 1908 268 1939 ”’
372 1922 429 1983 ιιι
453 1922 569 1995 Solem,
598 1942 635 1984 ne
657 1924 687 1981 tn
711 1922 839 2000 chorago
863 1920 980 2001 quidem
1008 1932 1105 1985 stante
1129 1938 1267 2000 expressa
1298 1925 1388 1984 luisse
1410 1921 1527 1992 videtur
1548 1926 1637 1983 statio
1659 1922 1733 1982 Tel-

267 2058 268 2063 ,
371 2008 465 2087 luris;
496 2007 588 2073 multo
613 2012 689 2071 enirn
712 2012 899 2071 verisimilius
923 2019 980 2085 est,
1010 2012 1066 2074 huo
1089 2012 1208 2089 eboragi
1232 2011 1330 2093 quiete
1353 2010 1546 2089 significatam
1571 2029 1635 2095 esse
1658 2012 1753 2071 sim--

371 2098 538 2177 plicitatem
562 2107 659 2159 motus
681 2096 759 2159 Solis
781 2098 869 2157 medii
893 2101 969 2159 inter
992 2098 1140 2176 planetas,
1171 2100 1303 2177 epicyclo
1335 2108 1564 2163 carentem.nec
1584 2108 1733 2175 retrogra-

263 2186 270 2239 ι
373 2186 490 2245 dationi
514 2186 556 2245 illi
579 2186 769 2263 planetarum.
786 2188 962 2247 obnoxiam:
986 2194 1018 2246 ιι
1040 2190 1083 2247 ita
1104 2195 1168 2248 tota
1190 2186 1271 2247 chori
1285 2186 1376 2247 iacies
1397 2188 1483 2247 unice
1504 2186 1542 2247 ad
1560 2186 1681 2256 ,coelum
1703 2195 1734 2247 et

251 2257 271 2315 2²
371 2272 511 2349 planetas
532 2274 873 2345 reseratur,nu11ateuus
896 2274 933 2333 ad
956 2274 1086 2335 uenam.
1133 2274 1261 2334 Tantum
1283 2277 1372 2351 igitur
1394 2274 1431 2335 da
1445 2274 1652 2351 multiplicium
1675 2291 1732 2333 va·

250 2367 259 2407 1
371 2364 531 2433 rietatem,
562 2378 640 2437 quae
662 2363 762 2421 insunt
785 2364 815 2419 in
837 2351 1020 2437 siciniorum
1041 2360 1227 2439 planetarum
1248 2362 1394 2436 modbrrs,
1420 2364 1642 2439 comparatione
1664 2378 1734 2423 cnm

256 2453 269 2491 t
371 2448 465 2508 rebus
488 2450 608 2509 musicis
630 2449 737 2509 dixisse
760 2447 887 2509 sufiiciat
900 2445 965 2520 XV).

445 2564 520 2619 Nota
536 2564 559 2618 I.
595 2566 638 2619 Ile
654 2564 708 2618 hoc
726 2580 835 2633 quoque
854 2567 942 2635 capite
961 2566 1037 2621 solus
1055 2565 1151 2622 titulus
1169 2573 1211 2621 ιιι
1228 2564 1392 2633 Ptolemaei,
1412 2572 1503 2621 cetera
1520 2580 1580 2621 mea
1596 2574 1675 2638 sum,
1693 2568 1734 2623 sic

370 2643 483 2713 quidem
503 2638 665 2715 composita,
693 2642 745 2713 uti,
771 2651 900 2713 quantum
921 2662 954 2699 ex
973 2646 1195 2701 antecedentibus
1220 2644 1330 2715 assequi
1349 2644 1508 2711 conjectura
1525 2644 1615 2718 potui,
1642 2643 1734 2701 Ptole

263 2718 272 2758 ³
370 2736 472 2776 maeus
488 2723 547 2791 ipse
565 2687 763 2791 compositnrrls
782 2718 843 2777 tuit
877 2722 948 2778 Nam
956 2724 1106 2791 tractatio,
1133 2741 1204 2796 quae
1220 2726 1248 2780 in
1266 2721 1378 2793 vulgata
1396 2720 1514 2777 editione
1540 2722 1659 2778 latina
1651 2741 1733 2795 mque

268 2829 270 2840 ·
370 2802 567 2884 manuscriptis
586 2802 703 2877 graecis
709 2800 789 2855 titulo
808 2804 933 2872 subjecta
957 2810 1013 2871 est,
1041 2803 1150 2872 penitus
1174 2803 1241 2859 nihii
1260 2800 1356 2869 habet,
1383 2802 1455 2871 quod
1474 2800 1554 2857 titulo
1573 2803 1671 2896 capitis
1689 2819 1731 2857 re·

252 2880 262 2960 J
371 2880 522 2951 spondeam
542 2872 615 2950 quod
634 2894 748 2949 operose
767 2878 962 2936 demonstravit
978 2882 1104 2937 Barlaam
1129 2872 1279 2937 monachui
1296 2843 1412 2936 libello
1417 2894 1530 2952 graeco,
1553 2882 1632 2951 cnjus
1650 2896 1735 2953 supra

371 2960 458 3019 etiam
476 2958 550 3014 facta
567 2966 610 3015 ιιι
627 2959 736 3013 mentio

461 3064 584 3119 NotaII.
619 3062 711 3131 Vides,
730 3062 877 3132 praescribi
896 3062 1083 3119 tantummodo
1101 3060 1251 3133 problema,
1270 3063 1442 3137 propositum
1459 3064 1545 3121 veluti
1562 3066 1734 3133 astronomis,

254 3124 273 3199 ἰ
371 3143 449 3213 quod
468 3159 503 3201 nc
522 3142 631 3210 quidem
649 3143 759 3211 attingit
776 3142 1005 3211 comparationem
1028 3142 1158 3211 aliquam:
1182 3140 1231 3197 scd
1243 3141 1345 3197 adhuc
1366 3142 1439 3213 intra
1461 3150 1539 3213 septa
1557 3158 1588 3200 se
1611 3145 1735 3201 continet

370 3222 567 3281 astronomiae.
592 3222 718 3277 Dubitari
736 3222 820 3291 igitur
837 3227 939 3291 potest,
956 3237 990 3277 an
1008 3220 1183 3278 Ptolemaeus
1201 3222 1253 3275 hoc
1271 3222 1361 3291 capite
1375 3223 1605 3290 comparationem
1622 3223 1734 3279 omuino

252 3304 258 3337 ⁷
370 3302 494 3371 aliquam
512 3301 595 3377 fuerit
611 3300 793 3370 instituturus,
813 3309 841 3356 et
862 3301 885 3365 si
903 3308 992 3357 motus
1010 3299 1182 3371 planetarum
1201 3309 1408 3370 comparaturus
1427 3308 1492 3355 erat
1511 3298 1594 3356 rebus
1612 3300 1733 3371 musicia

250 3416 263 3452 ρ
371 3382 484 3435 cuinam
503 3380 585 3447 igitur
602 3379 674 3449 parti
692 3395 781 3447 rqrarn
801 3378 1017 3437 harmonicarum
1036 3395 1082 3435 eas
1102 3395 1260 3449 comparare
1278 3378 1407 3447 soluerit,
1431 3394 1493 3435 cum
1510 3379 1539 3435 it
1556 3396 1612 3436 non
1629 3378 1736 3435 indicet

270 3513 273 3518 ,
369 3457 400 3511 in
430 3457 527 3525 titulo,
556 3456 629 3525 quod
656 3456 763 3513 solebat
791 3460 937 3525 hactenus,
966 3473 1016 3515 nec
1040 3465 1126 3514 restet
1156 3457 1242 3529 ullum
1266 3467 1351 3525 caput
1380 3457 1553 3514 harmonicae
1580 3456 1733 3528 doctrinae,

370 3535 449 3604 quod
467 3550 522 3589 non
537 3534 594 3604 jam
613 3543 693 3592 antea
711 3536 793 3591 fuerit
811 3537 964 3591 absumtum
982 3538 1010 3591 in
1030 3537 1121 3606 capita
1139 3554 1228 3593 rerum
1247 3536 1491 3593 astronomicarum
1510 3543 1675 3605 comparata

463 3631 534 3699 Quia
551 3639 643 3687 tamen
669 3632 860 3703 proportiones
879 3641 1001 3687 motuum
1020 3649 1152 3703 quaerere
1177 3634 1353 3702 numerisque
1371 3633 1524 3709 exprimere
1540 3632 1639 3689 u'tulus
1655 3631 1732 3686 insti·

262 3770 265 3775 ,
369 3710 434 3778 tuit,
453 3709 587 3778 suspicari
603 3727 749 3779 possumus
769 3713 803 3767 de
821 3712 1013 3778 consonantiis,
1033 3713 1098 3786 quia
1115 3722 1145 3769 et
1160 3712 1213 3767 bae
1232 3712 1425 3770 consistuutin
1442 3711 1665 3782 proportionibus
1682 3726 1732 3768 nu-

265 3826 268 3837 ,
370 3786 564 3851 mersbilibus,
592 3797 620 3843 et
637 3790 702 3858 quia
719 3790 787 3848 nihil
805 3791 931 3860 impedit,
956 3790 1052 3847 eadem
1069 3793 1162 3861 capita
1178 3791 1348 3849 harmonicen
1366 3794 1409 3849 bis
1426 3790 1589 3862 comparari:
1616 3786 1734 3858 primum

372 3866 541 3923 coelestibus
560 3867 588 3921 in
605 3883 718 3937 genere,
748 3878 778 3925 ut
796 3871 823 3925 ιι
841 3870 976 3939 capitibus
994 3871 1234 3939 antecedentibus,
1256 3872 1356 3929 iterum
1373 3871 1402 3926 in
1420 3869 1555 3940 capitibus
1572 3866 1671 3921 abhinc
1686 3880 1730 3920 se·

266 4008 270 4013 ,
371 3947 535 4017 quentibus,
558 3946 675 4015 planetis
693 3948 815 4018 singulis.
850 3949 903 4004 Ubi
921 3949 1085 4018 notandum,
1103 3950 1177 4017 quod
1195 3948 1321 4008 binorum
1338 3949 1409 4005 inter
1427 3964 1457 4005 se
1475 3954 1599 4003 motuum
1615 3960 1729 4015 propor-

370 4026 465 4089 tiones
483 4026 509 4079 vi
528 4042 670 4084 causarum
688 4028 852 4084 mouentium
871 4027 1030 4097 plerumque
1048 4028 1103 4082 sint
1120 4026 1274 4086 ineffabiles
1285 4026 1413 4095 numeris,
1431 4034 1521 4089 motus
1538 4024 1642 4081 ιιιιιιιι
1659 4022 1731 4088 iuter

371 4120 508 4163 secansa
525 4105 671 4164 celeritatis
690 4115 721 4161 et
735 4102 875 4161 tarditatis
893 4103 1189 4172 incommensurabiles.

464 4200 517 4268 Qui
535 4201 659 4257 deiectus
678 4202 898 4271 cumimpediat,
918 4202 1078 4269 quominus
1096 4209 1187 4258 motus
1204 4218 1267 4259 cnm
1284 4200 1434 4271 phthongis
1451 4197 1606 4270 systematis
1622 4214 1731 4267 ιοιιιιιιν

370 4284 479 4347 rentur,
497 4280 599 4349 quippe
615 4280 644 4334 hi
662 4295 755 4337 omnes
772 4283 844 4337 inter
862 4294 892 4336 se
911 4282 1170 4338 commensurabiles
1188 4287 1265 4337 sunt:
1283 4282 1354 4337 haec
1370 4282 1455 4349 iqitm
1471 4293 1556 4334 musa
1572 4276 1625 4331 fuit
1640 4274 1731 4331 Ptolo·

373 4370 465 4420 maso,
485 4374 632 4426 conquas
645 4356 793 4413 neffabilia
810 4366 882 4437 sunt,
901 4358 978 4413 effari
995 4363 1144 4418 ιιιιιιιιιι
1160 4378 1210 4432 per
1227 4376 1364 4417 numeros.
1382 4360 1427 4415 Ex
1445 4374 1500 4428 quo
1518 4357 1600 4414 datar
1615 4352 1732 4445 intslbgi

372 4434 507 4502 amplius:
526 4444 575 4492 aut
590 4453 644 4492 non
663 4446 805 4500 accuratas
823 4430 877 4493 hoc
895 4438 984 4505 capite
1002 4441 1096 4506 quaeri
1111 4448 1234 4500 motuum
1251 4441 1451 4509 proportiones,
1469 4436 1518 4491 sed
1535 4450 1585 4504 pro
1597 4433 1669 4490 reris
1686 4445 1732 4489 se·

372 4515 481 4583 cepturi
498 4513 568 4584 illas,
587 4531 658 4584 quae
675 4517 746 4570 reris
763 4524 884 4571 motuum
903 4518 1126 4585 proportionibus
1143 4522 1374 4589 appropinquant,
1392 4511 1733 4579 cenomannicam

251 4582 264 4626 5
291 4584 295 4592 ⁸
371 4596 402 4649 in
420 4610 519 4663 magna
535 4556 629 4663 aliqua
645 4602 766 4651 motuum
784 4595 911 4651 binorum
928 4595 1099 4665 planetarum
1112 4600 1270 4663 variatione,
1289 4613 1370 4666 quam
1388 4595 1512 4661 sequitur
1527 4589 1732 4645 inumerabilis

262 4688 269 4706 ’
370 4674 583 4745 proportionum
600 4674 755 4742 multitudo,
773 4688 867 4729 omnes
884 4674 955 4742 illas,
975 4688 1045 4743 qnae
1057 4694 1118 4733 curn
1136 4678 1300 4733 ιιιιιιιοιιιιιι
1314 4673 1478 4741 coincidunt,
1496 4668 1631 4727 eruendas
1649 4672 1731 4740 inque

250 4751 270 4787 '²
371 4760 554 4821 conspectum
571 4752 701 4809 locandas
718 4752 815 4822 fuisse,
834 4760 865 4807 ut
881 4760 1001 4824 pateret,
1026 4772 1155 4812 omnesne
1172 4757 1330 4811 harmoniae
1349 4752 1468 4808 omnium
1485 4751 1656 4821 planetmum
1674 4765 1730 4805 mo·

265 4866 269 4877 ι
370 4832 450 4888 tibus
468 4832 539 4887 inter
556 4847 586 4887 sa
604 4834 767 4903 comparatis
784 4832 980 4903 respondeant,
1007 4850 1043 4890 an
1059 4844 1153 4891 certae
1176 4834 1334 4899 harmoniae
1351 4831 1464 4891 sonaim
1482 4838 1619 4888 certorum
1635 4829 1730 4901 plane·

371 4920 465 4969 tarum
481 4911 620 4973 motibus?

462 5006 522 5064 Nec
540 5008 657 5064 obscena
674 5016 717 5065 est
734 5008 875 5077 emphasis,
889 5006 1034 5063 locutionis
1051 5008 1150 5077 hujus:
1176 5020 1315 5079 «quonam
1327 5014 1409 5078 pecto
1427 5007 1489 5078 quis
1505 5007 1659 5077 sensuit»,
1677 5008 1731 5066 hne

371 5088 513 5156 indicans,
540 5087 569 5142 id
587 5088 660 5155 quod
679 5104 785 5143 sumere
803 5088 974 5147 Ptolemaeus
992 5086 1165 5156 intendebat,
1190 5088 1300 5143 omnino
1319 5086 1430 5144 difficile
1448 5096 1475 5143 et
1490 5085 1652 5157 perplexum
1668 5102 1732 5143 essa

372 5176 479 5239 ιιιιιι,
506 5182 556 5223 ιιι
575 5169 640 5235 qnia
655 5168 730 5225 modi
748 5168 889 5225 sunnonis
908 5166 988 5237 rna,
1016 5180 1067 5223 seu
1084 5166 1150 5235 quia
1166 5166 1195 5222 ιι
1212 5167 1327 5237 augum
1343 5167 1504 5222 mconstsns
1519 5172 1642 5222 ιιιιιιιιι
1657 5165 1729 5223 cale·

1510 5257 1573 5319 26*
