4467 6192
523 648 587 722 ιιι
914 647 956 703 De
973 647 1094 708 Motibus
1109 649 1284 706 Pianotarnm
1302 647 1479 706 Harmonicis.

524 829 769 901 ιιιιιιιιιιιιιιιι,
803 844 858 889 nec
885 827 944 888 niti
969 845 1061 889 ιιιιιιιι
1091 805 1171 890 dccii
1198 830 1390 904 oppositum
1422 825 1871 932 ιιιιιιιιιιιιιιιωιιβιπυικι

524 907 1021 1075 mappampppnppnpppciou)
1043 916 1124 977 bono
1145 916 1304 996 (mmmm
1317 924 1345 977 ec
1358 915 1540 993 demina)
1561 924 1589 978 er
1602 917 1671 992 ιιι
1683 914 1872 974 munuum

614 1103 773 1166 Arioma
794 1105 907 1165 xcvi.
951 1105 1118 1167 Solidurnm
1141 1107 1298 1185 figurarum
1328 1107 1511 1170 interlocutio
1533 1108 1609 1166 iuter
1630 1106 1718 1166 orbes
1739 1105 1874 1183 plauste-

525 1192 594 1265 rios,
616 1192 642 1249 ιι
663 1192 757 1252 libera
779 1201 838 1266 cst,
869 1211 924 1254 nec
944 1194 1182 1271 praecedentium
1206 1211 1359 1256 causarum
1380 1195 1606 1255 necessitatibus
1627 1192 1786 1271 impedita,
1809 1209 1874 1271 per·

526 1277 654 1339 tectione
674 1282 761 1355 sequi
783 1280 871 1340 debet
887 1271 1060 1358 ¹analogium
1082 1285 1301 1361 inscriptionum
1330 1293 1360 1343 et
1388 1283 1686 1360 circumscriptionem
1718 1281 1876 1358 geometri·

528 1381 636 1439 carum,
661 1367 795 1444 adeoque
819 1375 849 1427 ιι
870 1369 1052 1429 conditiones
1073 1371 1273 1449 proportionis
1295 1373 1498 1447 inscriptorum
1520 1367 1560 1428 ad
1582 1369 1824 1446 circumscriptos.

611 1457 686 1514 Nihil
704 1458 774 1514 enir'n
793 1468 836 1515 est
851 1462 938 1530 magis
964 1468 1190 1522 consentaneum
1218 1479 1299 1532 qnam
1325 1469 1357 1519 ut
1380 1462 1520 1548 inscriptio
1546 1460 1660 1530 physica
1677 1459 1875 1529 geometricam,

525 1539 654 1604 tanquam
673 1550 742 1606 opus
760 1548 855 1609 typum
870 1553 959 1602 sunm,
978 1545 1074 1596 exacte
1092 1548 1337 1615 repraesentet.

611 1627 830 1707 Propositio
853 1629 979 1690 XLVII
1028 1631 1061 1692 Si
1082 1631 1239 1711 figurarum
1262 1637 1335 1697 inter
1366 1631 1501 1710 planetas
1523 1631 1675 1708 inscriptio
1696 1605 1791 1691 libera
1812 1631 1875 1704 init,

527 1716 691 1777 teiratdrcn
714 1735 805 1796 supra
827 1727 947 1796 tangere
970 1717 1077 1780 debuit
1093 1721 1210 1799 angulis
1233 1722 1344 1788 orbem·
1341 1718 1528 1798 ·peribclium
1550 1717 1639 1780 iovis
1661 1725 1780 1792 ιιιιιι,
1804 1719 1878 1782 iubs

527 1806 634 1865 centris
655 1804 806 1880 planorum
836 1806 985 1883 apbelinm
1008 1807 1112 1868 Martis
1145 1817 1257 1870 exacte.
1302 1807 1403 1870 Cubus
1426 1823 1497 1868 vero
1526 1814 1556 1866 et
1579 1805 1737 1867 outaiidrou
1760 1807 1877 1884 ungulis

525 1894 557 1949 in
580 1894 680 1952 orbern
702 1893 876 1970 peribolium
896 1897 943 1954 sui
966 1911 1101 1973 ιιιιιιιιι
1124 1896 1261 1973 planetae
1282 1897 1459 1965 insistentes,
1481 1895 1587 1954 centris
1610 1892 1764 1970 planorum
1788 1911 1878 1972 peno·

527 1987 603 2038 ιιιιι
625 1980 790 2040 debuerunt
811 1982 912 2042 orbum
932 1984 979 2042 sui
1001 1985 1163 2057 interioris,
1194 1987 1237 2044 sic
1258 1991 1291 2042 ιι
1313 1983 1366 2044 ιιι
1388 1989 1488 2043 centra
1510 1989 1661 2041 vorsentur
1684 1981 1761 2040 intra
1785 1983 1877 2054 orbes,

492 2121 498 2143 ,
527 2065 676 2143 apbelium
697 2075 728 2127 ιι
749 2068 929 2145 peribolium.
953 2070 1165 2132 Dodscaitdron
1190 2078 1291 2132 contra
1306 2077 1335 2131 et
1350 2067 1523 2142 icosledron,
1546 2067 1662 2144 angulis
1685 2075 1769 2128 extra
1791 2071 1878 2131 strin-

527 2161 629 2230 gentes
651 2173 771 2216 snorum
794 2157 978 2232 planetarum
1001 2158 1087 2219 orbes
1109 2158 1276 2236 peribelios,
1301 2157 1406 2218 centris
1427 2156 1581 2233 planorum
1603 2173 1661 2215 non
1684 2153 1774 2232 plano
1789 2159 1881 2216 ιιιιι-

527 2257 597 2318 gere
620 2242 783 2303 debuerunt
804 2243 937 2319 aphelios
965 2245 1051 2305 orbes
1072 2263 1191 2306 sucrum
1225 2249 1403 2306 interiorum
1449 2243 1577 2304 Echinus
1600 2242 1728 2346 denique
1750 2243 1879 2303 dedeca-

527 2327 658 2403 tineus,
690 2338 771 2389 stans
780 2332 914 2407 anguiis
945 2335 975 2391 in
1005 2333 1147 2409 perihelio
1172 2335 1241 2394 orbe
1265 2333 1383 2406 Martis,
1415 2331 1519 2391 mediis
1549 2331 1666 2436 punctis
1695 2332 1879 2392 inversorum

528 2416 660 2492 latorum,
683 2393 783 2478 radios
804 2419 888 2479 binos
910 2419 1021 2481 solidos
1044 2423 1347 2502 interstingnentium,
1377 2419 1480 2479 debuit
1503 2421 1602 2479 venire
1624 2419 1756 2498 proxime
1780 2419 1879 2480 orbern

533 2503 683 2591 aphelium
705 2505 838 2567 Veneris.

613 2588 667 2651 Est
685 2597 755 2651 enirn
773 2597 929 2654 tetraedron
947 2597 1035 2669 figura
1052 2597 1142 2657 medie
1158 2599 1346 2670 primariarum
1363 2604 1391 2654 et
1410 2601 1517 2662 ortuet
1535 2593 1615 2652 situ
1607 2613 1635 2651 ru
1652 2595 1764 2664 mundo,
1784 2613 1879 2668 sequu-

530 2673 593 2732 iiter
610 2674 708 2746 igitur,
735 2677 758 2731 si
776 2676 845 2733 nihil
861 2677 1042 2748 inpediebat,
1069 2694 1239 2735 summovere
1258 2677 1352 2736 debuit
1376 2684 1520 2747 utramque
1538 2675 1676 2744 regionem
1704 2684 1733 2732 et
1750 2677 1828 2732 Jovis
1853 2683 1881 2732 et

526 2753 634 2810 Martis.
672 2755 721 2810 Cui
746 2755 811 2826 quia
829 2756 915 2811 cubus
933 2773 1041 2812 sursum
1070 2763 1129 2812 erat
1146 2763 1174 2812 et
1192 2757 1319 2831 ιιιιιιιι,
1345 2753 1535 2814 dodeca'edrcn
1562 2753 1690 2810 deorsum
1708 2764 1736 2811 et
1753 2753 1880 2814 intenbs:

529 2846 580 2899 ιιιι
597 2841 656 2888 erat
674 2850 747 2904 ergo,
765 2841 795 2890 nt
813 2842 842 2891 et
859 2833 967 2890 illorum
984 2833 1126 2904 inscriptio
1147 2834 1287 2892 affectaret
1303 2835 1521 2890 contrarietatem
1540 2831 1608 2902 ejus,
1624 2835 1705 2901 cuins
1723 2834 1879 2890 tetraedrnn

528 2913 641 2969 tenebat
658 2912 783 2985 medium,
804 2923 832 2972 et
849 2915 936 2970 altera
952 2913 1059 2984 illarum
1078 2931 1222 2972 excessum
1239 2913 1341 2970 iaceret
1359 2911 1551 2981 inscriptionis,
1570 2909 1655 2966 altera
1672 2912 1823 2982 deiectum,
1842 2912 1880 2966 ai·

529 2993 589 3046 tera
607 3004 645 3047 sc.
663 2992 820 3050 interiorem
846 2997 939 3051 orbem
963 2994 1161 3063 quadamtenus
1187 3000 1361 3066 penetraret,
1388 2993 1474 3050 ultera
1497 3008 1552 3047 non
1570 2990 1726 3062 attingeret.
1762 2993 1800 3048 Et
1819 2993 1882 3062 qnia

530 3069 678 3126 octaedron
696 3079 739 3127 ιιι
757 3072 828 3129 cubo
846 3078 999 3142 cognatum,
1018 3072 1158 3143 aequalem
1176 3072 1278 3129 babens
1298 3073 1403 3129 urbium
1421 3069 1632 3140 proportionem,
1651 3069 1806 3128 icosiedron
1818 3089 1882 3128 uero

530 3149 713 3206 dodeceedro:
740 3153 814 3224 qnod
831 3153 916 3225 igitur
933 3146 1019 3207 cubus
1036 3151 1121 3209 lubet
1138 3154 1172 3208 de
1189 3152 1357 3224 perfectione
1381 3148 1581 3222 inscriptionis,
1608 3147 1680 3202 idem
1708 3159 1735 3206 et
1753 3152 1882 3208 octaedro

532 3227 689 3297 debebatur,
714 3229 787 3303 qnod
806 3231 1004 3302 dodecaedron,
1022 3232 1094 3287 idem
1113 3240 1142 3289 et
1158 3232 1301 3290 icosiedro.
1320 3231 1360 3290 Et
1376 3237 1418 3286 est
1429 3227 1576 3285 consimilis
1594 3225 1712 3284 octaedri
1731 3229 1802 3285 situs
1820 3232 1882 3286 situi

530 3305 600 3377 cubi,
619 3308 743 3365 icouiedri
762 3328 825 3369 vero
843 3311 907 3368 situi
925 3275 1101 3384 dudeisedri,
1129 3313 1194 3382 quia
1211 3320 1240 3368 ut
1259 3313 1345 3368 cubus
1363 3311 1480 3366 alterum
1497 3315 1572 3365 tenet
1588 3306 1733 3368 terminum
1752 3308 1787 3364 ad
1807 3317 1881 3364 exte·

531 3350 613 3454 riori,
641 3387 680 3442 sic
699 3389 847 3454 octaedron
864 3397 939 3447 tenet
956 3391 1090 3460 reliquum
1109 3400 1259 3448 extremum
1278 3391 1313 3446 ad
1330 3389 1461 3454 interiora
1477 3386 1583 3450 mundi,
1609 3385 1802 3444 dodecaedron
1820 3405 1881 3444 vero

531 3470 560 3519 et
576 3464 728 3521 i'cosiedron
746 3468 882 3525 mediant:
911 3470 1036 3525 convenit
1053 3469 1138 3541 igitur
1155 3471 1237 3526 etiam
1255 3468 1350 3526 similis
1368 3467 1525 3558 inscriptio,
1543 3465 1601 3521 illic
1618 3466 1793 3535 penetrativa
1811 3468 1882 3524 orbis

531 3544 674 3614 planetarii
690 3546 834 3614 interioris,
853 3549 898 3603 hic
918 3547 1045 3604 deficiens
1063 3549 1098 3606 ab
1115 3547 1173 3604 iiic.
1209 3547 1332 3604 Echinus
1350 3562 1422 3616 veru,
1441 3546 1487 3614 qui
1506 3544 1704 3601 summitatibus
1723 3545 1882 3615 angulorum

510 3643 516 3655 ·
532 3631 721 3693 repraesentat
738 3626 906 3697 icosiedron,
933 3627 1043 3683 basibus
1061 3627 1267 3696 ιοιιιιιιιοιι,
1295 3637 1437 3697 utramque
1460 3626 1541 3682 etiam
1558 3622 1712 3694 regionem,
1738 3632 1796 3680 tam
1815 3625 1882 3680 inter

532 3705 649 3758 Martem
668 3714 696 3759 et
713 3705 849 3762 Tellurem
867 3706 1045 3780 dodecaedro,
1072 3724 1154 3776 quarn
1171 3709 1242 3767 inter
1256 3708 1394 3764 Tellurem
1412 3714 1440 3764 et
1456 3705 1587 3762 Venerem
1605 3702 1747 3760 icosaitdro
1766 3704 1882 3760 tributas

532 3781 657 3854 implere,
684 3784 827 3856 complecti
849 3801 898 3841 sen
922 3785 1065 3856 disponere
1088 3785 1189 3842 debuit.
1225 3787 1323 3844 Utrum
1344 3793 1435 3843 autem
1468 3783 1653 3854 oppositurum
1679 3780 1734 3836 utri
1759 3781 1883 3838 societati

533 3862 691 3931 conveniat,
719 3863 827 3918 ιιιοιιιι
851 3864 1031 3934 praemissum
1057 3863 1161 3922 clarum
1188 3864 1261 3924 tacit.
1298 3863 1466 3920 Tetraiidron'
1484 3861 1570 3928 enim,
1597 3859 1701 3915 babens
1723 3859 1882 3929 inscriptum

533 3940 625 3996 orbem
643 3941 797 4009 enubilem,
826 3941 944 4000 medinm
962 3944 1059 4000 ιοιιιιι
1075 3953 1118 4000 ιιι
1141 3944 1231 4002 lucum
1249 3945 1320 4002 inter
1337 3943 1495 4015 primarias,
1522 3940 1623 4009 stipata
1641 3939 1771 4010 utrinque
1789 3939 1881 4007 figuris

531 4019 843 4082 incommensurabilium
861 4023 974 4087 orbium,
992 4040 1106 4093 quarum
1125 4025 1243 4084 exterior
1260 4023 1356 4088 cubos,
1374 4019 1487 4076 interior
1505 4017 1703 4086 dodecaddron,
1722 4034 1774 4088 per
1788 4035 1846 4089 cup.
1859 4022 1881 4075 ι.

531 4098 621 4168 hujus.
658 4101 733 4156 ilaec
751 4117 814 4157 vero
832 4103 949 4172 qualitas
968 4104 1145 4174 geometrica,
1164 4101 1308 4163 affabilitas
1326 4099 1456 4170 inscripti,
1474 4105 1663 4171 repraesentat
1679 4097 1708 4152 in
1726 4105 1827 4154 natura
1843 4099 1882 4152 in·

532 4178 706 4250 scriptionem
724 4179 867 4251 planetarii
886 4181 959 4236 orbis
976 4180 1133 4250 perfectam.
1170 4181 1263 4238 (lubus
1284 4181 1367 4250 igitur
1388 4196 1449 4235 cunr
1473 4178 1548 4240 socia
1564 4177 1667 4232 babent
1684 4177 1882 4248 inscriptosex

532 4257 643 4314 dimidio
662 4259 758 4314 saltem
777 4259 911 4328 effabiles,
929 4261 957 4316 ιι
976 4267 1018 4316 ιιι
1034 4259 1104 4324 sola
1111 4259 1245 4329 potentia,
1273 4259 1372 4316 debent
1389 4257 1472 4328 igitur
1489 4253 1706 4328 semiperfectum
1723 4273 1883 4345 repraesen-

532 4346 591 4393 tare
608 4338 826 4408 inscriptionem,
846 4339 891 4395 ubi
903 4301 968 4396 iicet
986 4357 1041 4396 non
1059 4339 1120 4409 ipsa
1137 4338 1211 4395 urbis
1232 4337 1377 4410 planetarii
1395 4335 1565 4402 extremitas,
1591 4342 1621 4390 at
1645 4333 1744 4390 saltam
1770 4334 1883 4390 interius

533 4417 634 4488 aliquid
653 4426 681 4474 et
698 4418 856 4473 nominatim
874 4419 1004 4476 medietas
1021 4419 1094 4474 inter
1112 4419 1209 4488 orbes,
1237 4417 1375 4487 aphelium
1393 4422 1421 4471 et
1443 4415 1620 4486 periheliunr,
1648 4414 1671 4470 si
1688 4430 1740 4486 per
1758 4401 1825 4470 aliis
1843 4429 1883 4468 ra·

532 4499 621 4553 tiones
639 4492 710 4552 fieri
716 4498 817 4566 possit,
845 4499 996 4570 attingatur
1014 4514 1030 4553 a
1048 4499 1148 4554 centris
1175 4497 1319 4572 planorum
1346 4495 1458 4564 figurae.
1493 4492 1690 4550 Dodecaedron
1709 4500 1806 4550 scutra
1823 4508 1883 4548 curu

534 4578 609 4632 socia
625 4577 728 4632 babent
745 4576 891 4648 inscriptus
908 4576 989 4648 piane
1006 4575 1159 4633 ineffabiles
1178 4585 1206 4632 ιι
1217 4574 1387 4646 longitudine
1398 4572 1466 4631 radii
1484 4580 1512 4628 ιι
1529 4571 1663 4642 potentia:
1683 4571 1788 4644 debent
1803 4571 1884 4640 igitm

534 4653 616 4726 plane
633 4656 818 4726 imperfectam
835 4661 1040 4728 repraesentare
1057 4655 1262 4726 inscriptionem
1280 4661 1308 4708 et
1325 4653 1434 4723 penitus
1452 4649 1518 4706 nibil
1538 4649 1571 4706 de
1588 4651 1655 4712 orbe
1673 4635 1827 4718 planetario
1846 4653 1884 4702 at·

534 4735 696 4826 tingentem,
714 4735 768 4790 hoc
785 4741 829 4790 est
846 4732 1017 4792 deiicientem
1036 4744 1064 4790 et
1081 4751 1171 4812 usque
1188 4734 1222 4789 ad
1241 4731 1378 4804 aphelium
1397 4731 1522 4804 planetae
1540 4729 1633 4786 orbem
1651 4744 1706 4782 non
1723 4726 1806 4798 plane
1825 4743 1885 4797 per·

534 4812 681 4882 tingentem
699 4829 810 4868 suorum
837 4813 981 4884 planorum
998 4814 1107 4869 centris.
1144 4813 1280 4880 Echinus,
1308 4809 1360 4866 etsi
1386 4809 1556 4866 dodecatdro
1581 4815 1609 4862 et
1634 4805 1725 4862 sociae
1752 4813 1886 4897 cognatus

534 4899 586 4959 est,
604 4891 687 4947 babet
704 4897 796 4946 tamen
813 4890 915 4960 aliquid
933 4890 1020 4946 simile
1036 4891 1183 4946 tetraedro
1220 4853 1289 4945 liaris
1300 4889 1393 4944 radius
1410 4887 1534 4958 inscripti
1550 4886 1680 4942 lateribus
1693 4885 1753 4953 ejus
1771 4885 1885 4940 inversis

534 4975 579 5025 est
596 4969 703 5038 quidem
721 4969 997 5027 incommensurabilis
1016 4969 1211 5040 circumscripti
1230 4969 1315 5039 radio,
1334 4976 1363 5023 at
1375 4965 1623 5023 commensurabilis
1642 4972 1685 5020 est
1701 4961 1811 5019 interim
1829 4963 1885 5018 lon·

535 5049 656 5118 gitndine
673 5048 820 5105 ιιιιιιιιιιι
836 5051 961 5106 binorum
980 5049 1141 5121 auguriorum
1159 5051 1315 5109 vicinorum.
1351 5047 1448 5117 itaquo
1464 5045 1596 5116 perfectio
1613 5041 1884 5099 commensurationis

534 5127 854 5198 ιιιισιιιιιιιιιιιιιι,
881 5129 1147 5199 amaseam,
1165 5128 1334 5199 imperiectio
1357 5123 1630 5191 ιιιιιιιιιιιιιιιιιι,
1649 5119 1884 5192 conuiciis*
