4467 6192
862 604 946 660 biber
961 608 995 663 V.
1011 608 1100 678 caput
1117 605 1177 662 vll.

898 859 1039 932 CAPUT
1053 861 1132 932 -vll

372 1001 582 1060 Harmoniae
605 1005 822 1062 universales
851 1007 995 1062 omnium
1019 1018 1081 1064 s'ex
1103 1005 1325 1076 planetarum
1348 1004 1456 1060 veluti
1480 1009 1666 1064 communia

707 1099 956 1164 contrapuncta
973 1093 1228 1167 quadriformia
1246 1091 1328 1146 dari.

423 1231 515 1294 llunc
536 1233 775 1316 opue,'·Urania,
801 1241 899 1297 sonitu
921 1239 1051 1313 maiore,
1080 1239 1149 1298 dnm
1170 1251 1224 1314 per
1245 1236 1354 1296 scalam
1377 1236 1576 1298 harmonicam
1599 1240 1698 1303 coele-

342 1323 427 1379 stinrn
453 1331 586 1382 motuum
610 1322 776 1384 edaldum
799 1323 977 1398 conscendo,
1008 1342 1069 1402 qna
1089 1327 1235 1402 genuinus
1257 1322 1434 1401 archetypas
1462 1325 1697 1388 labrinacum-

330 1407 432 1468 danae
457 1410 625 1470 reconditus
639 1419 815 1472 asservatur.
849 1412 1020 1489 &aelffini
1044 1415 1148 1473 musici
1163 1411 1304 1485 moderni,
1319 1423 1437 1487 remque
1453 1416 1559 1474 vestris
1575 1397 1696 1492 artibus,

344 1497 519 1568 antiquitati
539 1508 606 1557 'non
630 1501 770 1574 cognitis,
801 1504 932 1560 censetei
964 1501 1028 1560 Vos
1050 1500 1096 1560 bie
1123 1499 1362 1560 sedulisultimis
1383 1501 1477 1575 prima
1499 1505 1698 1564 universitatis

341 1584 479 1662 exempla
500 1588 642 1662 genuina,
672 1588 716 1645 bis
744 1586 867 1646 millium
890 1605 1032 1648 annorum
1061 1590 1217 1657 incubatn,
1246 1584 1363 1646 tandem
1386 1586 1522 1664 produxit
1549 1592 1595 1648 sni
1617 1607 1695 1650 nnn-

340 1689 427 1748 qnam
461 1687 522 1731 non
543 1673 667 1750 prodiga
695 1682 814 1749 natura,
846 1677 953 1735 vestris
981 1674 1033 1734 illa
1063 1689 1169 1734 vocum
1192 1675 1337 1733 variarum
1365 1676 1555 1736 concentibus
1585 1693 1695 1755 perque

340 1766 456 1818 ambas
479 1774 564 1820 auree
586 1777 652 1821 sese
672 1763 776 1837 ipsam,
801 1761 898 1837 qualis
920 1765 1028 1822 aabtat
1050 1765 1234 1839 penitissime
1257 1753 1334 1834 sinu,
1358 1763 1446 1822 menti
1461 1761 1616 1842 hnmanae,
1639 1767 1696 1827 Del

341 1846 491 1907 moetoris
511 1845 591 1908 illias
614 1847 837 1922 dilectissimae,
860 1846 1107 1934 insuenmavit.*)

424 1933 512 2010 Quae
533 1934 718 1995 harmonicas
746 1939 950 2014 proportiones
980 1937 1040 1998 bini
1063 1939 1203 2013 planetae
1227 1937 1316 1995 vieini
1346 1942 1478 1994 motuum
1499 1938 1621 1998 sucrum
1644 1957 1698 1998 ox-

341 2023 538 2081 iremitatibus
560 2023 829 2101 complecterentur,
853 2025 882 2083 id
905 2023 1082 2101 explicatum
1105 2025 1161 2084 luit
1175 2039 1272 2100 snpra
1318 2021 1428 2081 Verum
1444 2026 1587 2102 contingit
1609 2029 1697 2084 raris-

340 2111 422 2181 sime,
448 2118 484 2168 ut
508 2109 574 2185 duo,
598 2113 773 2190 praesertim
793 2110 963 2185 tardissimi,
986 2111 1074 2174 simul
1095 2113 1124 2171 in
1147 2127 1202 2171 sna
1225 2109 1353 2170 incidant
1376 2117 1505 2170 extrema
1524 2111 1695 2189 intervalla3

341 2196 421 2255 rerbi
444 2213 547 2270 causa,
570 2197 687 2258 Saturni
711 2207 741 2257 et
761 2197 849 2258 Jovis
871 2199 989 2276 apsides
1013 2199 1122 2258 distent
1145 2199 1258 2265 circiter
1280 2195 1351 2272 81⁰,
1375 2199 1463 2273 igitur
1485 2200 1602 2272 interea,
1627 2199 1695 2258 dum

341 2282 414 2342 baec
435 2283 554 2343 illorum
577 2285 718 2346 distantia
739 2288 827 2345 certis
847 2289 1017 2346 vicenorum
1032 2303 1175 2346 annorum
1190 2285 1315 2345 saltibus
1337 2292 1432 2343 totum
1446 2285 1598 2346 zodiacum
1613 2303 1696 2346 emc-

341 2373 439 2441 tiatnr,
464 2373 534 2430 anni
557 2370 695 2432 labuntur
719 2373 790 2450 800,
814 2391 908 2454 neque
931 2383 1029 2434 tamon
1052 2373 1162 2446 saltus,
1187 2375 1237 2449 qui
1260 2380 1398 2432 octavum
1421 2372 1537 2432 claudit
1553 2373 1695 2454 aemulum,

340 2461 476 2535 praecise
497 2459 587 2518 sertin
607 2460 645 2522 ad
666 2461 829 2537 ipsissimas
851 2461 979 2538 apsidas,
1004 2469 1033 2522 et
1053 2461 1081 2520 ai
1102 2461 1193 2536 paulo
1214 2459 1331 2536 longius
1354 2461 1483 2538 aberret,
1506 2459 1694 2537 exspectandi

340 2552 409 2604 sunt
430 2545 486 2605 alii
510 2548 572 2606 800
594 2547 672 2621 anui,
695 2555 729 2608 ut
749 2547 842 2613 sallus
865 2548 916 2609 illo
937 2548 1049 2610 felicior
1071 2565 1138 2608 eum
1159 2549 1272 2623 ratium
1294 2549 1396 2623 quaeri
1410 2547 1514 2622 possit,
1537 2547 1627 2624 idque
1647 2556 1695 2606 to·

341 2635 396 2692 ties
419 2633 595 2708 iterandum,
619 2636 734 2711 quoties
757 2634 893 2696 modulus
915 2636 1106 2700 aberrationis
1131 2637 1159 2693 in
1183 2637 1268 2693 unius
1291 2633 1384 2693 saltus
1407 2632 1550 2694 dimidiati
1572 2633 1695 2711 prolixi·

340 2728 401 2779 tate
425 2723 600 2780 continetur.
645 2719 733 2782 'l'alee
757 2722 893 2801 periodos
916 2723 1045 2786 efficiunt
1068 2724 1157 2783 etiam
1180 2731 1293 2783 ceterae
1315 2721 1403 2796 bigae
1424 2717 1573 2797 singulae,
1597 2739 1692 2797 qnan-

340 2825 431 2884 quam
455 2824 514 2866 non
537 2809 577 2867 ite
593 2808 730 2885 prolixas.
774 2810 894 2870 Interim
909 2828 978 2870 vero
990 2811 1163 2887 contingunt
1185 2811 1272 2872 ctiam
1287 2807 1363 2867 elias
1377 2807 1545 2867 barmoniae
1560 2807 1693 2867 binorum

339 2895 543 2972 planetarum,
565 2899 642 2957 inter
662 2904 760 2956 motus
782 2913 839 2956 non
863 2907 1008 2958 extremos
1029 2905 1185 2973 utrosque,
1209 2895 1261 2956 sed
1284 2893 1499 2964 intermedium,
1533 2893 1579 2952 vel
1602 2909 1692 2954 unum

340 2982 387 3042 ael
410 2991 586 3060 utrumqne,
611 3002 722 3060 eaeque
744 2986 773 3043 in
798 2985 922 3045 dirersis
945 2987 1036 3045 relicti
1059 2983 1250 3044 tensionibus.
1295 2981 1370 3040 Nam
1399 2982 1469 3057 qnia
1490 2979 1631 3038 Saturnus
1655 2997 1710 3048 ex,

342 3068 370 3128 G
391 3071 422 3128 in
446 3070 469 3128 b
491 3077 521 3130 et
542 3070 631 3148 panio
654 3073 775 3132 ulterius
797 3073 933 3145 tenditur,
957 3072 1074 3150 Jupiter
1090 3089 1125 3132 er
1147 3072 1168 3130 is
1189 3072 1218 3127 in
1239 3070 1261 3128 d
1281 3075 1311 3130 et
1332 3066 1467 3143 amplius,
1488 3073 1611 3140 posenni
1632 3067 1691 3142 igi-

339 3163 387 3215 tur
408 3160 581 3235 contingere
602 3158 808 3220 interiorem
830 3167 860 3219 et
881 3159 1039 3221 Saturnum
1067 3157 1242 3223 barmoniae,
1263 3159 1351 3215 etiam
1374 3157 1447 3236 istae
1476 3165 1564 3228 supra
1586 3151 1690 3231 diapa-

339 3262 404 3318 son,
431 3247 522 3305 tertia
544 3253 666 3322 nmaqne
696 3254 725 3305 et
748 3245 945 3320 diatessaron,
977 3246 1092 3310 illarum
1121 3245 1239 3322 quidem
1270 3239 1407 3304 alterutra
1439 3255 1491 3316 per
1518 3241 1689 3315 tensionem,

340 3349 419 3407 qnae
443 3332 538 3392 habet
559 3333 787 3408 amplitudinem·
801 3334 950 3413 reliquae,
972 3334 1045 3395 baec
1063 3329 1137 3391 'vero
1161 3350 1212 3409 per
1235 3327 1454 3406 amplitudinem
1476 3326 1537 3383 toni
1558 3327 1689 3403 maj0ris.

339 3419 536 3480 Diatenaron
558 3423 635 3480 enim
658 3423 713 3481 erit
735 3437 793 3482 nnn
815 3429 928 3482 tantam
949 3437 970 3481 a
993 3419 1020 3480 θ
1042 3421 1159 3480 Satmni
1182 3421 1212 3476 in
1235 3436 1266 3476 cc
1287 3416 1386 3486 Jovis,
1414 3411 1465 3471 sed
1488 3414 1578 3472 etiam
1599 3415 1637 3476 ab
1660 3417 1688 3476 A

338 3505 463 3565 Saturni
486 3509 516 3565 in
538 3507 581 3565 dd
593 3507 679 3567 doris
701 3516 731 3568 et
752 3525 804 3586 per
825 3507 995 3568 intermedia
1016 3509 1116 3566 omnia
1137 3509 1211 3565 inter
1224 3503 1259 3578 ti,
1282 3507 1308 3562 A
1331 3500 1408 3559 illius
1424 3507 1453 3560 ei
1468 3517 1507 3572 cc,
1530 3500 1572 3558 dd
1590 3501 1688 3580 bnjue.

338 3593 499 3670 Diapason
532 3611 601 3653 vero
632 3603 663 3653 et
693 3595 830 3672 diapente
859 3597 888 3653 ln
915 3595 987 3655 solis
1009 3593 1145 3671 apsidum
1166 3594 1280 3670 punctis
1307 3588 1455 3662 contingit.
1499 3586 1579 3646 Mare
1608 3607 1688 3666 vero,

336 3681 439 3757 majus
459 3689 565 3742 nectua
587 3680 772 3741 intervalium
794 3683 951 3759 proprium,
976 3682 1032 3759 hcc
1054 3681 1194 3753 obtinuit,
1218 3687 1250 3738 ut
1271 3677 1357 3737 ettam
1381 3673 1522 3749 diapason
1544 3692 1612 3736 cum
1634 3695 1686 3737 en-

335 3769 507 3844 perioribns
533 3784 585 3845 per
606 3769 734 3846 aliquam
757 3771 898 3829 tensionis
919 3769 1141 3845 amplitudinem
1163 3768 1259 3828 saciat.
1302 3761 1463 3822 Mercririue
1492 3767 1606 3824 tantum
1630 3765 1686 3825 cb-

336 3859 431 3917 tinnit
451 3856 655 3929 intervalium,
687 3864 719 3915 ut
745 3855 915 3933 plerumque
947 3873 1046 3915 omnes
1079 3855 1243 3915 barmoniae
1277 3867 1341 3908 cum
1371 3848 1505 3922 omnibus
1529 3852 1687 3914 constituat

337 3945 418 4002 intra
446 3960 537 4002 unam
568 3943 719 4020 periodum
746 3961 844 4015 suam,
876 3960 952 4019 quae
981 3959 1039 4003 uon
1068 3937 1207 4019 prolixior
1232 3945 1275 3996 eet
1305 3937 1390 3996 trium
1413 3937 1555 3995 mensium
1577 3941 1682 4014 spatio.

335 4029 445 4089 Tellus
468 4048 485 4090 e
508 4039 609 4089 contra
629 4029 790 4106 Venusque
811 4030 903 4090 multo
925 4032 1019 4107 magis
1041 4030 1175 4106 angustia
1195 4025 1375 4101 propriorum
1398 4022 1615 4086 intervallorum
1636 4044 1685 4098 re-

335 4119 490 4193 stringunt
511 4118 678 4177 barmoniae
700 4134 769 4176 suas
792 4134 849 4176 non
873 4126 986 4179 mntem
1008 4134 1074 4177 cum
1095 4115 1211 4186 ceteris,
1243 4109 1295 4170 sed
1317 4112 1442 4170 maxime
1465 4112 1538 4170 inter
1560 4130 1592 4171 se
1614 4131 1684 4172 mu-

335 4212 418 4278 tuae,
440 4204 482 4263 ad
504 4207 681 4282 paucitatem
703 4204 902 4280 spectabilem.
949 4203 1060 4280 Quodsi
1083 4211 1140 4260 tres
1163 4202 1192 4260 in
1214 4216 1302 4258 unam
1317 4197 1497 4257 harmoniam
1520 4202 1684 4275 conspirare

338 4292 488 4360 debeant,
520 4291 628 4350 multae
658 4291 776 4368 qnidam
797 4294 877 4352 nicee
907 4300 975 4351 sunt
1001 4286 1223 4366 exspectandae,
1253 4284 1362 4345 multae
1392 4294 1489 4346 tamen
1516 4285 1684 4348 barmoniae

334 4387 425 4452 sunt,
456 4386 491 4436 nt
521 4381 561 4438 ita
581 4385 662 4438 tanto
690 4379 804 4439 facilins
832 4381 1013 4455 contingant,
1045 4377 1112 4435 dum
1136 4376 1259 4434 vicinam
1283 4390 1366 4432 suam
1395 4374 1528 4449 proxima
1549 4389 1683 4450 quaeque

335 4468 460 4541 excipit,
485 4465 678 4541 videnturque
699 4465 774 4524 inter
795 4465 928 4538 Martem,
951 4458 1096 4525 Tellurem
1115 4455 1146 4522 et
1168 4462 1342 4522 Mercurium
1365 4459 1491 4537 triplices
1515 4461 1682 4537 contingere

333 4551 537 4630 saepiuscule.
580 4550 713 4626 Quatuor
734 4569 804 4613 vero
825 4553 1007 4630 planetarum
1027 4551 1196 4610 barmoniae
1214 4547 1276 4624 jam
1298 4548 1438 4624 incipiunt
1459 4548 1556 4621 spargi
1579 4548 1609 4606 in
1632 4567 1681 4610 se·

339 4637 421 4714 cula,
447 4641 578 4716 quinque
600 4640 782 4716 planetarum
805 4643 834 4701 in
856 4639 1003 4719 myriades
1024 4654 1174 4698 annorum.
1221 4632 1260 4695 Ut
1277 4651 1345 4694 vcro
1368 4650 1419 4692 sex
1434 4647 1534 4691 omnes
1556 4649 1682 4696 consen-

415 4833 442 4883 a)
455 4831 643 4882 ascenaentem
656 4829 738 4879 ianam,
754 4831 774 4870 el
787 4841 800 4869 a
813 4829 909 4882 singuiis
922 4824 988 4878 bajus
1001 4825 1083 4866 aetatis
1097 4821 1243 4872 eompouletla
1257 4819 1398 4861 mdfleloeam
1412 4819 1509 4872 aliquam
1520 4823 1625 4863 motaum
1639 4833 1679 4874 pro

332 4887 377 4928 aaa
390 4884 472 4935 elogio
485 4884 590 4934 exitam?
617 4885 712 4924 Μαῖα
726 4883 769 4923 buc
782 4885 857 4933 aptum
871 4881 960 4921 Pasites
973 4877 1058 4924 Rapina
1071 4876 1185 4926 uterique
1199 4871 1262 4914 baert
1276 4873 1326 4912 iibri
1340 4871 1483 4921 aoppediiare
1496 4875 1609 4923 poterunt.
1636 4875 1678 4917 Ve-

333 4951 383 4980 raea
398 4941 460 4980 lasus
473 4938 561 4984 roario
573 4937 637 4976 coelo
650 4937 727 4985 pieres
741 4945 805 4986 quara
818 4945 859 4976 aaa
871 4944 916 4974 aon
929 4929 1070 4972 concordant.
1096 4926 1229 4972 lisiniarum
1248 4925 1342 4966 seorsim
1356 4935 1417 4964 enam
1430 4925 1554 4978 menodlapn
1566 4929 1677 4978 mamae,

334 4993 417 5032 pm.
432 4995 458 5030 η
472 4990 537 5030 enni.
550 4989 661 5030 agiam,
689 4987 793 5030 contem
814 4985 932 5036 symbolae,
947 4992 1001 5030 epo,
1023 4983 1047 5020 ut
1063 4979 1121 5019 liber
1133 4979 1182 5027 flat,
1206 4989 1246 5018 sex
1264 4977 1364 5028 partibus
1381 4983 1504 5020 curatorem
1520 4990 1556 5020 nra
1576 4979 1678 5024 sedulum

332 5046 455 5094 popum,
485 5041 528 5090 Qui
542 5041 633 5092 propin.
644 5042 751 5082 mpetum
764 5039 884 5086 seelestam
897 5035 1006 5087 exprimet
1020 5033 1062 5074 boo
1075 5041 1143 5083 opera
1156 5031 1298 5081 desumptam,
1314 5029 1421 5072 bulocllo
1436 5035 1527 5083 eertum,
1542 5031 1676 5081 UranleVe·

333 5109 413 5140 aaran
428 5103 535 5148 sponsant
546 5094 665 5147 mmet
