4467 6192
551 696 614 757 ais
697 744 702 765 ,
1061 690 1210 752 Pmlemati
1227 690 1384 752 Ηιιιιιιίι.

551 866 606 922 laos
623 867 709 935 aspis
730 866 797 925 illae
813 873 869 923 tan
887 865 1009 935 singulae
1031 866 1088 923 suis
1106 867 1217 930 ιιιιιιιιιιι,
1244 882 1327 935 quam
1344 867 1488 923 insusse
1505 866 1611 935 imaus
1636 866 1730 938 operis
1749 872 1896 937 aem

551 952 581 1001 st
597 946 807 1015 eompireutan
823 953 927 1003 csrtnm
945 961 1025 1015 opus.
1060 946 1137 1004 Hace
1154 953 1198 1003 est
1219 958 1304 1004 canu
1318 944 1452 1005 unumne
1469 950 1499 1001 et
1515 944 1662 1016 mamm,
1685 943 1812 1013 aamefior
1828 951 1897 999 ana·

552 1036 607 1093 que
622 1036 712 1079 rerum
735 1024 781 1080 lric
798 1032 1029 1094 comparaturum,
1051 1024 1119 1093 quin
1137 1022 1267 1079 iniormat
1282 1038 1337 1079 non
1355 1030 1462 1079 tantum
1484 1021 1644 1079 neuim
1660 1021 1772 1080 eattae
1797 1021 1833 1077 ad
1848 1021 1898 1078 dis

551 1102 702 1159 cernendos
720 1119 803 1159 sonos
827 1110 857 1159 et
874 1103 1088 1172 dignoscendum
1106 1118 1255 1172 congruum
1276 1098 1312 1157 ab
1329 1099 1493 1172 incongruo,
1518 1099 1610 1171 adque
1634 1099 1845 1155 ιιιιιιιιιιίιιισιιι
1859 1114 1899 1155 m

551 1179 678 1251 piendam
693 1197 731 1237 ex
748 1182 890 1251 congruis,
916 1181 1036 1237 dolorem
1059 1196 1094 1237 ex
1111 1180 1283 1251 incongruis,
1306 1180 1356 1235 aad
1373 1180 1502 1237 informat
1518 1181 1602 1237 etia·
1622 1188 1680 1237 tam
1696 1186 1826 1236 uatum
1843 1178 1899 1235 snb

551 1264 681 1331 laomen,
700 1276 770 1332 quae
789 1269 831 1316 est
849 1262 939 1317 anima
957 1261 1067 1329 Terrae,
1086 1276 1168 1329 quam
1186 1259 1290 1314 animas
1307 1269 1470 1315 cunctorem
1486 1260 1641 1325 urendum,
1659 1258 1695 1315 ad
1707 1258 1900 1319 Quinta

553 1350 603 1391 asu
622 1338 738 1406 angulos
754 1340 891 1397 radiorum
910 1342 1034 1397 binorum
1053 1343 1081 1395 in
1095 1340 1182 1395 Terra
1197 1338 1340 1407 formatos,
1358 1354 1408 1394 seu
1420 1355 1562 1396 mensuras
1577 1352 1681 1406 smum,
1696 1353 1781 1395 arcas
1794 1338 1900 1405 todisd,

550 1412 695 1472 distinctos
712 1433 729 1472 a
747 1426 806 1475 toto
825 1436 874 1489 per
892 1419 1028 1488 etjeuum
1047 1420 1162 1477 duorum
1180 1432 1326 1487 corporum
1343 1418 1571 1487 planetariorum,
1595 1424 1625 1482 et
1641 1415 1842 1486 comparandos
1857 1430 1901 1471 eos

553 1510 616 1551 cnm
635 1495 747 1552 zodiaco
764 1504 838 1568 toto,
857 1505 888 1553 ut
907 1498 931 1552 si
948 1498 1059 1566 qnando
1078 1498 1282 1567 proportionem
1298 1496 1482 1553 ammonicam
1505 1497 1712 1567 deprehendant
1733 1498 1810 1552 inter
1825 1495 1901 1551 tals·

551 1578 658 1642 parte·
676 1581 704 1629 st
721 1583 816 1645 totum
836 1592 851 1631 e
869 1575 983 1646 restiqio
1000 1576 1055 1633 sint
1073 1589 1215 1644 operosae,
1233 1574 1281 1635 illa
1298 1575 1408 1644 quidem
1425 1576 1454 1630 in
1465 1576 1605 1633 eliciendis
1617 1574 1738 1631 inmissi
1749 1573 1899 1643 rapotmm

549 1667 586 1707 ex
610 1651 708 1721 quilius
732 1660 853 1711 meteors
869 1654 952 1722 diunt,
977 1654 1047 1711 istae
1070 1669 1133 1709 vero
1151 1654 1180 1707 in
1197 1645 1316 1707 motibus
1334 1652 1391 1707 suis
1407 1652 1640 1709 maturiensibus
1676 1652 1777 1720 itaque
1800 1650 1900 1720 quodsi

550 1730 623 1787 duae
641 1731 763 1789 chordae
778 1733 937 1807 aequaliter,
949 1742 1044 1787 tensae
1062 1733 1134 1787 inter
1152 1748 1182 1785 se
1200 1739 1368 1799 consonant,
1391 1731 1474 1789 toties
1491 1729 1609 1791 faunus
1626 1730 1737 1787 ιιιιιίὶιιιι
1753 1728 1901 1787 rationl'u·

551 1807 619 1864 siais
636 1824 671 1865 ex
690 1808 824 1881 longiore,
848 1812 890 1865 vel
910 1812 933 1865 si
951 1812 1019 1867 haee
1037 1812 1126 1865 minor
1143 1808 1228 1879 duplo
1246 1808 1382 1878 reliquae,
1407 1818 1473 1865 tunc
1497 1825 1534 1867 ex
1550 1808 1710 1865 alterutrius
1735 1806 1826 1879 duplo
1842 1822 1900 1875 qao

548 1884 682 1956 dsuplove
709 1888 776 1945 iacit
798 1889 941 1959 circulum,
970 1897 997 1943 et
1019 1904 1075 1958 qua
1098 1890 1187 1957 ligura
1210 1887 1329 1956 requini
1357 1889 1384 1943 in
1417 1888 1470 1943 hoc
1487 1886 1589 1965 circulo
1613 1886 1775 1956 designetur
1791 1885 1902 1954 reliqua

553 1970 683 2033 tanquam
700 1981 765 2037 pars
783 1968 811 2023 in
829 1968 912 2036 hujus
930 1966 1024 2023 ciculi
1042 1968 1169 2035 semisse,
1194 1964 1356 2022 considerat
1391 1966 1429 2021 Ει
1454 1967 1483 2021 in
1500 1965 1613 2023 sodmco
1627 1966 1737 2028 ¹nullum
1756 1965 1792 2021 tit
1808 1973 1902 2019 status

446 2076 449 2081 -
552 2040 672 2109 initium,
700 2058 751 2100 nee
769 2046 839 2101 ratio
857 2045 974 2101 habetur
995 2046 1026 2105 12
1044 2044 1198 2114 aequalium
1216 2045 1384 2113 portionum.
1401 2059 1472 2115 quac
1489 2042 1568 2114 signa
1584 2044 1727 2112 dicuntum
1750 2044 1805 2100 sod
1822 2043 1901 2110 rasni

552 2126 648 2178 runtur
668 2122 724 2178 duo
742 2123 869 2193 planetae
895 2122 945 2179 sub
965 2139 1011 2191 eo,
1035 2122 1071 2190 ad
1089 2122 1260 2179 formandum
1278 2125 1437 2193 &aspectam
1468 2123 1626 2194 ubicunque
1643 2125 1702 2192 jam
1723 2124 1800 2179 alter
1815 2137 1902 2177 eom·

552 2198 684 2268 connatis,
702 2201 766 2257 inde
783 2209 895 2272 putatur
912 2199 1006 2259 ononi
1022 2201 1136 2259 mitium.
1173 2202 1248 2257 ilaec
1266 2202 1350 2269 igitur
1372 2212 1415 2260 eat
1433 2203 1513 2262 unica
1526 2216 1595 2259 rara
1615 2211 1645 2268 et
1660 2200 1798 2258 naturalis
1814 2213 1900 2265 unu,
1972 2263 1973 2270 ,

552 2290 601 2331 cur
622 2278 718 2335 merito
743 2288 936 2349 comparantur
962 2286 1089 2348 aspectus
1111 2278 1213 2349 singuli
1235 2296 1296 2335 sum
1322 2278 1435 2348 singulis
1461 2282 1646 2337 masonantiis
1671 2296 1727 2335 uon
1753 2278 1900 2335 minoribns

552 2372 633 2425 quam
651 2356 796 2427 diapason,
822 2360 925 2431 quippe
943 2367 1087 2428 utrumque
1110 2359 1224 2415 effectus
1241 2367 1286 2415 ast
1303 2361 1383 2415 unius
1405 2367 1435 2414 et
1450 2359 1574 2427 ejusdem
1596 2375 1697 2417 comae
1715 2356 1902 2427 ιιιὴοιιιιίαι

551 2434 580 2491 in
604 2434 694 2491 anima
717 2437 861 2493 residentis
888 2440 1056 2507 eandemque
1074 2453 1235 2495 mensuram
1259 2437 1464 2505 quantitativum
1486 2438 1578 2495 nabet
1615 2437 1821 2494 Consonant‘ns
1838 2450 1903 2497 m

552 2524 623 2581 uuae
642 2523 707 2571 sunt
721 2516 840 2573 mnsam
859 2534 940 2591 quam
959 2517 1100 2587 diapason,
1118 2516 1222 2573 habent
1235 2516 1294 2583 jam
1314 2515 1542 2583 comparationem
1560 2531 1624 2572 snm
1636 2515 1798 2585 aspectibus
1816 2528 1904 2571 etms

550 2590 662 2663 danem,
680 2601 816 2662 quatenus
833 2596 938 2684 scilicet
960 2593 1022 2651 illae
1040 2592 1093 2664 per'
1106 2594 1274 2650 additionem
1291 2593 1386 2662 unius,
1411 2592 1527 2649 duorum
1553 2593 1595 2648 vai
1617 2595 1701 2649 uinm
1723 2594 1860 2664 diapason
1874 2607 1903 2645 er

549 2668 699 2728 minorilnn
723 2672 792 2729 liunt
819 2688 949 2741 mmorcs,
974 2677 1149 2742 nasciturque
1174 2674 1242 2731 haec
1265 2673 1384 2742 angendi
1407 2671 1518 2728 licentia
1543 2669 1708 2744 exlegibus
1736 2669 1904 2727 mutitudin'a

552 2745 847 2805 mercamentum
866 2758 944 2809 extra
962 2752 1101 2810 circulum.
1138 2754 1176 2807 at
1194 2752 1252 2807 toni
1270 2750 1485 2821 repraesentatio
1502 2750 1531 2805 in
1550 2750 1652 2810 οἰιιιιιι
1669 2749 1745 2805 nulla
1761 2755 1824 2817 est,
1840 2761 1905 2818 qut

552 2826 661 2897 quidem
679 2828 714 2883 ad
733 2830 847 2886 eandem
864 2846 986 2885 normam
1004 2830 1134 2901 quadret;
1152 2828 1245 2886 nudus
1261 2831 1334 2887 enim
1350 2838 1480 2901 aspectus
1499 2838 1555 2899 ast,
1575 2830 1654 2898 cuins
1670 2842 1752 2883 arena
1768 2840 1834 2881 cun
1851 2831 1904 2881 tote

552 2902 653 2962 monio
672 2915 845 2975 compensius
865 2908 989 2977 designet
1005 2908 1210 2979 proportionem
1227 2910 1452 2979 sesquioctavam
1490 2909 1613 2977 Cumque
1633 2908 1662 2963 in
1680 2903 1856 2971 iunones,
1880 2914 1906 2958 et

552 3001 623 3053 quaa
645 2984 732 3041 multo
755 2985 885 3055 umorem
909 2988 1066 3045 rmiemtem
1091 2986 1281 3059 complentium
1303 3004 1386 3057 quam
1408 2986 1479 3042 ratio
1500 2995 1672 3055 aspectuum,
1700 2998 1768 3039 asos
1792 2981 1852 3036 toni
1873 2980 1905 3035 ἀι

553 3060 695 3132 multiplex
723 3064 758 3119 ad
784 3064 919 3121 sectiones
942 3064 1183 3123 consonantiarum
1208 3069 1235 3123 in
1258 3075 1351 3137 partes
1373 3066 1535 3130 concinnas,
1561 3066 1590 3121 in
1616 3063 1767 3132 aanoloqia
1790 3061 1906 3117 ιίιιιιίι

554 3141 629 3199 nulla
651 3157 702 3199 nos
725 3152 805 3213 urqet
827 3144 991 3213 necessitas,
1017 3152 1048 3199 ιιι
1073 3151 1201 3213 aspectus
1222 3144 1374 3201 dividamus
1398 3146 1428 3201 in
1453 3153 1546 3217 partes
1571 3145 1711 3215 analoqas
1750 3141 1822 3199 Illic.
1840 3142 1906 3194 enin

555 3220 656 3292 medua
674 3228 852 3294 quaeruntur,
870 3238 920 3293 per
939 3240 1008 3293 quos
1026 3230 1125 3281 cautus
1143 3230 1274 3294 manaem,
1292 3222 1337 3279 hic
1354 3224 1456 3293 qradm
1473 3222 1540 3280 nulli
1553 3220 1662 3293 dentur,
1680 3222 1783 3293 quinus
1800 3220 1907 3289 planeta

553 3300 698 3370 a'plausta
716 3310 860 3372 separetur
877 3303 961 3363 veluti
978 3319 1028 3376 per
1039 3301 1143 3366 saltus,
1161 3318 1222 3359 cum
1241 3302 1371 3359 continua
1389 3303 1426 3358 sit
1442 3302 1558 3358 duorum
1576 3303 1612 3357 ab
1629 3300 1746 3357 invicem
1763 3296 1907 3366 scpuulio.

552 3378 725 3447 Supervacua
748 3380 899 3449 igiturest
922 3382 1088 3451 comparatio
1111 3378 1169 3434 toni
1193 3396 1256 3435 cum
1282 3380 1464 3450 mtrologicis.
1499 3380 1576 3439 ilaec
1600 3382 1670 3437 satia
1691 3396 1748 3451 ‚pro
1772 3373 1908 3447 praesnti

552 3455 679 3525 munim
695 3465 790 3513 cetera
806 3467 935 3528 petantur
953 3475 988 3515 ex
1005 3475 1067 3517 meo
1084 3458 1155 3515 libro
1173 3465 1279 3529 quarto.

1120 3731 1265 3806 eamr
1292 3730 1333 3806 x.
1438 3823 1442 3830 ⁴

554 3892 651 3962 Quod
677 3895 784 3955 motui
810 3900 982 3954 astrorum
1004 3895 1192 3954 secundnm
1214 3894 1462 3967 longitudinem
1486 3901 1709 3971 comparetur
1733 3896 1912 3953 successio

1143 3996 1319 4042 sonorum.

569 4226 572 4231 Ι
644 4148 718 4207 Cum
740 4150 830 4225 igitur
852 4156 910 4209 ires
933 4152 992 4209 sint
1014 4150 1129 4227 species
1150 4153 1283 4208 motuum
1296 4144 1339 4224 Ι),
1365 4167 1425 4208 una
1446 4148 1579 4227 prorsum
1601 4154 1837 4227 retrorsumque,
1860 4166 1911 4208 aen

555 4238 584 4293 in
608 4230 812 4297 antecedentia
840 4245 870 4297 et
893 4240 1105 4315 consequentia
1132 4241 1162 4297 et
1188 4234 1351 4311 secundnm
1380 4235 1608 4312 longitudinem,
1639 4233 1803 4297 secundnm
1824 4254 1913 4315 qnam

554 4322 627 4383 finnt
656 4318 790 4409 siderum·
816 4322 1023 4410 translationes
1052 4322 1090 4386 ab
1121 4330 1186 4383 ortu
1208 4325 1238 4381 in
1261 4340 1398 4383 oceasum
1425 4333 1454 4384 et
1476 4317 1643 4400 cosman),
1672 4322 1767 4386 altera
1797 4341 1912 4385 sursum

556 4410 752 4489 deorsumque
774 4418 804 4473 et
824 4410 986 4473 secundnm
1009 4410 1210 4485 altitudinem,
1236 4409 1397 4475 secundum
1415 4415 1492 4489 'quas
1517 4406 1759 4489 vellongissime
1781 4432 1802 4472 a
1822 4409 1914 4472 Terra

554 4509 726 4574 moventm,
758 4500 807 4559 val
829 4489 960 4577 proxime
984 4498 1082 4575 illam,
1113 4501 1201 4561 tortia
1222 4496 1262 4557 ad
1283 4496 1378 4566 latera
1401 4510 1431 4570 et
1452 4498 1614 4561 meandum
1634 4499 1836 4572 latitudinem,
1863 4516 1914 4559 se·

559 4586 686 4647 cundum
709 4604 798 4663 qnam
821 4589 974 4665 coutmqit,
998 4595 1031 4647 ut
1053 4590 1238 4650 antemonet
1260 4586 1348 4647 nobis
1369 4587 1441 4648 nont
1463 4588 1641 4663 bomaiiores
1663 4589 1712 4658 ael
1734 4587 1915 4648 mmldioss·

556 4673 661 4734 liorem
691 4670 843 4751 primam,¹
859 4690 936 4751 quae
960 4682 1005 4736 est
1025 4675 1187 4737 meandum
1208 4672 1431 4751 longitudinem,
1464 4676 1544 4736 bons
1564 4692 1631 4736 mm
1653 4678 1770 4737 rationo
1791 4690 1914 4736 amen·

558 4760 745 4822 modabimns
779 4764 916 4822 transitui
949 4778 1050 4824 versus
1081 4764 1228 4824 emtores
1259 4762 1432 4837 simpliciter
1465 4773 1518 4822 sut
1547 4765 1698 4841 periotes
1726 4757 1914 4842 sumtum)

557 4848 632 4909 liam
655 4850 684 4907 in
708 4856 834 4927 utreque
857 4852 987 4911 motione
1010 4852 1114 4911 similis
1138 4858 1184 4910 est
1205 4850 1353 4908 successio
1381 4852 1411 4907 in
1434 4852 1655 4927 consequentia.
1701 4850 1818 4911 Similes
1840 4862 1915 4909 suo

556 4938 645 4997 etiam
676 4946 745 4995 sunt
768 4939 926 4998 orientales
951 4939 1206 5015 occidentalesque
1230 4943 1331 5013 partes
1353 4931 1537 4998 musionium
1565 4938 1763 5017 gravissimis,
1795 4934 1915 4998 codam

556 5040 626 5084 vero
667 5022 831 5084 mediantes
864 5024 1049 5087 nouissimis.
1080 5026 1178 5086 'Nam
1208 5034 1238 5084 ct
1270 5030 1351 5083 ortus
1383 5028 1564 5103 occamsqiie
1598 5020 1773 5104 principium
1800 5017 1915 5084 habam

558 5110 704 5193 finemque
735 5113 988 5194 apparentium,
1018 5110 1093 5176 iilud
1122 5111 1240 5205 quidem
1269 5123 1410 5197 tanquam
1441 5128 1478 5176 ex
1499 5114 1708 5197 inconspicua,
1734 5104 1811 5178 lune
1840 5127 1914 5173 vero
