4467 6192
734 749 911 807 Hermonicis.
947 751 1090 807 Liberlll.
1113 751 1201 822 Caput
1213 753 1259 808 iv.
1607 760 1667 823 158

402 921 495 984 Porro
525 929 752 1003 conmutationis
781 942 835 991 aen
864 931 1069 992 abstractionis
1098 925 1253 991 methodus
1282 929 1341 992 elle
1374 941 1419 993 est
1444 932 1587 1010 generalis
1615 951 1668 994 sen

338 1008 509 1084 ariibmetice,
532 1013 593 1072 alia
613 1015 759 1092 specialis,
782 1017 964 1079 harmonicen
985 1022 1110 1097 propria.
1157 1019 1346 1102 Aritbtnetlce
1374 1019 1492 1098 quidem
1522 1021 1669 1100 eliguntur

337 1111 445 1157 consona
467 1102 582 1159 minore
609 1101 715 1179 duplo,
745 1121 868 1181 quorum
891 1122 981 1165 rrnurn
1008 1123 1066 1166 non
1090 1107 1129 1165 slt
1151 1105 1270 1165 alterius
1292 1125 1361 1183 pers
1389 1108 1472 1185 talia,
1503 1126 1591 1188 quam
1614 1108 1668 1170 de-

337 1187 476 1260 signaverit
498 1186 599 1265 aliqua
619 1190 763 1252 medietas
786 1193 955 1255 harmonion
976 1196 1079 1271 eapitis
1101 1195 1268 1271 superioris.

351 1303 488 1366 intersunt
512 1323 581 1383 ergo
953 1311 986 1366 In
1004 1309 1087 1378 notis,
1107 1325 1142 1366 ex
1160 1309 1325 1380 anticipato·

347 1909 351 1936 Ι

338 1947 357 1976 ,τ’
506 1946 517 1977 t

347 1942 429 2013 Μ’
454 1976 487 1985 ”
526 1983 564 2020 '²⁶
586 2011 701 2062 ortum
724 2020 837 2079 eorum,
870 2015 900 2067 et
922 2025 1010 2086 quam
1033 2009 1184 2087 quodlibet
1212 2026 1246 2070 ex
1270 2013 1334 2067 ortu
1356 2021 1409 2065 suo
1437 2006 1575 2064 sortiatur
1596 2003 1667 2063 alti-

335 2084 456 2148 tudinem.
500 2089 576 2150 Nam
616 2106 668 2168 per
696 2108 797 2152 ornnes
823 2096 1042 2173 proportionum
1076 2095 1336 2175 comparandarum
1363 2093 1509 2176 „terminos
1540 2091 1667 2168 majores

336 2189 398 2232 uuna
417 2183 446 2235 et
466 2175 544 2236 idern
567 2177 691 2237 circulus
714 2187 793 2240 totus
814 2183 1048 2260 repraesentatur
1068 2185 1155 2261 eique
1170 2183 1297 2260 analoga
1315 2179 1424 2241 chorda
1439 2180 1561 2254 integra,
1584 2187 1666 2238 tom·

335 2263 416 2320 nonis
435 2267 571 2324 omnibns
593 2267 773 2326 sectionibus
794 2269 979 2331 harmonicis.
1023 2274 1120 2349 Igitur
1141 2271 1276 2332 omnibus
1290 2271 1417 2328 numeris
1440 2265 1584 2342 majorum
1607 2275 1667 2325 ter·

336 2350 461 2407 minorum
484 2370 519 2410 er
542 2356 720 2413 sectionibus
742 2355 926 2430 harmonicis,
948 2359 1060 2419 scilieet
1082 2362 1116 2428 2,
1140 2361 1174 2433 3,
1199 2361 1235 2432 t,
1261 2359 1295 2430 5,
1321 2360 1355 2430 6,
1381 2357 1415 2428 5,
1441 2355 1459 2412 8
1483 2352 1665 2430 quaerendus

337 2443 372 2492 est
389 2441 547 2498 communis
569 2443 705 2501 minimus
729 2441 866 2504 dividuus
891 2448 966 2519 120,
990 2455 1019 2507 et
1041 2445 1151 2506 chorda
1165 2454 1229 2505 tota
1251 2453 1295 2506 est
1311 2439 1518 2521 distinguenda
1540 2443 1570 2498 in
1593 2441 1665 2500 toti·

336 2521 389 2580 den
409 2535 505 2600 partes
527 2527 681 2604 aequales,
715 2538 749 2588 nt
770 2548 859 2591 sonus
882 2533 971 2594 totius
994 2533 1119 2594 chordae
1142 2534 1336 2594 constituatur
1363 2546 1415 2610 pro
1439 2527 1583 2602 commoni
1606 2533 1667 2590 ter·

335 2611 399 2666 nino
420 2613 529 2690 majore
552 2618 681 2676 omniurn
704 2633 897 2678 consonorum
926 2639 977 2699 per
1005 2623 1151 2682 sectiones
1177 2621 1336 2690 lucrorum,
1367 2626 1396 2680 et
1424 2613 1665 2694 accommodandi

336 2699 436 2756 remini
458 2703 601 2776 minores,
633 2711 665 2762 ut
686 2705 761 2765 inter
782 2722 815 2767 se
838 2711 997 2784 comparati
1020 2711 1198 2768 constituant
1219 2705 1375 2768 intervalla
1403 2704 1558 2773 concinna,
1592 2719 1668 2779 (1⁰⁸0

337 2781 384 2843 boe
403 2789 497 2864 eapite
519 2791 750 2867 investigantem
772 2793 917 2869 prodeunt
939 2805 1038 2856 antem
1059 2795 1179 2870 eadem,
1204 2812 1280 2872 qnae
1302 2795 1383 2871 prins
1405 2790 1594 2853 arithmetice.

736 2879 811 2940 Eece
832 2882 862 2939 in
883 2885 961 2953 notis
983 2901 1020 2943 ex
1041 2885 1209 2961 anticipato.

468 3515 487 3562 e

469 3563 494 3632 i.

461 3667 489 3738 3

462 3746 488 3768 Ἀ

463 3807 487 3868 ὃ

463 3906 487 4036 Ξ

803 4171 817 4206 ⁶
1357 4066 1443 4176 ⁴⁰⁶5
1456 4119 1505 4177 ¹oe

796 4205 826 4242 '⁶
939 4158 1504 4272 thoeetootto

339 4601 379 4656 sed
395 4601 463 4656 bene
478 4603 507 4656 iu
524 4601 643 4658 minores
661 4600 763 4672 speciei
781 4597 900 4654 alterius.
926 4599 960 4656 ,t
979 4596 1021 4665 Si,
1044 4604 1076 4652 ut
1092 4613 1158 4666 pars
1181 4596 1360 4666 multiplicata
1381 4602 1463 4664 rugat
1486 4595 1673 4666 quantitatem,

339 4680 372 4734 sie
387 4681 465 4736 etiam
482 4699 547 4751 pars
565 4679 759 4738 consonantiae
777 4693 896 4734 consona
914 4675 957 4731 rel
975 4675 1108 4731 concinna
1124 4684 1235 4744 augeret
1253 4677 1456 4732 consonantium
1478 4674 1520 4730 rel
1538 4673 1672 4732 concinni·

338 4765 410 4815 tatem
427 4761 519 4828 totius,
538 4778 593 4816 non
611 4753 782 4816 efficerentur
799 4755 907 4814 ienrlem
925 4771 960 4810 ex
977 4755 1192 4811 accumulatione
1211 4754 1394 4810 dissonantiae
1417 4761 1444 4807 et
1461 4751 1631 4809 inconcinna

400 4838 525 4910 Quome'o
543 4839 577 4893 11.
611 4839 655 4894 An
673 4839 865 4894 consonantiae
882 4836 1003 4891 habeant
1020 4851 1101 4890 unam
1119 4847 1286 4888 communem
1303 4846 1469 4900 mensuram,
1487 4838 1554 4902 pute
1571 4839 1672 4888 tonum

341 4910 426 4985 tuin,
444 4933 545 4977 comma
563 4917 636 4974 etei
672 4917 811 4987 Nepotem
829 4932 916 4986 neque
935 4916 1006 4971 enirn
1024 4921 1055 4970 nt
1070 4921 1136 4985 sunt
1147 4913 1344 4984 proportiones,
1362 4910 1426 4980 quin
1438 4911 1478 4968 sic
1490 4919 1556 4968 sunt
1572 4912 1672 4968 incom-

339 4995 534 5065 mensurabiles,
557 4995 586 5052 id
609 5005 650 5052 est
669 4995 902 5053 commensurabili
920 5008 1047 5048 mensura
1064 4999 1203 5059 carentes3
1227 5003 1315 5060 neque
1333 4997 1363 5044 ut
1381 4996 1445 5044 sunt
1463 4989 1583 5062 speeies,
1610 4989 1674 5058 quin

341 5071 433 5136 unsis,
455 5090 486 5129 ex
506 5073 605 5143 quibus
623 5082 697 5129 ortae
716 5073 868 5143 quibusque
887 5071 1026 5130 definitae.
1055 5068 1135 5124 etiarn
1154 5075 1249 5123 contre
1270 5084 1299 5123 se
1317 5075 1410 5124 mutuo
1434 5069 1576 5127 distinctae
1600 5077 1670 5129 eunt

340 5145 438 5203 liabent
456 5167 478 5205 n.
497 5146 695 5222 quodammodo¹
713 5160 837 5206 naturam
855 5151 1009 5220 figurarum,
1024 5147 1082 5217 jam
1099 5160 1163 5202 vero
1182 5147 1303 5215 trigonus
1316 5153 1343 5202 et
1355 5153 1523 5216 pentagonus
1535 5145 1563 5202 iu
1577 5143 1672 5204 eodem
1703 5175 1708 5190 ·

342 5225 431 5284 dromo
454 5228 634 5302 longitudines
663 5230 766 5288 babent
786 5230 902 5290 laterum
930 5225 1224 5285 incommensurabiles.
1266 5226 1388 5298 Denique
1414 5241 1541 5283 mensura
1564 5221 1673 5296 quidem
