4467 6192
884 569 968 626 Liber
985 571 1017 626 V.
1036 571 1126 640 Caput
1142 571 1192 628 IIL
1645 583 1708 644 279

357 764 392 806 ex
415 745 501 818 Sole,
523 749 577 809 sed
599 767 636 808 ex
658 749 750 810 Terra
771 747 988 826 spectantibus,
1019 746 1186 824 dequibus
1208 750 1270 824 agit
1293 750 1343 810 lib.
1369 737 1419 834 V'i.
1443 751 1497 828 Ep
1520 755 1599 814 Astr.
1624 751 1707 834 cop,

352 835 496 908 sedat,
528 854 630 897 eorum
652 838 794 912 rationem
823 838 852 893 iu
880 836 937 896 boc
959 837 1078 911 negotio
1108 834 1196 911 plane
1224 837 1336 898 nullam
1364 838 1480 916 haberi,
1511 858 1581 901 saue
1612 861 1709 920 neque

352 920 459 996 debet,
493 939 560 984 cum
583 923 674 997 Terra
696 940 753 982 uou
776 925 817 982 sit
836 923 901 982 lons
924 931 1021 982 motus
1044 925 1187 998 ipsorum,
1219 941 1313 1000 neque
1337 929 1449 1002 potest,
1479 944 1544 986 cum
1568 933 1663 989 mota's
1687 934 1708 994 ii

353 1026 412 1068 non
437 1017 553 1070 tautum
577 1015 606 1069 in
630 1029 739 1070 meram
761 1012 889 1086 quietem
912 1028 963 1069 seu
987 1013 1144 1068 stationem
1168 1020 1364 1090 apparentem,
1389 1014 1439 1071 sed
1460 1015 1546 1092 plane
1569 1019 1597 1074 ln
1613 1019 1708 1078 r'etro-

351 1097 568 1179 gradationem,
593 1106 734 1176 quantum
757 1097 795 1156 ad
817 1097 951 1158 terrerem
967 1101 1177 1174 apparentiam,
1202 1099 1386 1174 degenerent,
1411 1119 1469 1177 qna
1488 1105 1600 1162 ratione
1614 1109 1708 1167 o'mnis

351 1188 579 1262 proportionum
601 1186 729 1244 infinitae
752 1185 887 1244 omnibus
910 1185 1035 1263 planetis
1057 1185 1145 1244 simul
1169 1193 1197 1244 ct
1220 1203 1255 1246 ex
1279 1205 1374 1263 acqno
1397 1190 1542 1248 tribuitur.
1588 1189 1627 1251 Ut
1649 1195 1708 1270 igi-

351 1283 399 1331 tur
422 1282 535 1336 certum
558 1274 735 1346 babeamus,
765 1270 868 1348 quales
890 1275 1094 1349 proportiones
1124 1275 1255 1350 proprias
1284 1279 1462 1334 constituant
1491 1279 1588 1358 diurni
1607 1292 1705 1342 motus

349 1360 536 1436 singularum
559 1379 693 1421 veramm
717 1361 874 1420 orbitarum
897 1363 1122 1419 eceentricarnm
1146 1355 1231 1440 (licet
1262 1363 1292 1421 ‘et
1320 1365 1376 1440 ipsi
1407 1362 1502 1423 adbuc
1532 1373 1706 1443 apparentes

349 1451 423 1526 siut,
446 1447 538 1506 ueluti
562 1451 706 1526 spectanti
728 1467 764 1508 err
787 1446 867 1521 Sole,
890 1447 970 1507 lonte
993 1443 1123 1528 motus),
1151 1447 1329 1528 removenda
1352 1453 1431 1526 prius
1455 1459 1499 1510 est
1521 1453 1558 1511 ab
1582 1456 1617 1511 iis
1641 1473 1707 1514 mo-

350 1537 434 1594 tibus
457 1538 582 1613 propriis
604 1536 678 1595 baec
700 1535 855 1611 phantasia
878 1537 1039 1594 communis
1062 1535 1196 1592 omnibns
1220 1539 1348 1612 quinque
1368 1546 1465 1596 motus
1481 1541 1569 1598 annui
1592 1542 1706 1602 adren-

350 1625 422 1694 titii,
447 1626 511 1702 sire
534 1623 585 1683 ille
607 1641 642 1682 ex
665 1626 758 1700 ipsius
781 1620 908 1682 Telluris
931 1629 1013 1682 motu
1036 1624 1146 1681 oriatur
1168 1623 1329 1682 seeundum
1354 1623 1562 1702 Capernicnm,
1583 1631 1646 1688 sive
1670 1649 1705 1690 err

350 1718 438 1769 motu
459 1711 628 1788 systematis
651 1713 741 1770 totius
770 1705 868 1769 annuo
891 1710 1051 1770 secundum
1075 1707 1245 1787 Tycbonem
1265 1711 1380 1786 Brabe,
1414 1721 1574 1789 motusque·
1599 1719 1704 1795 eoique

351 1797 495 1876 planetae
517 1801 631 1879 proprii
653 1797 797 1858 enucleati
821 1796 875 1856 sub
899 1804 1086 1873 conspectum
1108 1797 1285 1872 subjiciendi
1309 1809 1386 1859 sunt.

447 1883 573 1947 Octavo.
617 1882 770 1945 Hactenus
793 1887 905 1960 egimus
928 1884 964 1943 de
988 1883 1111 1942 diversis
1135 1888 1223 1944 moris
1248 1886 1293 1945 rel
1314 1889 1439 1947 arcubus
1461 1890 1549 1948 unlus
1573 1891 1706 1967 atejus·

350 1972 421 2032 dem
444 1972 589 2050 planetae.
634 1971 704 2033 Jam
728 1974 816 2032 etiam
840 1970 876 2030 de
898 1971 1031 2030 binorum
1054 1970 1238 2046 planetarum
1255 1975 1382 2033 ruatibus
1405 1975 1479 2034 inter
1497 1993 1528 2034 se
1551 1987 1706 2055 eompara-

348 2062 390 2119 tis
415 2061 572 2138 agendum.
618 2057 676 2120 Ubi
698 2069 770 2120 uota
792 2057 990 2118 definitionem
1013 2061 1210 2134 terminorum,
1233 2065 1283 2138 oui
1298 2071 1366 2120 sunt
1384 2061 1468 2121 nobis
1491 2065 1578 2122 loturi
1602 2081 1705 2126 neces-

348 2150 434 2206 sarii.
481 2147 649 2225 Apsidas
680 2148 868 2233 proximae
899 2147 1021 2206 duorum
1050 2141 1591 2226 planetarnm'dicemns'peribolium
1614 2169 1705 2231 supe-

347 2237 439 2294 rioris
461 2243 492 2294 et
512 2235 663 2312 apbalium
685 2235 837 2306 inferioris,
861 2251 919 2292 uon
937 2236 1081 2306 obstante,
1106 2236 1184 2310 quod
1201 2235 1269 2294 illae
1286 2244 1410 2312 vergunt
1426 2241 1454 2294 in
1471 2237 1589 2313 plagam
1606 2241 1705 2302 mundi

348 2340 411 2381 oon
436 2313 584 2395 eandem,
605 2323 657 2382 sed
681 2323 811 2381 diversas
834 2329 863 2380 et
884 2321 958 2381 torte
981 2323 1149 2381 contrarias.
1195 2322 1226 2380 M
1235 2331 1320 2382 otus
1352 2332 1544 2384 extremos
1575 2327 1704 2404 intellige

347 2409 550 2469 tardissimum
574 2418 603 2470 et
626 2410 842 2470 velocissimam
865 2412 956 2468 totius
979 2410 1116 2469 circuitus
1144 2409 1316 2486 planetarii;
1345 2421 1616 2488 consurgentes
1646 2433 1705 2474 ex·

346 2507 488 2557 tremos
509 2507 577 2556 seo
600 2513 826 2568 conversos,
857 2498 907 2571 qui
931 2499 998 2555 suut
1021 2498 1050 2553 in
1076 2496 1209 2575 binorum
1231 2499 1382 2574 opsidibus
1404 2502 1559 2575 proximis,
1590 2502 1704 2562 scilicet
1741 2513 1745 2524 ’

349 2587 380 2642 in
404 2585 551 2661 peribelio
579 2588 736 2662 superioris
769 2592 800 2643 et
820 2581 936 2661 aphelio
963 2585 1120 2655 interioris,
1154 2583 1392 2662 divergentes
1425 2586 1486 2644 vel
1517 2586 1703 2666 diversos,

347 2675 400 2747 qul
432 2675 462 2729 in
493 2671 645 2749 opsidibus
676 2673 832 2749 oppositis,
863 2671 975 2730 scilicet
1005 2670 1123 2746 aplrelio
1146 2674 1303 2748 superioris
1335 2683 1364 2732 et
1386 2673 1527 2749 peribolio
1550 2675 1702 2737 inferioris.

344 2759 478 2817 Rursum
507 2762 599 2835 igitur
627 2761 675 2820 bio
703 2759 802 2835 aliqua
830 2774 899 2833 pars
930 2761 987 2818 mei
1018 2757 1152 2835 Mysterii
1176 2760 1430 2837 cosmograpbioi,
1460 2779 1604 2838 suspensa
1633 2767 1702 2824 anie

345 2850 387 2904 ἢ
414 2864 521 2920 annos,
545 2850 621 2923 quia·
637 2847 765 2907 nondum
788 2845 935 2920 liquebat,
960 2845 1143 2905 absolvenda
1165 2855 1195 2905 et
1218 2847 1274 2906 buc
1297 2847 1447 2907 inserenda
1470 2857 1523 2907 est.
1568 2850 1701 2910 Inventis

266 2978 267 2989 ,
343 2937 425 2995 enirn
448 2937 530 2994 reris
553 2935 665 2994 orbium
687 2933 850 2994 intervallis
872 2949 923 3010 per
946 2934 1167 2992 observationes
1185 2935 1289 2994 Brabei
1314 2937 1430 3012 plurimi
1447 2940 1584 3013 temporis
1601 2938 1701 2998 laboro

342 3025 498 3096 continuo,
522 3023 650 3095 tandem,
674 3021 942 3096 tandemgeuuina
970 3023 1119 3099 proportio
1143 3029 1304 3098 temporum
1333 3022 1545 3100 periodicorum
1568 3024 1605 3083 od
1628 3043 1699 3103 pro-

341 3114 513 3186 portionem
536 3111 650 3169 orbium
696 3143 735 3156 -
781 3141 821 3152 -
876 3125 944 3167 sero
967 3107 1087 3184 quiden
1109 3114 1238 3183 respexit
1261 3115 1402 3184 irsoum,

504 3218 507 3229 ·
604 3196 741 3276 Hesperii
762 3204 865 3254 tameo
887 3203 915 3253 et
936 3196 1025 3271 lonpo
1044 3205 1121 3270 post·
1136 3204 1267 3271 tmepore
1291 3203 1389 3274 oenit3

340 3299 451 3357 eaque,
476 3286 501 3342 ei
524 3288 662 3360 temporis
685 3281 824 3343 articulos
847 3284 931 3358 petie,
956 3284 984 3341 8.
1009 3283 1093 3343 Mart.
1117 3282 1204 3359 huJus
1227 3286 1294 3344 anni
1325 3285 1470 3344 millesimi
1493 3286 1697 3344 sexcentesimi

340 3371 451 3432 decimi
478 3372 576 3430 octavi
607 3375 705 3431 animo
734 3377 892 3445 concepta,
922 3369 974 3430 sed
1006 3369 1158 3436 infeliciter
1189 3370 1225 3430 ad
1249 3373 1377 3432 calculos
1400 3380 1507 3435 vocata
1530 3387 1624 3448 eoque
1646 3390 1698 3450 pro

338 3457 421 3517 talea
444 3459 567 3533 rejecta,
591 3457 717 3534 denique
743 3461 790 3519 lb.
812 3456 885 3532 Maji
910 3474 1035 3530 reversa,
1058 3474 1137 3516 noro
1162 3469 1247 3537 capto
1264 3462 1373 3538 impeto
1398 3462 1578 3535 expugnavit
1593 3463 1699 3520 mentis
1773 3523 1776 3530 ,

342 3563 433 3606 meae
457 3547 604 3612 tenebras,
628 3554 711 3606 tanta
732 3545 970 3623 comprobatione
993 3555 1023 3604 et
1044 3544 1153 3604 laboris
1174 3551 1231 3606 mel
1253 3547 1522 3624 septendecennalis
1543 3551 1572 3604 in
1596 3548 1699 3608 obser-

341 3633 523 3692 vationibus
545 3633 708 3692 Brabeauls
736 3641 767 3691 et
788 3630 986 3691 meditationis
1009 3632 1097 3707 bujus
1126 3635 1155 3689 iu
1179 3651 1267 3695 unum
1291 3637 1531 3712 conspirantium,
1564 3643 1595 3693 at
1617 3653 1699 3694 som-

340 3723 428 3779 niara
452 3729 553 3779 meet
574 3733 759 3798 praesumere
782 3720 946 3795 quaesituro
973 3723 1049 3778 inter
1075 3722 1218 3796 principia
1247 3725 1340 3799 primo
1370 3723 1526 3782 crederem.
1571 3721 1629 3782 Sed
1652 3740 1698 3782 res

339 3817 389 3867 est
405 3809 573 3868 certissima
586 3811 842 3883 exactissimaqoe,
866 3807 945 3882 quod
969 3811 1184 3883 proportio,
1208 3827 1300 3884 quaa
1323 3818 1378 3872 est
1400 3811 1501 3868 inter
1523 3809 1697 3878 binorum

339 3912 662 3971 quorumcunque
695 3895 932 3972 planetarum
971 3903 1148 3970 tempora
1186 3890 1394 3972 periodica,
1435 3899 1486 3956 sit
1524 3899 1696 3972 praecise

338 3982 606 4056 sesquialtera
633 3983 901 4058 proportionis
929 3982 1125 4040 mediarum
1158 3980 1446 4055 distantiarum,
1480 3982 1516 4041 id
1547 3993 1607 4042 est
1639 3999 1696 4043 or·

337 4071 457 4130 biom·
472 4072 657 4145 ipsorum3
680 4077 794 4128 attento
816 4078 912 4128 tamen
927 4068 992 4140 boc,
1017 4068 1096 4143 quod
1121 4068 1247 4129 medium
1271 4073 1570 4132 arithmeticuminter
1584 4077 1695 4129 utram·

340 4175 405 4234 que
431 4157 605 4216 diametrum
629 4156 774 4233 ellipticae
797 4157 909 4216 orbitae
937 4159 977 4214 sit
999 4155 1087 4234 paulo
1110 4161 1205 4214 miuus
1234 4158 1366 4235 longiore
1396 4160 1546 4219 diametro.
1590 4157 1694 4232 ltaque

336 4249 363 4302 ri
390 4244 463 4320 quis
486 4262 522 4302 ex
545 4244 674 4320 periodo,
699 4245 781 4303 verbi
804 4261 894 4302 causa
915 4242 1052 4321 Telluris,
1074 4262 1150 4320 quae
1173 4253 1217 4304 est
1240 4265 1333 4306 annus
1357 4265 1439 4320 nnus,
1464 4255 1494 4305 et
1517 4263 1551 4304 ex
1568 4237 1693 4320 'periodo

333 4331 464 4392 Saturni
486 4334 607 4400 triginta
627 4349 771 4402 annorum
793 4332 928 4390 sumserit
950 4334 1066 4390 tertiam
1089 4335 1284 4409 proportionis
1307 4345 1428 4410 partem,
1461 4332 1490 4390 id
1514 4341 1558 4392 est
1580 4331 1694 4392 radices

335 4422 478 4488 cubicas,
501 4427 531 4477 et
552 4419 856 4495 bajusproportionia
879 4417 1000 4493 dnplnm
1023 4420 1132 4490 lecerit,
1156 4419 1303 4480 radicibus
1326 4423 1467 4498 quadrato
1483 4418 1691 4493 multiplicatis,

332 4511 362 4566 is
388 4507 486 4566 babet
507 4508 536 4563 in
559 4506 770 4582 prodeuntibus
791 4508 916 4565 numeria
941 4505 1160 4565 intervallorum
1184 4499 1291 4569 Terrae
1314 4517 1343 4568 et
1366 4508 1482 4568 Sannoi
1504 4525 1524 4566 a
1538 4505 1606 4564 Sole
1629 4523 1693 4566 me·

332 4595 460 4654 diorum
484 4596 700 4668 proportionem
718 4593 960 4670 justissimam.*)
983 4590 1078 4652 ‘Nom
1101 4596 1204 4654 cubica
1227 4595 1308 4654 radix
1322 4596 1391 4654 del
1418 4602 1462 4654 est
1482 4597 1507 4664 l,
1531 4592 1594 4668 ejns
1616 4609 1693 4667 qua-

330 4683 461 4742 dratum
487 4684 519 4755 13
551 4689 581 4740 et
603 4683 708 4740 cubica
729 4680 811 4739 radix
835 4681 871 4742 de
895 4681 936 4740 30
959 4692 1004 4739 est
1025 4682 1119 4755 major
1141 4699 1228 4756 quam
1252 4685 1287 4754 3,
1320 4682 1383 4757 ejus
1407 4683 1494 4754 igitur
1517 4679 1692 4757 quadratum

331 4769 441 4845 majus
472 4784 559 4843 qoam
584 4769 613 4827 9.
658 4766 696 4827 Et
717 4767 873 4841 Saturnus,
904 4767 1087 4828 mediocriter
1115 4767 1230 4826 distans
1257 4769 1383 4842 aSole,
1414 4768 1503 4844 paulo
1532 4769 1618 4828 altior
1645 4778 1692 4828 est

419 5007 448 5054 ο)
464 5005 517 5046 nam
532 5006 730 5049 incommotos·
745 5009 822 5049 aaran
837 5020 877 5058 etp
894 5007 995 5048 xumn.
1010 5007 1050 5048 nr.
1059 4977 1104 5047 sa'e.
1120 5007 1173 5051 (nr.
1184 5005 1235 5057 ass)
1250 5009 1349 5060 presan,
1364 5009 1458 5052 marren
1472 5011 1513 5052 noe
1526 5011 1690 5056 serimentum

330 5061 373 5102 rot
389 5060 468 5112 ipram
482 5069 535 5102 aare
549 5060 681 5104 domamur
694 5063 781 5112 ansati,
796 5064 834 5115 qni
847 5061 1080 5112 longitudinemque
1094 5061 1216 5112 arriperem
1230 5061 1331 5116 orbitam,
1350 5065 1388 5106 vai
1401 5075 1429 5106 aa
1441 5067 1540 5122 proxima
1554 5067 1636 5114 miuus.
