4467 6192
505 723 542 782 la
1035 746 1040 755 ·
1087 719 1258 777 Prooemium
1332 692 1340 711 ⁸

508 900 628 976 rapere
643 898 714 960 'ierit
744 886 829 960 nares
856 899 1037 977 odoratuque
1069 886 1240 978 percipitur,
1277 909 1341 961 curu
1358 897 1506 977 'strepitus
1536 897 1600 977 ejus
1626 897 1756 973 auditur,
1788 884 1853 958 eum

506 987 630 1046 videtur.
686 988 753 1048 Hae
784 990 896 1065 species
912 986 1078 1048 'sensibiles
1108 1006 1133 1070 a,
1155 989 1288 1048 sensibus
1320 990 1497 1065 recipiuntur
1525 990 1679 1047 introrsum
1708 1002 1760 1063 per
1790 989 1852 1065 vim
1934 1027 1941 1039 .

505 1079 783 1150 repraesentativum
815 1094 868 1136 seu
898 1077 1126 1152 phantasticam,
1166 1083 1380 1152 cognoscuntur
1418 1093 1470 1153 per
1509 1075 1626 1136 sensum
1658 1090 1850 1147 communem,

504 1163 629 1240 denique
658 1170 711 1241 per
737 1164 901 1241 supremam
924 1166 1038 1222 animae
1061 1163 1229 1225 facultatem
1252 1166 1326 1223 inter
1347 1181 1379 1223 ae
1403 1170 1628 1241 comparantur,
1651 1160 1729 1238 quod
1750 1160 1851 1221 itidem

505 1258 550 1309 est
576 1253 654 1326 pati.
709 1250 765 1311 His
795 1250 833 1310 ad
861 1250 1025 1310 harmonias
1055 1251 1203 1310 translatis
1233 1249 1426 1325 concluditur,
1458 1268 1522 1310 esse
1553 1267 1602 1310 aas
1631 1266 1678 1310 res
1708 1249 1747 1308 ab
1780 1251 1852 1325 ipsis

495 1336 722 1413 quodammodo
744 1337 831 1398 rebus
853 1339 1029 1407 abstractas,
1061 1333 1205 1413 enatans
1228 1341 1340 1416 species
1363 1355 1457 1411 rerum
1490 1355 1541 1414 per
1568 1354 1671 1399 sensus
1703 1339 1852 1413 ingressae

503 1423 600 1500 adque
622 1425 748 1487 tribunal
771 1428 885 1486 animae
907 1425 1064 1503 perductae
1087 1423 1157 1485 fiant
1179 1429 1296 1487 termini
1314 1427 1509 1504 proportionis
1525 1425 1710 1486 harmonicae
1724 1423 1851 1484 sensilis.

504 1511 579 1571 Sunt
608 1529 681 1592 vcrq
706 1513 840 1586 eaedem,
875 1516 983 1590 inquit,
1014 1520 1180 1586 concretae,
1205 1522 1242 1587 ,et
1270 1509 1339 1590 qnia
1365 1514 1421 1575 bae
1449 1515 1567 1591 speeies
1583 1520 1677 1573 rerum
1699 1509 1852 1572 sensilium

504 1607 572 1659 sunt
595 1600 744 1676 qualitatis
766 1600 881 1660 sensilis
910 1598 956 1682 (in
980 1617 1067 1674 sonu,
1099 1599 1208 1661 lumine
1231 1599 1303 1683 etc.)
1317 1604 1322 1610 '
1337 1609 1365 1662 et
1388 1608 1456 1678 quia
1478 1610 1539 1660 tum
1561 1596 1685 1660 demum,
1700 1602 1728 1658 iu
1753 1601 1851 1659 animo

504 1686 674 1764 ιιιιιιιιιιιι
697 1706 786 1765 quum
809 1705 855 1747 res
878 1690 959 1764 ipsae
983 1695 1098 1762 exstant
1117 1697 1149 1767 =et
1171 1697 1297 1750 manent
1328 1680 1499 1748 Discrimen¹
1512 1691 1588 1765 inter
1608 1688 1662 1748 has
1684 1687 1851 1746 harmonias

504 1781 641 1835 etseras
664 1776 905 1853 „archetypicas“
934 1777 964 1834 in
988 1792 1023 1834 eo
1053 1783 1105 1849 cst,
1130 1775 1207 1852 quod
1231 1779 1261 1834 in
1283 1777 1329 1837 bis
1352 1780 1466 1836 termini
1488 1782 1557 1835 sunt
1579 1792 1614 1835 ax
1636 1774 1850 1847 mathematicis

503 1862 665 1939 generibus,
689 1862 796 1924 circulo
812 1870 841 1923 et
856 1879 933 1938 arcu,
957 1869 1037 1922 certo
1060 1861 1148 1923 modo
1169 1864 1309 1937 formatis,
1334 1863 1391 1923 illis
1415 1871 1514 1925 contra
1536 1864 1593 1923 boc
1615 1863 1753 1938 singulari
1778 1863 1850 1932 snb-

501 1951 580 2026 jecto
601 1966 658 2009 non
682 1968 756 2027 opus
779 1958 837 2024 est,
864 1950 922 2009 sed
950 1952 1065 2009 nonnisi
1092 1969 1123 2010 re
1154 1950 1254 2027 aliqua
1281 1953 1389 2011 sensili.
1442 1950 1488 2010 Ad
1510 1951 1575 2011 hoo
1606 1956 1703 2010 autem
1731 1952 1759 2006 in
1792 1949 1850 2009 illis

502 2038 657 2113 requiritur
671 2055 717 2097 res
731 2055 831 2114 agana,
854 2035 966 2098 scilicet
987 2055 1076 2112 mens,
1098 2039 1235 2124 subjecta
1252 2038 1424 2115 dijudicans.
1453 2040 1559 2115 ltaque
1582 2038 1705 2098 circulus
1728 2037 1851 2115 ejusque

494 2129 600 2198 laicus,
635 2124 761 2202 regulari
786 2125 933 2185 divisione
959 2125 1042 2197 laeti,
1073 2118 1141 2184 sunt
1170 2127 1334 2202 subjeetum
1362 2124 1530 2186 harmoniae
1560 2124 1765 2203 inquirendae,
1796 2124 1851 2184 has

505 2214 683 2289 quantitates
715 2218 812 2271 mente
844 2214 896 2271 ιιι
926 2214 1104 2290 extrinsecus
1133 2220 1274 2290 receptas
1296 2205 1347 2273 aut
1372 2215 1410 2273 ab
1438 2215 1523 2273 initio
1552 2216 1581 2272 in
1605 2217 1648 2272 ιιι
1675 2219 1704 2272 ιι
1727 2230 1793 2271 cum
1815 2228 1851 2271 ea

504 2307 615 2361 creatas
639 2313 702 2358 ease
724 2315 842 2360 necesse
866 2307 910 2358 est
932 2308 961 2359 ct
983 2303 1024 2377 ita
1047 2299 1172 2383 quidem,
1204 2309 1236 2360 ut
1265 2286 1389 2362 circulus
1421 2317 1543 2378 eJusque
1566 2317 1650 2360 arena
1672 2302 1850 2359 extrinsecus

504 2391 533 2446 in
556 2393 681 2446 mentem
704 2389 817 2464 possint
838 2404 902 2447 esse
926 2387 1007 2461 illati,
1030 2386 1083 2446 sed
1097 2390 1171 2447 ratio
1187 2390 1260 2448 inter
1275 2388 1413 2461 circulum
1433 2389 1555 2466 ejusque
1577 2404 1661 2448 arcus
1683 2387 1851 2447 harmonica

504 2492 522 2535 a
544 2476 636 2550 primo
660 2476 749 2534 initio
765 2476 855 2535 menti
877 2477 915 2534 sit
936 2476 1033 2549 insita,
1056 2483 1112 2536 nec
1125 2477 1222 2552 imago
1244 2478 1284 2535 sit
1307 2479 1366 2535 veri
1389 2478 1434 2534 sai
1448 2465 1665 2552 paradigmatis,
1688 2473 1763 2535 sed
1755 2491 1850 2552 ipsum

505 2560 596 2620 veluti
624 2561 804 2640 paradigma
849 2562 905 2622 llis
936 2564 1020 2622 dictis
1052 2553 1197 2640 Keplerus
1231 2567 1377 2624 examinat
1398 2572 1530 2630 veterum
1551 2560 1799 2643 philosophorum
1815 2560 1850 2620 de

504 2649 655 2724 harmonia
671 2653 837 2723 sententias,
861 2653 950 2710 citato
964 2651 1090 2710 maxime
1105 2651 1201 2713 Procli
1216 2651 1282 2711 loco
1305 2651 1505 2725 (Commeat.
1497 2669 1526 2709 m
1542 2638 1625 2725 libri.
1643 2648 1733 2708 Elem.
1750 2644 1849 2729 Enel.)

445 2808 447 2811 Ι
479 2757 480 2761 ’
505 2728 542 2795 de
564 2739 692 2798 essentia
712 2755 806 2798 rernm
828 2738 1108 2812 mathematicarnm,
1135 2740 1224 2815 „quia
1245 2756 1304 2798 noa
1327 2746 1440 2798 tanturn
1461 2741 1604 2842 genuinos
1618 2735 1851 2795 harmonicamm

505 2827 658 2898 terminos,
673 2824 806 2885 circulos
830 2831 859 2885 et
881 2843 965 2885 arcus
987 2845 1006 2885 a
1026 2827 1142 2902 liguris
1148 2827 1301 2900 rescissas,
1331 2829 1360 2884 in
1389 2829 1486 2886 anima
1513 2827 1601 2903 inque
1628 2831 1725 2884 mente
1748 2820 1851 2883 statuit

505 2911 706 2986 essentialiter,
729 2912 885 2973 sedetiam
908 2916 977 2989 qnia
999 2914 1056 2973 sibi
1078 2909 1185 2975 similia
1206 2915 1363 2992 proterenti
1386 2913 1476 2975 demit
1497 2911 1640 3030 invidiam
1659 2911 1760 3017 rejecti
1782 2910 1851 2971 hino

504 2997 571 3060 inde
594 2999 790 3060 Aristotelisi‘.
831 3020 835 3026 ·
1397 3039 1398 3042 ,

608 3087 674 3149 Hae
695 3090 821 3148 rationes
843 3086 1030 3149 harmonicae
1053 3090 1091 3150 ab
1115 3089 1218 3152 altiore
1241 3087 1355 3150 animae
1383 3089 1428 3163 vi,
1464 3106 1539 3165 qnae
1545 3024 1696 3148 eadem
1687 3104 1716 3145 m
1739 3086 1852 3146 artibus

506 3182 536 3235 et
555 3174 647 3235 literis
669 3175 762 3250 valet,
794 3174 1004 3252 dijudicantem
1035 3185 1249 3254 cognoscuntur
1279 3186 1376 3237 autem
1405 3179 1434 3234 in
1455 3177 1569 3236 ἰιιιιιίι
1600 3175 1687 3234 rebus
1717 3174 1852 3234 interiore

504 3263 592 3322 animi
615 3264 660 3338 vi,
691 3280 750 3322 non
772 3263 859 3323 modo
889 3264 1014 3338 homini,
1048 3265 1100 3324 sed
1131 3265 1387 3341 etiam'pecudum
1410 3265 1523 3366 generi,
1555 3280 1648 3342 aeque
1671 3278 1706 3320 ac
1731 3261 1852 3350 ,mnndi

504 3352 639 3434 animae“
664 3350 765 3424 indita,
788 3352 852 3410 aiva
875 3352 1020 3412 instinctu.
1058 3352 1116 3411 Hic
1139 3355 1322 3412 instinctus
1314 3371 1339 3411 ιι
1362 3359 1415 3428 ιιι,
1439 3353 1488 3426 qui
1513 3346 1649 3417 discernit
1671 3365 1759 3408 sonos
1782 3348 1852 3408 bar-

505 3439 635 3497 monicus
658 3446 695 3499 ιι
724 3437 958 3499 harmonicorum
992 3438 1118 3499 siderum
1148 3439 1295 3501 radiorum
1317 3441 1387 3498 vim
1420 3439 1516 3498 sentit.
1561 3435 1603 3517 Ut
1635 3434 1742 3513 plantis
1770 3438 1852 3496 notio

504 3528 617 3585 numeri
639 3527 677 3586 ab
700 3519 796 3586 initio
805 3529 881 3585 inest
912 3523 1065 3608 (numerus
1092 3526 1264 3588 loliorum
1256 3546 1286 3586 ιιι
1317 3527 1449 3600 floribus,
1478 3543 1616 3605 numerus
1644 3540 1801 3601 granorum
1824 3527 1852 3582 in

504 3609 625 3694 pomis),
657 3615 699 3674 ita
728 3615 924 3675 animantibus
951 3623 980 3674 et
1008 3614 1117 3674 bomini
1147 3617 1235 3675 insita
1263 3623 1306 3675 est
1328 3614 1426 3675 circuli
1452 3616 1549 3688 notio;
1584 3615 1731 3687 „animam
1764 3613 1859 3671 etiam

504 3701 669 3775 interiores,
701 3701 880 3779 compositae
909 3708 939 3761 et
970 3703 1165 3763 conformatae
1195 3711 1262 3762 sunt
1292 3701 1329 3762 ad
1352 3701 1515 3776 circulum,
1546 3699 1627 3761 velut
1653 3695 1697 3759 ad
1721 3710 1853 3783 normam

505 3790 671 3865 legemque,
695 3806 818 3868 eumque
833 3792 897 3866 ipso
915 3790 1160 3866 circulo‘eJusqne
1177 3789 1456 3850 demonstrabilitate
1479 3789 1575 3858 ideam
1598 3790 1685 3848 etiam
1701 3789 1853 3846 rationum

506 3876 754 3951 harmonicamm,
789 3887 864 3954 quae
894 3876 961 3937 inde
984 3877 1162 3957 dependent,
1193 3877 1380 3937 induerunt“.
1425 3877 1615 3954 Recipiuntur
1640 3875 1697 3943 bae
1724 3876 1853 3935 rationes

506 3965 603 4024 animo
627 3966 657 4026 io
680 3966 767 4025 rebus
778 3959 946 4025 ‘sensilibus
970 3980 1147 4042 persensus,
1173 3967 1200 4023 in
1221 3966 1309 4026 rebus
1325 3965 1511 4044 insensilibus
1525 3963 1585 4023 alia
1601 3963 1688 4024 animi
1704 3962 1853 4044 laenitate,

508 4050 666 4128 „facultate
694 4056 808 4112 animae
837 4050 952 4126 vitali“,
987 4072 1062 4129 quae
1092 4052 1249 4130 rap.'VlL
1270 4051 1412 4130 pluribus
1439 4051 1609 4111 illustratur.
1660 4051 1854 4110 Praemissum

506 4145 605 4199 autem
620 4141 886 4216 interpretationem
901 4139 1046 4216 Keplerus
1062 4143 1124 4217 ipse
1144 4140 1214 4199 dicit
1239 4130 1420 4216 ,obscuram
1444 4137 1659 4222 quodammodo
1675 4136 1855 4198 materialem

508 4233 537 4286 et
560 4227 616 4286 sub
632 4228 716 4287 nube
739 4230 823 4304 qnasi
845 4228 1057 4304 ignorantiae“.
1101 4227 1269 4301 Facultates
1292 4227 1361 4287 illae
1383 4227 1473 4286 animi
1495 4224 1642 4303 inferiores
1668 4229 1727 4284 sion
1749 4227 1855 4299 sciunt,

507 4310 538 4374 ιι
560 4317 716 4392 percipere,
739 4320 771 4375 ut
795 4308 864 4389 ιιιιιι
876 4314 1008 4376 videntes
1031 4313 1141 4390 aliquid
1157 4332 1214 4374 non
1230 4322 1327 4375 tamen
1344 4313 1609 4390 animadvertimus,
1633 4330 1687 4372 nus
1702 4311 1731 4371 id
1745 4312 1854 4385 videre.

506 4400 548 4462 Ut
575 4421 658 4467 amor
683 4402 800 4483 puellae
829 4404 926 4463 existit
955 4404 992 4459 in·
1012 4403 1109 4461 auimo
1134 4403 1265 4477 juvenis,
1297 4403 1452 4461 nescientis
1475 4406 1539 4478 ‘qua
1561 4401 1597 4462 de
1620 4417 1710 4462 causa
1732 4407 1763 4460 ιι
1785 4400 1855 4476 quid
1879 4449 1880 4453 ,

507 4493 658 4550 inamata
688 4491 806 4567 diligat,
838 4507 927 4568 quum
957 4490 1190 4567 physiognomon
1215 4492 1249 4548 in
1277 4490 1442 4549 amantibus
1474 4498 1601 4564 morum,
1635 4488 1706 4561 oris',
1736 4487 1856 4548 habitus

508 4576 719 4652 similitudines,
745 4596 819 4656 quae
842 4573 1040 4639 nescientibus
1062 4577 1381 4651 amoremineendnnt,
1405 4580 1535 4652 noverit,
1564 4581 1606 4637 lta
1629 4578 1657 4637 in
1681 4575 1738 4634 illis
1761 4574 1856 4636 iacul-

508 4665 619 4725 tatibus
645 4674 709 4740 ,est
730 4681 833 4726 senens
856 4668 1076 4744 proportionum
1098 4667 1160 4724 sine
1183 4666 1302 4724 sensu“.
1346 4664 1433 4743 (Cap.
1457 4660 1543 4747 H.)<

613 4751 659 4811 Ita
692 4761 849 4828 postquam
882 4762 927 4813 est
961 4752 1159 4828 disquisitum,
1196 4754 1242 4811 cui
1275 4751 1363 4812 insint
1385 4753 1564 4812 'harmoniae
1587 4758 1726 4828 tanquam
1749 4752 1856 4826 agenti,

509 4838 646 4900 tormenti
668 4856 720 4899 seu
744 4841 854 4916 opifici,
886 4840 1030 4918 Keplerus
1053 4858 1114 4916 cap.
1137 4839 1190 4898 lll.
1214 4840 1308 4918 pergit
1323 4839 1367 4900 'ad
1390 4840 1569 4915 subjectum,
1599 4842 1628 4898 in
1652 4836 1729 4915 quod
1752 4845 1858 4915 agatur

508 4927 675 4987 harmoniis.
708 4924 791 4988 Haec
806 4935 904 4988 autem
920 4929 1053 5004 subjecta
1074 4930 1156 4989 sunt}
1180 4928 1285 5002 anima,
1310 4945 1385 5004 quac
1408 4926 1552 5004 descripta
1567 4934 1611 4987 est
1627 4945 1645 4986 a
1662 4926 1725 4985 Deo
1749 4927 1780 4983 in
1802 4925 1856 4990 bas

510 5017 712 5093 proportiones
742 5015 939 5089 harmonicas,
969 5016 1117 5094 planetae,
1152 5016 1259 5091 quibus
1287 5014 1427 5093 regularis
1457 5016 1533 5075 inest
1562 5022 1659 5074 motus
1682 5019 1711 5072 et
1733 5029 1857 5089 quorum

510 5120 646 5164 numerus
670 5105 755 5164 certis
779 5121 814 5163 ex
836 5102 987 5163 harmonia
1010 5102 1149 5166 desumtis
1169 5103 1296 5184 legibus
1329 5102 1464 5162 definitus
1487 5110 1544 5176 est,
1577 5101 1701 5178 denique
1731 5101 1856 5181 animae,

509 5194 648 5253 creaturis
659 5190 813 5252 mundanis
824 5191 998 5268 praelectae.
1020 5191 1145 5268 inquirit
1155 5189 1310 5269 Keplerus,
1322 5204 1392 5250 num
1403 5189 1573 5251 harmoniae
1584 5192 1673 5249 insint
1684 5189 1713 5246 in
1725 5193 1856 5263 numeru,
