4467 6192
526 638 588 717 '228
939 644 980 700 Dc
998 620 1264 712 Coudg'uratiouihus
1282 608 1460 698 llatnlonlels.

526 829 681 893 mutabilia
702 828 783 889 Deus
806 826 923 901 reliquit
945 827 1007 881 elna
1031 824 1112 880 omni
1135 838 1205 879 curu
1227 830 1346 881 ornatos
1369 822 1537 896 harmonici,
1565 826 1634 900 quin
1658 818 1755 900 potins
1779 825 1876 883 eorum

527 904 700 997 aliqua'(ut
721 928 816 974 rnottre
840 914 1022 991 planetarum
1044 902 1193 987 proprios)
1217 917 1408 968 extremorum
1440 912 1568 989 ipsorum
1598 914 1827 989 praescriptione
1849 913 1877 969 lu

528 1007 659 1066 ordinem
680 1004 880 1062 harmonicum
903 998 1028 1072 redegit,
1061 1013 1138 1070 quae
1166 998 1289 1053 materia
1320 996 1385 1054 libri
1410 996 1446 1054 V.
1474 1000 1542 1073 erit3
1572 1000 1601 1055 iu
1624 997 1708 1070 aliis,
1741 1000 1793 1057 ubi
1821 1015 1877 1057 nou

528 1094 634 1153 dantur
656 1098 793 1162 extrema,
816 1088 869 1147 sed
890 1088 1039 1162 quantitas
1061 1085 1199 1141 motionis
1221 1082 1329 1169 circulo
1353 1098 1485 1144 connexa
1507 1094 1552 1144 est
1573 1102 1672 1144 secum
1695 1089 1778 1163 ipsa,
1808 1088 1889 1155 satia,

528 1182 632 1239 babuit
654 1177 788 1248 Creator,
818 1178 861 1233 sle
883 1173 1062 1231 conformare
1084 1172 1215 1239 animas,
1247 1174 1388 1229 creaturis
1410 1170 1565 1231 mundanis
1587 1175 1770 1251 praefectae,
1799 1183 1830 1231 ut
1852 1180 1880 1231 st

529 1274 731 1344 exspectarent
752 1274 783 1322 et
805 1265 994 1321 observarent
1015 1267 1044 1317 et
1066 1258 1332 1316 animadverterent
1354 1257 1531 1333 harmonias,
1556 1278 1607 1339 per
1624 1268 1718 1320 totum
1742 1260 1880 1318 circulum

529 1358 591 1416 suis
615 1364 775 1428 temporum
798 1351 954 1408 momentis
977 1347 1199 1424 provenientes,
1230 1353 1260 1402 et
1282 1348 1469 1421 operationes
1492 1364 1562 1406 suas
1593 1347 1631 1407 ad
1655 1347 1770 1406 illarum
1793 1364 1880 1423 prae·

528 1446 669 1519 scriptum
690 1436 954 1499 accommodarent.
999 1432 1049 1491 Sic
1071 1432 1103 1489 tit
1127 1450 1191 1491 cnm
1213 1434 1342 1491 motibus
1364 1433 1547 1504 planetarum
1571 1452 1607 1495 ex
1621 1434 1712 1495 Terra
1734 1450 1880 1510 apparen-

529 1532 608 1589 tibus
631 1528 685 1586 sub
707 1525 845 1596 zodiaco,
868 1524 991 1583 materia
1013 1520 1101 1594 hujus
1124 1518 1177 1578 tv.
1201 1518 1267 1577 libri
1290 1522 1415 1596 propria.

616 1615 708 1691 igitur
730 1630 796 1672 cum
819 1612 956 1687 operibus
978 1609 1035 1667 Dei
1058 1607 1144 1665 nobis
1168 1608 1246 1665 notis
1270 1624 1315 1664 tes
1338 1608 1501 1683 eishabet3
1523 1608 1654 1684 adquae
1677 1611 1702 1667 si
1721 1609 1786 1685 jam
1801 1624 1881 1667 oom-

529 1720 664 1783 paremus
687 1719 730 1771 ea,
754 1716 832 1775 quae
855 1698 986 1757 homines
1009 1694 1048 1753 ad
1071 1694 1255 1773 harmonicas
1279 1692 1358 1767 leges
1382 1693 1525 1768 ordinant,
1549 1695 1774 1773 pertimendam
1797 1697 1881 1754 nobis

532 1780 655 1851 dicenda
678 1798 770 1861 erunt,
794 1790 899 1863 partim
922 1784 1048 1842 diversa.
1092 1778 1222 1839 Primum
1246 1785 1275 1837 in
1298 1782 1432 1841 cantibus
1463 1786 1519 1841 etsi
1540 1798 1600 1842 nou
1622 1786 1717 1842 minus
1740 1800 1831 1859 quam
1854 1784 1881 1839 iu

510 1866 613 1939 'coelo
643 1876 728 1934 datur
761 1877 900 1933 corttinua
929 1871 1101 1947 quantitatis
1133 1874 1334 1943 augmentatio
1364 1878 1393 1927 et
1422 1869 1590 1940 diminutio,
1623 1870 1697 1930 baec
1724 1878 1823 1929 tamen
1853 1872 1881 1927 in

531 1966 606 2027 coeli
629 1963 758 2022 motibus
785 1964 878 2019 certis·
898 1972 1020 2017 naturae
1045 1956 1163 2030 legibus
1191 1965 1236 2014 est
1263 1959 1442 2029 necessaria,
1473 1961 1508 2015 in·
1533 1975 1606 2018 voce
1629 1958 1758 2016 hnmana
1787 1974 1881 2033 neque

530 2053 696 2119 necessaria
718 2060 764 2107 est
785 2065 881 2123 neque
904 2049 993 2105 etiam
1014 2042 1117 2101 facilis.
1164 2040 1273 2101 Guttnr
1294 2060 1322 2102 n.
1344 2045 1529 2106 distinctione
1546 2044 1717 2105 circulorum
1739 2042 1778 2104 ad
1797 2060 1883 2103 voces

531 2141 701 2201 articulatas
724 2136 833 2193 lactum
856 2141 909 2201 est.
932 2132 1107 2206 faciliusque
1130 2130 1169 2191 ab
1192 2142 1279 2189 acuto
1303 2134 1331 2188 in
1354 2149 1444 2208 grave
1474 2141 1506 2192 et
1529 2136 1657 2192 vicissim
1679 2148 1731 2209 pet
1753 2132 1882 2191 saltuum

531 2228 624 2305 veluti
646 2222 804 2283 intervalla
824 2225 995 2296 sonitusque
1026 2217 1168 2277 discretos
1189 2222 1388 2293 pervenimus,
1421 2237 1508 2296 quam
1530 2222 1555 2278 sl
1575 2220 1745 2296 juberemur
1767 2223 1813 2278 uti
1835 2221 1882 2276 in·

531 2318 664 2375 tensione
685 2312 834 2390 continua,
878 2307 958 2367 Nihil
981 2309 1070 2381 igitur
1091 2307 1205 2377 mirum,
1229 2308 1258 2362 in
1281 2307 1408 2365 motibus
1431 2307 1606 2369 coelestibus
1629 2309 1784 2383 cumipse
1805 2324 1883 2383 aog-

533 2402 711 2464 mentatione
734 2406 763 2456 et
785 2396 975 2455 diminutione
999 2395 1151 2463 contiuua,
1183 2409 1258 2468 quae
1283 2396 1375 2452 ‚vitari
1405 2410 1463 2453 nou
1485 2398 1595 2471 potuit,
1629 2397 1771 2453 metuisse
1795 2396 1884 2453 etiam

532 2486 688 2550 intervalla
708 2486 896 2554 inconcinna,
925 2485 1017 2541 mixta
1040 2482 1188 2539 concinnis
1203 2490 1242 2539 ,et
1263 2481 1413 2553 consonis,
1443 2485 1472 2540 in
1496 2491 1583 2543 carrtu
1607 2480 1754 2552 humano,
1783 2481 1886 2539 'elimi-

533 2577 610 2635 natis
633 2572 768 2633 omnibus
791 2572 980 2640 inconcinnis,
1004 2568 1070 2644 sola
1091 2570 1234 2626 concinna
1257 2579 1286 2626 et
1309 2584 1438 2628 consona
1463 2571 1624 2630 observari.
1669 2556 1772 2643 Neque
1795 2568 1887 2627 habet

533 2663 619 2734 ideo,
641 2677 700 2737 quo
722 2658 861 2734 glorietur
883 2665 986 2715 cantus
1008 2672 1077 2733 prae
1099 2656 1278 2713 motionibus
1294 2655 1483 2732 coelestibue;
1510 2658 1568 2715 illis
1591 2675 1618 2715 tt.
1643 2655 1723 2715 alind
1746 2654 1886 2727 officium,

535 2749 614 2827 quod
636 2754 786 2826 peragant,
810 2754 856 2803 est
877 2742 1098 2814 demandatum,
1123 2742 1291 2800 harmonica
1309 2746 1538 2820 contemperatio
1560 2746 1634 2820 ipsis
1657 2752 1702 2802 est
1721 2746 1888 2802 aocemoria

534 2847 656 2909 mutum,
681 2841 783 2893 cantus
806 2840 919 2910 praeter
942 2829 1107 2889 barmoniae
1130 2828 1203 2887 nihil
1227 2828 1307 2905 quod
1329 2839 1442 2906 spectet
1463 2832 1562 2905 babet,
1585 2828 1659 2890 nihil
1682 2838 1763 2890 extra
1787 2832 1888 2907 requi-

534 2927 587 2997 rit,
611 2926 641 2981 in
665 2938 752 2984 unum
775 2921 872 2979 solum
893 2918 981 2977 finem
1001 2917 1206 2975 delectationis
1229 2918 1357 2977 intentus
1381 2924 1433 2977 est.

620 3014 697 3069 Sunt
729 3015 758 3066 ct
788 3007 849 3065 alia
879 3023 969 3084 opera
998 3004 1142 3075 humana,
1177 3005 1205 3060 in
1238 3021 1314 3079 quae
1343 3021 1425 3065 meus
1456 3007 1659 3083 proportiones
1691 3003 1890 3075 harmonicas,

537 3100 689 3174 obscurius
720 3104 818 3154 tamen
847 3103 878 3153 et
900 3093 1002 3165 vilius,
1036 3088 1211 3162 introducit,
1242 3100 1274 3149 ut
1304 3108 1370 3151 cum
1392 3102 1495 3152 certius
1524 3108 1582 3152 nou
1605 3090 1747 3168 qualitate
1772 3099 1890 3151 tantum

536 3180 678 3247 acuminis
702 3191 731 3241 et
753 3185 915 3257 gravitatis,
939 3179 992 3237 sed
1013 3180 1132 3255 insuper
1154 3180 1242 3247 etiam
1264 3194 1400 3239 mensura
1423 3187 1535 3257 metus,
1562 3180 1756 3256 proportionis
1779 3177 1891 3254 duplae

537 3285 566 3333 ct
588 3272 693 3349 triplae
715 3271 875 3346 participe,
906 3268 1092 3339 ittlonnatur;
1124 3274 1153 3324 et
1176 3282 1288 3324 rursum
1318 3268 1346 3323 in
1370 3275 1450 3326 motu
1473 3283 1644 3342 corporum,
1676 3282 1741 3325 cunt
1764 3264 1891 3323 saltatur

536 3365 566 3422 in
591 3360 719 3430 choreis,
749 3360 877 3431 primum
899 3352 1149 3428 inaequalitatis,
1179 3356 1324 3427 posterius
1347 3355 1376 3410 in
1400 3352 1490 3431 dupla
1510 3357 1707 3431 proportione.
1741 3356 1825 3427 qt'ide
1844 3356 1891 3411 lib.

536 3446 731 3513 111.t01.137.‚t
772 3442 860 3518 Quod
882 3440 959 3501 idem
990 3448 1019 3498 et
1041 3449 1148 3517 poetae
1172 3442 1321 3499 imitantur
1352 3445 1574 3504 concinnatione
1596 3441 1704 3517 pedum
1735 3458 1772 3498 ex
1795 3440 1892 3517 sylle-

540 3534 594 3605 bis,
617 3531 708 3607 longa
730 3541 760 3591 et
782 3532 880 3603 brevi,
910 3544 1033 3604 quarum
1062 3528 1115 3587 illa
1136 3529 1253 3604 ponitur
1282 3544 1346 3587 esse
1368 3527 1458 3606 dupla
1480 3527 1582 3604 hujus:
1614 3528 1664 3587 ubl
1692 3526 1814 3601 jambus
1837 3556 1891 3600 o·,

540 3619 697 3678 trochaeus
720 3651 755 3680 -ν
783 3616 829 3677 vel
853 3615 1006 3675 tribrachis
1029 3639 1100 3673 ono
1122 3613 1161 3671 ad
1183 3612 1363 3691 spondaeum
1387 3646 1444 3686 --,
1475 3614 1624 3693 dactylum
1644 3645 1727 3686 -υυ,
1757 3630 1893 3691 anapae-

539 3716 617 3765 stum
633 3731 707 3778 au-,
731 3705 777 3767 tel
793 3702 1023 3781 amphibrachyn
1038 3729 1121 3772 u-o,
1146 3700 1193 3759 vel
1208 3702 1499 3778 proceleusmaticum
1515 3733 1532 3761 υ
1542 3727 1560 3761 υ
1574 3730 1618 3761 uu
1641 3710 1685 3761 est
1700 3710 1733 3760 ut
1754 3704 1772 3760 3
1799 3700 1837 3760 ad
1855 3704 1893 3776 43

540 3792 831 3864 adbacchiosun,
849 3819 934 3863 --υ,
958 3791 1096 3849 cretiennt
1113 3820 1182 3847 -υ-
1208 3798 1511 3865 etpaeonaswcu,
1536 3816 1638 3862 u-oo,
1663 3816 1771 3859 υυ-υ,
1795 3812 1894 3848 ooo·

540 3891 574 3939 ut
596 3882 614 3939 3
639 3878 677 3939 ad
702 3883 738 3955 53
760 3880 800 3939 ad
821 3880 980 3937 molossum
1004 3907 1078 3949 ---,
1101 3876 1301 3936 choriambum
1316 3906 1421 3949 ww,
1440 3878 1557 3953 jotticos
1584 3886 1613 3936 et
1627 3876 1806 3953 compositos
1822 3893 1894 3935 sons

541 3977 574 4026 ut
598 3970 613 4026 1
638 3968 682 4043 ad,
699 3972 737 4042 ‘23
767 3967 806 4027 sd
828 3965 945 4025 eosdem
968 3962 1151 4040 spondaeus,
1183 3962 1317 4039 dactylus
1340 3967 1443 4041 etqui
1465 3963 1585 4024 totidem
1611 3980 1678 4022 cnm
1699 3965 1735 4021 lis
1758 3972 1895 4039 tempora

540 4054 666 4121 habent,
696 4066 729 4113 nt
752 4058 770 4113 ‘l
793 4054 831 4114 ad
855 4056 892 4127 3;
916 4064 944 4111 et
966 4051 997 4109 hi
1019 4052 1108 4110 iidem
1131 4050 1168 4109 ad
1191 4068 1335 4128 paeones,
1366 4060 1400 4111 ttt
1422 4055 1442 4111 t
1466 4051 1504 4111 ad
1528 4054 1556 4112 b.
1600 4050 1734 4110 Paeones
1758 4068 1830 4110 vero
1855 4051 1893 4110 ad

541 4142 741 4220 choriambum
763 4150 793 4201 et
815 4142 927 4210 socios,
953 4149 985 4197 ut
1009 4140 1026 4197 5
1050 4138 1088 4197 ad
1113 4138 1141 4196 6.

629 4228 771 4305 Adeoque
795 4227 976 4287 delectantur
997 4235 1104 4303 poetae
1127 4233 1157 4283 et
1172 4225 1352 4301 grammatici
1369 4226 1456 4289 etiam
1479 4224 1645 4285 nominibus
1659 4226 1893 4302 proportionum,

541 4333 597 4375 usu
619 4317 762 4393 peculiari
793 4315 882 4394 pedes
904 4312 1158 4389 quadrisyllabos,
1188 4328 1247 4371 una
1278 4313 1378 4385 brevi,
1407 4314 1556 4388 epitritos,
1586 4312 1614 4370 h.
1637 4330 1664 4372 e.
1687 4313 1894 4387 sesquitertios

542 4402 740 4481 appellantes,
773 4406 844 4480 qnia
866 4410 899 4459 ut
920 4404 949 4457 in
971 4402 1159 4477 proportione
1183 4402 1202 4457 t
1225 4399 1263 4459 ad
1288 4402 1321 4473 s,
1351 4399 1436 4462 lineis
1465 4397 1614 4477 parallelis
1643 4416 1801 4476 expressa,
1834 4407 1892 4458 tres

543 4488 662 4567 quidem
684 4494 795 4567 primae
818 4492 945 4570 unitates
975 4486 1085 4563 duplici
1107 4486 1186 4545 linea
1209 4495 1477 4563 repraesentantur,
1501 4496 1606 4563 quarta
1628 4494 1740 4546 tentum
1763 4487 1892 4563 simplici

543 4578 715 4651 excedente,
747 4582 790 4638 sic
820 4580 849 4635 in
879 4575 953 4652 pede
982 4585 1040 4633 tres
1061 4574 1196 4649 syllabae
1228 4584 1296 4633 sunt
1324 4574 1446 4639 duorum
1468 4582 1646 4652 temporum,
1676 4580 1781 4649 quarta
1805 4577 1892 4633 unius

543 4672 666 4723 tanturn.
711 4664 843 4742 Cumque
871 4680 929 4721 vox
956 4664 1021 4739 ipsa
1049 4659 1156 4739 pedum
1184 4660 1221 4720 ad
1245 4661 1350 4721 choros
1378 4660 1507 4734 alludat,
1539 4670 1650 4739 partem
1673 4660 1892 4722 comoediarum

544 4764 573 4811 et
600 4752 833 4827 tragoediarum,
870 4749 1004 4808 videntur
1029 4749 1187 4808 histriones
1217 4751 1304 4807 etiam
1334 4758 1414 4807 motu
1450 4748 1556 4827 pedum
1586 4750 1789 4825 proportiones
1820 4751 1892 4809 isus

544 4856 645 4899 omnes
674 4842 865 4915 expressisse,
895 4854 954 4896 non
982 4838 1077 4895 minus
1107 4853 1196 4911 quam
1226 4835 1314 4896 hodie
1344 4834 1435 4914 dupla
1463 4845 1493 4895 et
1515 4834 1602 4913 tripla
1632 4837 1813 4911 exprimitur.
1858 4836 1891 4894 lu

544 4926 771 4987 architectonica
798 4942 989 5002 quaecunque
1019 4926 1221 5002 proportiones
1249 4923 1441 4998 longitudinis
1470 4922 1508 4982 ad
1531 4922 1715 4982 latitudinem
1737 4923 1786 4981 vel
1805 4940 1893 4983 cras-

544 5017 641 5072 sitiem
664 5012 819 5091 plurimum
840 5013 1008 5089 probantur,
1030 5014 1120 5070 etiarn
1141 5012 1462 5071 anon-mathematicis
1485 5010 1709 5087 spectatoribus,
1733 5026 1786 5071 eae
1802 5026 1891 5087 quam

545 5103 694 5181 proximae
720 5100 896 5161 harmonicis
923 5100 1118 5159 inveniuntur.
1168 5096 1255 5172 Quod
1285 5115 1356 5159 vero
1385 5099 1432 5159 his
1460 5098 1595 5159 omuibus
1628 5098 1793 5160 mores
1821 5104 1891 5158 snat
