4467 6192
875 644 958 703 Liber
974 646 1023 703 111.
1043 646 1133 717 caput
1148 644 1221 701 XIV.
1554 600 1557 605 Ι
1657 657 1718 717 391

377 842 453 901 quaa
474 826 512 885 ils
534 828 731 901 suasimus,
744 845 774 887 -a
793 832 860 888 nete
882 842 935 887 sen
959 824 1067 885 ultimis
1090 824 1192 899 dictis3
1225 826 1446 905 celebraturque
1466 829 1521 891 Sol
1541 829 1642 891 crebre
1661 846 1721 893 ‚usn

377 916 519 973 sermonis
541 931 595 991 pro
616 913 801 990 planetarum
822 913 932 987 medio,
963 929 1020 973 non
1044 914 1139 973 minus
1161 929 1251 989 qnam
1272 912 1324 973 illa
1345 934 1424 977 mese
1446 917 1564 991 dicitnr,
1594 924 1624 977 st
1645 919 1722 976 sicut

376 1018 461 1061 mese·
477 1009 607 1079 systema
628 1001 812 1078 perfeetum,
836 1004 878 1059 sie
900 999 950 1061 Sol
980 998 1118 1059 mnndum
1151 1000 1276 1076 bissest3
1306 1018 1383 1062 mese
1405 1004 1524 1079 quidem
1547 1014 1577 1065 et
1599 1021 1721 1083 propor-

377 1090 486 1149 tionem
508 1091 685 1166 systematis,
708 1102 784 1165 qnae
807 1087 978 1165 quadrupla'
993 1087 1112 1159 dioitm,
1136 1089 1165 1145 in
1189 1087 1248 1148 duo
1270 1089 1406 1165 aequalia
1427 1090 1546 1165 dividit,
1569 1091 1621 1151 Sol
1646 1108 1722 1167 quo·

376 1193 434 1253 quc
458 1179 674 1254 proportionem
696 1174 914 1241 intervallorum
937 1174 1177 1235 videtureodam
1199 1176 1259 1236 iere
1281 1176 1369 1237 modo
1390 1176 1530 1251 dividere,
1552 1180 1578 1237 si
1599 1178 1722 1254 prolixi·

377 1254 469 1323 ts'tsm
490 1265 638 1340 temporis,
662 1279 721 1339 qno
735 1262 878 1323 Satrrrnns
893 1261 976 1336 redit,
1000 1265 1162 1336 argumenti
1178 1262 1245 1322 loco
1258 1262 1419 1324 babeamus
1439 1266 1477 1325 ad
1489 1265 1723 1341 ‚conjectandum

378 1348 575 1410 intervallum.
620 1348 671 1410 Sol
702 1352 777 1409 enim
806 1348 961 1410 duodecies
994 1348 1103 1409 tardior
1125 1349 1224 1421 Luna,
1255 1349 1351 1410 decies
1379 1354 1482 1412 novies
1505 1355 1616 1412 circiter
1637 1351 1724 1411 altior

377 1449 423 1497 est
445 1436 510 1511 llla3
533 1437 674 1497 Saturnus
698 1454 768 1497 uero
791 1438 895 1495 tricies.
910 1436 1019 1495 tardior
1041 1435 1127 1509 Sole,
1150 1440 1257 1513 poterit
1277 1436 1467 1514 probabiliter
1490 1447 1520 1499 et
1540 1442 1604 1517 ipse
1626 1439 1723 1499 decies

375 1527 481 1585 novies
503 1523 647 1585 altinran
670 1527 769 1602 statui,
793 1542 858 1583 cum
880 1524 952 1583 nihil
969 1522 1108 1600 impediat
1124 1540 1234 1596 eorum,
1257 1542 1333 1600 qnae
1357 1528 1385 1586 in
1407 1526 1551 1587 sideribus
1572 1515 1722 1605 apparent,

377 1621 411 1673 nt
433 1619 545 1689 quanto
568 1612 661 1685 leuna,
682 1612 792 1681 intima,
816 1609 951 1670 humilior
974 1620 1018 1671 est
1041 1628 1129 1687 quam
1155 1610 1291 1685 volocior,
1315 1620 1396 1672 tanto
1419 1616 1549 1674 ricimim
1570 1613 1722 1688 Saturnus,

378 1700 549 1773 altissimus,
573 1699 680 1758 tardior
703 1700 742 1757 sit
765 1715 852 1775 qnam
875 1697 969 1759 altior.
1620 1695 1625 1713 ¹

464 1786 610 1864 Amplius,
634 1788 710 1844 sieut
731 1788 806 1845 inter
828 1784 1142 1862 proslambanomenon
1156 1794 1186 1844 at
1208 1782 1335 1863 hypaten
1352 1786 1484 1865 hypaton
1506 1779 1726 1847 minimnm'est

378 1891 414 1933 ex
437 1874 587 1933 stabilium
611 1873 727 1949 quidem
750 1888 887 1933 sonorum
910 1872 1081 1944 intervallis,
1105 1874 1148 1931 sic
1171 1874 1258 1930 etiarn
1281 1890 1317 1931 ex
1340 1875 1537 1950 superioribus
1553 1874 1670 1935 Saturni
1693 1882 1723 1933 et
1777 1874 1784 1887 “

377 1959 466 2020 Joris
488 1964 599 2037 primae
622 1959 763 2037 sphaerae
785 1962 934 2018 minimum
963 1966 1109 2035 potestate
1133 1958 1258 2032 diatmu,
1289 1963 1397 2037 quippe
1425 1962 1574 2040 epicyclus
1603 1960 1722 2021 Saturni

378 2050 514 2107 minimus
544 2056 588 2108 cst
619 2050 805 2125 proportione
834 2046 872 2106 ad
904 2048 1003 2105 orbern
1033 2062 1119 2105 suurn
1142 2048 1352 2123 eccentricum3
1381 2055 1413 2106 nt
1436 2066 1506 2109 raro
1529 2051 1604 2109 inter
1625 2064 1725 2107 meson

378 2143 408 2195 et
428 2136 558 2213 hypaten
582 2152 682 2196 meson
706 2141 751 2193 est
779 2133 962 2193 intervallum
991 2132 1191 2201 diatessaron,
1225 2135 1399 2207 maximum,
1432 2138 1476 2196 sic
1501 2137 1575 2196 inter
1597 2135 1674 2195 Solis
1697 2141 1726 2194 et

377 2223 483 2283 Martis
504 2224 613 2299 primas
635 2221 774 2299 sphaeras
796 2229 842 2281 est
862 2220 1049 2280 intervallum
1072 2228 1218 2296 potestate
1241 2224 1414 2295 maximum,
1444 2226 1515 2299 qnia
1535 2223 1639 2282 Martis
1662 2224 1725 2299 epi-

378 2310 481 2386 eyelus
512 2312 698 2387 proportione
727 2316 771 2369 est
799 2310 941 2381 maximus
974 2308 1011 2367 ad
1040 2310 1232 2367 eccentrieum
1262 2326 1364 2384 suum3
1395 2318 1424 2369 at
1446 2318 1479 2370 ut
1500 2312 1575 2371 inter
1596 2310 1725 2387 hypaten

380 2396 513 2475 hypaton
538 2404 567 2457 et
589 2396 717 2474 hypaten
740 2413 841 2455 meson
871 2412 983 2453 rursum
1014 2405 1058 2455 est
1081 2394 1274 2460 diatessaron,
1308 2397 1432 2473 aequale
1454 2399 1556 2475 priori,
1588 2399 1631 2456 sic
1652 2399 1727 2461 inter

377 2483 487 2545 Jorem
512 2492 542 2545 nt
564 2482 688 2554 Martem
711 2491 756 2543 est
778 2481 972 2555 intervallum,
996 2489 1142 2558 potestate
1164 2486 1362 2560 propinquans
1385 2486 1482 2545 ricino
1504 2488 1581 2545 inter
1602 2484 1727 2545 Martem

377 2580 408 2631 et
430 2571 547 2643 Solem,
579 2571 648 2647 quia
671 2568 819 2648 epicynlus
841 2568 945 2642 Jovis,
977 2587 1042 2629 cum
1065 2569 1219 2629 mediocris
1241 2573 1279 2630 sit
1300 2574 1487 2649 proportione
1509 2570 1549 2634 sd
1570 2589 1654 2631 suum
1677 2589 1727 2631 ec-

378 2660 549 2730 centrieum,
572 2648 735 2734 quantitate
757 2658 933 2735 propinquat
957 2656 1086 2717 Martiali
1114 2659 1145 2713 in
1173 2666 1303 2729 tuntum,
1332 2666 1443 2736 quanto
1475 2659 1568 2736 maj0r
1589 2667 1634 2719 est
1664 2661 1727 2737 ipse

377 2744 469 2805 Jnris
492 2748 669 2806 eocantrionr
692 2746 852 2803 eceantrico
875 2743 988 2803 Martis.
1034 2744 1159 2803 Rursum
1182 2746 1257 2805 inter
1279 2746 1426 2805 inferiores
1440 2747 1592 2805 minimum
1614 2753 1659 2806 est
1681 2748 1727 2802 in·

378 2830 537 2893 terrallum
565 2835 640 2893 inter
666 2833 774 2908 primas
803 2830 880 2891 Solis
909 2839 940 2893 et
963 2824 1084 2891 Veneris
1113 2831 1253 2908 sphaeras
1283 2832 1366 2911 (quia
1393 2832 1445 2892 Sol
1474 2832 1605 2911 epicyclo
1624 2816 1726 2913 ⁴cerret),

379 2922 470 2980 sicuti
493 2928 538 2981 est
560 2922 723 2990 minimum,
757 2917 786 2977 id
819 2927 863 2978 est
892 2921 1020 2979 tonicam
1044 2918 1229 2978 intervallum
1259 2922 1349 2979 etiam
1369 2922 1446 2980 inter
1466 2938 1566 2981 mesen
1588 2927 1618 2981 et
1638 2938 1727 2996 para·

381 3024 498 3079 messn;
520 3008 594 3067 inter
617 3007 740 3067 Veneris
762 3020 832 3065 vero
855 3012 885 3063 et
899 3006 1035 3065 Mercurii
1057 3008 1167 3083 primas
1187 2987 1328 3082 sphaeras
1351 3008 1390 3067 ob
1411 3006 1640 3084 magnitudinem
1663 3009 1728 3083 api·

380 3094 457 3173 cycli
479 3094 605 3155 Veneris
627 3093 664 3153 ad
687 3095 878 3153 eoeenhlcnm
900 3100 946 3152 est
974 3094 1132 3175 maximnm
1154 3093 1356 3165 intervallum,
1387 3096 1464 3153 sicut
1485 3102 1515 3155 et
1543 3097 1618 3154 inter
1639 3111 1728 3170 para·

380 3198 483 3242 mesen
505 3189 535 3241 et
556 3188 642 3242 neten
671 3180 899 3256 diezeugmenon
930 3181 1104 3251 maximum,
1125 3178 1247 3249 ,seilicet
1279 3180 1475 3256 diatessaronp
1507 3180 1632 3257 denique
1653 3184 1729 3239 inter

380 3268 520 3329 Mercurii
543 3276 572 3329 et
593 3266 695 3328 Lunae
718 3270 827 3344 primas
850 3275 894 3326 est
915 3266 1100 3327 intervallum
1131 3273 1275 3345 potestate
1297 3270 1497 3346 propinquans
1518 3269 1624 3347 priori,
1658 3270 1729 3344 qnia

381 3354 532 3434 epicyclus
554 3355 690 3415 Mercurii
712 3354 897 3433 proportione
920 3354 1073 3414 mediocris
1096 3363 1142 3413 est
1163 3354 1201 3413 ad
1224 3357 1417 3415 excentricnm
1441 3372 1541 3429 suurn,
1564 3355 1658 3431 maj0r
1680 3363 1728 3413 ta·

381 3461 449 3505 men
480 3460 571 3519 quam
592 3442 701 3502 ¹dorius
723 3440 761 3502 ad
792 3457 893 3517 suum3
923 3442 1028 3519 quodsi
1050 3444 1080 3499 in
1103 3440 1203 3516 Luna,
1233 3442 1331 3501 indmo
1353 3441 1487 3519 planeta,
1512 3450 1648 3502 vsumatur
1670 3458 1727 3500 non

381 3534 487 3609 prima,
510 3530 562 3591 sed
588 3530 690 3590 ultima
711 3528 837 3608 sphaera
859 3538 889 3589 et
911 3528 1018 3589 mundo
1041 3528 1191 3589 sublunari
1214 3531 1403 3602 vicinissime,
1427 3530 1580 3605 augebitur
1604 3530 1660 3589 hoo
1682 3532 1742 3587 in-·

382 3616 540 3679 tenellum
563 3621 730 3677 accessione
754 3615 877 3695 epicycli
899 3624 929 3677 et
950 3616 1141 3679 deserentium
1162 3615 1279 3691 Lunae,
1302 3633 1425 3693 qnorum
1449 3627 1574 3678 estnon
1597 3625 1729 3677 contem·

383 3704 482 3766 nenda
504 3704 675 3780 magnitudo
691 3706 907 3780 comparatione
921 3702 959 3763 ad
975 3706 1181 3765 ecoentrieum:
1208 3712 1240 3763 ut
1261 3706 1303 3763 ita
1325 3704 1381 3764 hoc
1402 3722 1520 3781 quoquc
1543 3703 1728 3766 intervallum

385 3788 490 3853 melius
512 3792 687 3869 respondeat
710 3791 812 3851 ultimo
832 3790 989 3853 intervallo
1013 3793 1087 3849 inter
1108 3799 1194 3850 neten
1211 3791 1437 3867 diezeugmenon
1460 3800 1490 3853 et
1511 3799 1598 3853 neten
1620 3791 1729 3868 hyper-

383 3880 521 3951 bolaeon,
544 3878 623 3956 qnod
646 3886 691 3939 est
712 3877 844 3938 similiter
865 3880 1032 3947 maximum,
1055 3877 1167 3937 seilicet
1188 3877 1369 3937 diatessaron
1383 3876 1457 3958 ¹¹¹¹).

473 3966 558 4027 Haeo
587 3968 688 4041 igitur,
719 3968 806 4025 etism
837 3980 889 4041 per
917 3982 1053 4024 numeros
1082 3967 1163 4040 ipsos
1192 3967 1376 4026 convenienti
1405 3966 1493 4025 modo
1514 3972 1642 4036 tentata,
1670 3980 1728 4022 non

385 4054 474 4115 valde
497 4053 649 4113 dissimilia
671 4062 755 4113 erunt
769 4051 939 4125 intervallis,
963 4069 1039 4128 quae
1055 4054 1084 4109 in
1100 4054 1278 4111 mnonomia
1299 4053 1491 4128 probabiliter
1506 4054 1727 4112 coristitnnntnr.

386 4142 476 4201 Primi
500 4144 576 4201 enirn
599 4141 720 4213 numeri,
743 4140 849 4216 quibus
872 4142 1054 4199 continentur
1077 4154 1177 4198 omnes
1197 4142 1400 4216 proportiones
1421 4138 1569 4199 stabilium
1582 4156 1729 4211 sonorum,

386 4232 411 4289 si
433 4246 534 4289 omnes
558 4228 683 4287 chordae
706 4230 873 4304 systematis
902 4228 1021 4305 perlecti
1043 4244 1079 4287 ex
1101 4226 1189 4286 unice
1219 4225 1284 4284 sola
1306 4230 1438 4287 tensione
1460 4226 1647 4286 monochordi
1670 4226 1730 4284 ior-

385 4326 508 4388 mentnr,
532 4322 599 4375 sunt
622 4318 688 4374 istie
712 4316 739 4386 9,
766 4316 817 4405 lt,
842 4315 892 4393 16,
918 4316 966 4383 18,
991 4316 1041 4387 nt,
1060 4314 1110 4386 32,
1128 4314 1179 4373 bd.
1214 4311 1329 4372 Primus
1346 4317 1364 4373 9
1380 4306 1445 4373 oum
1469 4314 1570 4373 ultimo
1594 4314 1634 4371 36
1657 4328 1730 4369 eon·

388 4406 483 4463 stituit
505 4404 720 4480 proportionem
735 4401 937 4478 quadruplam.
970 4400 1117 4479 sphaerae
1133 4419 1202 4460 vero
1218 4400 1359 4461 coelestes
1382 4410 1525 4479 occupant
1547 4396 1730 4458 intervallum

387 4490 480 4549 multo
504 4488 615 4566 majus,
646 4487 688 4548 ita
711 4498 742 4549 nt
763 4489 889 4565 sphaera
912 4488 1152 4548 Saturniextimi
1176 4490 1213 4547 sit
1243 4489 1384 4565 sphaerae
1407 4488 1508 4547 Lunae
1532 4490 1650 4544 intimae
1670 4502 1730 4543 non

389 4576 478 4638 semel
503 4584 630 4647 tanturn,
660 4575 713 4635 sed
741 4575 828 4651 plane
850 4582 894 4635 ter
922 4574 1100 4653 quadrupla,
1133 4576 1188 4635 boc
1210 4584 1256 4635 est
1278 4575 1454 4652 ducentupla
1477 4572 1731 4651 quinquagecupla

388 4664 525 4741 sextupla
548 4670 576 4723 et
600 4662 678 4741 qnod
702 4666 839 4723 excurrit:
863 4680 930 4723 nam
946 4665 970 4722 si
990 4660 1097 4733 ibim,
1122 4679 1197 4739 quae
1214 4664 1343 4721 estintar
1357 4661 1434 4721 Solis
1456 4669 1485 4719 et
1501 4661 1600 4720 Lunae
1621 4660 1730 4737 sphae-

390 4770 447 4823 ras,
471 4748 698 4827 dnplicaremus‚
732 4758 762 4807 ut
784 4748 872 4826 paulo
895 4760 997 4823 antea,
1028 4748 1154 4827 prodiret
1177 4748 1330 4809 Saturniae
1350 4748 1388 4807 ad
1411 4748 1555 4808 Lnnmem
1577 4746 1731 4823 sphaeram

389 4840 537 4916 proportio
565 4830 653 4915 plrine
676 4833 786 4898 3dli²¹⁸.
832 4836 889 4896 Sed
919 4854 1087 4897 maneamus
1110 4853 1187 4895 nnnc
1210 4838 1239 4893 in
1262 4853 1311 4907 eo,
1342 4843 1455 4896 uttam
1476 4834 1586 4895 Solaria
1608 4834 1733 4912 sphaera

389 4927 532 4998 Lunsris,
566 4942 653 5002 qnam
676 4924 813 4986 Saturnia
836 4922 945 4982 Solaria
967 4922 1109 4997 sphaeras
1138 4924 1195 4981 sint
1221 4920 1328 4995 lium,
1362 4925 1433 4998 quia
1461 4924 1503 4983 sic
1530 4923 1733 5000 proportiones

390 5013 563 5074 coelestium
583 5019 752 5073 statuuntur
773 5008 1049 5071 commensurabiles
1071 5010 1308 5085 proportionibus
1328 5011 1524 5084 musicalium,
1546 5010 1652 5086 triplae
1673 5009 1733 5069 sol·
1816 5081 1818 5084 ¹

388 5101 459 5163 licet
481 5116 590 5162 aarum
637 5100 740 5177 ltaque
770 5100 796 5157 si
829 5095 1008 5179 triplicentur
1037 5094 1140 5157 horum
1169 5112 1354 5158 numerorum
1374 5100 1592 5179 proportiones,
1626 5098 1682 5158 erit
1702 5096 1732 5156 ln
