4467 6192
850 642 934 703 Liber
950 643 999 702 Ill.
1019 645 1107 715 Caput
1123 641 1171 701 VL
1407 723 1410 728 Ι
1620 656 1684 719 aad

419 818 495 875 Nota
513 820 588 876 XIV.
625 819 686 875 Jam
709 819 881 879 rationalium
909 819 1080 890 septenarius
1102 820 1183 877 valde
1201 819 1323 877 diversas
1350 821 1466 885 adistis
1487 824 1687 896 complectitur.

330 896 472 953 Hactenus
491 899 563 954 euim
580 898 694 953 virtutes
718 898 917 954 assuefactione
943 898 1094 969 comparari
1112 907 1274 972 potuerunt,
1290 908 1328 968 ,ut
1347 909 1374 958 et
1397 918 1427 957 se
1447 910 1503 960 tem
1518 904 1688 961 intellectus·

329 974 397 1029 lium
416 977 582 1042 nonnullae,
600 986 628 1032 et
644 978 712 1047 ipsa,
732 991 802 1046 quae
816 977 863 1032 his
881 986 986 1047 septem
1005 977 1184 1037 facultatibus
1201 980 1334 1035 instructa
1353 997 1414 1037 esse
1426 920 1515 1052 lebet,
1534 984 1688 1055 prudentia,

330 1052 513 1109 cardinalium
531 1070 609 1113 una.¹
629 1056 666 1110 At
680 1055 738 1124 jem
756 1056 827 1111 inter
844 1056 894 1111 has
913 1062 1018 1126 septem
1037 1064 1101 1113 sunt
1118 1074 1173 1113 uon
1190 1057 1300 1114 habitus
1318 1060 1512 1119 exercitatione
1530 1064 1689 1145 comparati¹

329 1129 380 1220 aed
400 1139 501 1188 natura
518 1134 575 1189 dati
593 1136 674 1191 certis
692 1134 847 1204 individuis,
867 1143 897 1191 ut
916 1142 958 1191 est
975 1136 1220 1205 acumen,·sicc1a
1237 1153 1287 1192 eeu
1305 1136 1420 1209 indoles,
1439 1140 1557 1197 solertia,
1593 1141 1690 1199 Recol-

328 1207 393 1276 legit
411 1211 485 1267 enim
511 1228 541 1269 se
559 1214 744 1283 Ptolemaeus,
769 1217 842 1284 quod
860 1217 913 1271 hoa
931 1223 1014 1287 capnt
1038 1217 1150 1285 proprie
1168 1219 1205 1273 sit
1222 1217 1383 1286 deputatum
1408 1218 1552 1289 speciebus
1575 1220 1689 1276 faculta-

330 1294 391 1343 tum
410 1291 495 1345 animi
513 1308 660 1363 earumque
684 1294 800 1351 summis»
814 1293 980 1353 differentiis
1016 1297 1087 1351 Puto
1106 1304 1198 1353 autem
1221 1312 1274 1367 pru
1291 1297 1403 1352 arbitrio
1420 1300 1604 1368 conquirentis
1627 1315 1690 1370 pro·

331 1368 566 1460 que'eloquentia
583 1373 642 1443 ejus
662 1375 742 1429 etiam
760 1374 852 1443 plures
871 1374 994 1446 conquiri
1015 1390 1110 1444 posse,
1128 1382 1321 1445 cunctamen,
1340 1378 1364 1430 si
1380 1376 1469 1431 forma
1486 1384 1626 1447 spectetur
1642 1395 1690 1448 po·

330 1454 484 1581 tzinuarugn
503 1452 604 1523 eadem,
622 1453 650 1509 in
669 1469 772 1524 paucas
790 1452 958 1523 redigentur,
977 1460 1009 1521 pt
1025 1454 1065 1509 ita
1082 1469 1137 1509 uno
1149 1454 1231 1511 modo
1248 1454 1342 1525 plures
1352 1464 1459 1526 reptem
1471 1456 1590 1513 habtmi
1600 1457 1693 1522 umus,

330 1541 347 1579 a
371 1542 452 1581 omc
474 1545 489 1582 o
508 1531 659 1599 pauciores.
1434 1580 1438 1586 .

423 1606 499 1662 Nota
515 1608 573 1664 XV.
611 1611 680 1675 Cum
696 1611 735 1666 sic
754 1628 846 1669 omnes
864 1610 1009 1669 facultates
1030 1613 1159 1669 redactae
1178 1613 1233 1668 sint
1255 1613 1289 1669 ab
1307 1618 1419 1671 auctura
1441 1613 1469 1669 in
1487 1614 1589 1671 classes
1610 1615 1693 1685 inque

332 1688 529 1743 consonantias
556 1705 633 1756 suas,
654 1692 711 1759 jam
735 1690 818 1747 veluti
842 1710 911 1749 novo
936 1693 1012 1749 initio
1036 1692 1140 1747 classes
1163 1691 1240 1761 ipsae
1259 1709 1325 1761 „eum
1351 1691 1496 1759 generibus
1519 1693 1693 1750 harmonicae

331 1766 595 1834 contemperationis
613 1776 815 1840 comparantur,
834 1772 979 1828 rationales
998 1789 1058 1827 cum
1077 1770 1252 1840 identiuonis,
1276 1769 1391 1825 morales
1410 1786 1471 1827 cum
1490 1774 1628 1845 consonis,
1653 1774 1693 1830 l'o·

331 1844 413 1911 ricae
432 1860 495 1907 eum
513 1850 660 1905 concinnis.
694 1852 820 1920 Agnosco
840 1853 997 1908 divisionem
1016 1849 1207 1923 philosophias
1224 1848 1352 1905 usitatam
1371 1848 1581 1922 innaturalem,
1606 1868 1694 1909 murs·

332 1922 398 1991 lem,
417 1926 543 1994 logicam.
578 1928 617 1983 At
640 1932 848 1999 comparationis
870 1932 940 1987 ratio
963 1948 1026 1987 sera
1051 1936 1101 1985 est.
1139 1930 1208 1984 Nam
1231 1929 1307 1998 prius
1332 1926 1475 1983 moralium
1498 1929 1567 1984 duae
1589 1930 1698 2002 species·

333 2011 432 2071 mant,
456 2005 542 2061 multo
560 2008 750 2075 particularius
768 2018 954 2079 comparatae,
980 2024 1105 2079 quaeque
1129 2025 1191 2064 cum
1209 2008 1266 2063 suis
1291 2003 1484 2063 consonantiis.
1521 2007 1587 2062 Sero
1613 2008 1695 2063 etiam

334 2094 366 2135 se
385 2082 493 2153 colligit
510 2092 613 2155 auctor,
632 2089 748 2145 morales
766 2090 883 2159 principi
900 2089 1005 2144 animae
1023 2087 1148 2143 facultati
1164 2087 1287 2142 tribuens
1305 2093 1394 2154 recte,
1413 2102 1481 2156 quas
1499 2100 1583 2156 supra
1600 2086 1635 2142 ad
1652 2088 1695 2142 in-

333 2158 441 2215 feriora
458 2164 588 2219 subsellia
605 2166 749 2235 dejecerat
786 2168 873 2236 Quem
891 2167 962 2223 enim
978 2166 1070 2223 locum
1084 2166 1143 2233 jam
1160 2173 1296 2235 occupant
1310 2164 1392 2233 logici
1403 2162 1522 2234 habitus,
1540 2180 1603 2220 eum
1614 2179 1698 2235 snpra

335 2237 455 2327 dederat
478 2244 624 2301 moralibus
646 2246 676 2303 in
699 2248 790 2319 specie
814 2248 972 2317 virtutibus,
992 2248 1093 2319 qnippe
1117 2251 1150 2301 ut
1173 2246 1370 2315 consonantiae
1390 2243 1537 2313 implentur
1559 2246 1697 2303 concinnis

336 2318 502 2408 matvallis,
522 2321 646 2393 diapente
664 2334 790 2395 quatuor,
808 2327 977 2383 diatessaron
995 2326 1090 2393 tribus,
1109 2325 1149 2380 sic
1160 2324 1206 2379 ille
1218 2323 1373 2393 facultates,
1390 2322 1555 2379 irascibilem
1572 2330 1698 2393 quatuor,

337 2398 584 2465 concupiscibilem
602 2402 688 2459 tribus
707 2404 853 2461 virtutibus
871 2404 992 2475 implevit
1009 2403 1189 2474 absolvitque.
1656 2442 1659 2447 -

426 2476 502 2531 Nota
518 2478 589 2534 XVI.
625 2482 740 2545 Videtur
756 2500 853 2541 seusus
871 2486 930 2557 ipsc
947 2486 1001 2547 hoc
1016 2483 1167 2555 postulare,
1184 2489 1216 2541 ut
1228 2483 1358 2552 dimicas,
1376 2486 1441 2553 post
1457 2502 1487 2535 ιο
1498 2479 1699 2537 xcsomisssm

337 2568 401 2610 esse
419 2556 545 2612 voculam
563 2558 578 2629 ἡ
596 2564 751 2634 δικαιοσυνη.
1444 2617 1448 2630 ,

430 2634 505 2691 licta
521 2638 608 2693 XVII.
645 2641 800 2699 Plausibilis
824 2659 889 2711 sane
908 2643 1136 2713 essetcolophcn
1158 2640 1226 2712 istc,
1248 2643 1324 2713 quod
1344 2647 1408 2712 post
1424 2638 1604 2711 particulares
1626 2654 1699 2695 eom·

336 2716 499 2783 parationes
518 2721 615 2775 mansit
633 2722 773 2792 adipeam
795 2726 879 2779 totius
900 2723 1049 2779 harmonici
1068 2722 1231 2791 systematis
1243 2721 1472 2790 comparationem
1494 2735 1557 2775 cum
1580 2725 1639 2775 toto
1657 2734 1702 2789 sy·

339 2800 463 2851 stemate
482 2798 610 2855 virtutum
630 2816 678 2871 seu
698 2802 859 2857 facultatum
872 2800 963 2871 animi,
984 2802 1007 2857 si
1026 2818 1096 2869 quae
1114 2801 1227 2857 fuerunt
1245 2799 1379 2855 elementa
1390 2798 1446 2855 illic
1457 2798 1701 2877 comparationum,

338 2885 488 2933 manerent
506 2880 586 2941 etiam
603 2879 663 2953 hic,
688 2898 739 2937 nec
758 2899 827 2951 opus
844 2881 916 2937 foret
932 2882 967 2955 ¹iu
991 2878 1127 2937 erectione
1148 2878 1234 2947 ueluti
1256 2878 1340 2934 totius
1364 2876 1481 2934 aedificii
1503 2875 1622 2946 parietes
1645 2876 1701 2931 siu·

340 2956 439 3027 gulos,
458 2966 588 3029 tanquam
605 2954 682 3017 initio
702 2978 756 3016 non
774 2970 848 3017 recte
866 2962 975 3032 factos,
990 2960 1024 3015 de
1043 2976 1112 3015 noso
1131 2958 1252 3015 reficere.

432 3038 507 3093 h'ote
525 3040 624 3094 xvm.
660 3039 781 3096 Observa
799 3040 955 3095 methodum
974 3036 1131 3094 Ptolemaei.
1169 3036 1236 3094 Cum
1260 3034 1409 3091 aPlatcne
1431 3039 1485 3091 tres
1507 3032 1704 3105 perhibeantur

340 3117 453 3171 animae
472 3116 630 3187 facultates,
649 3118 853 3189 intellectualis,
871 3118 1023 3188 nascibilis,
1043 3115 1278 3187 concupiscibilis,
1297 3115 1376 3184 vulgo
1395 3129 1460 3170 sero
1476 3112 1704 3185 philosophorum

339 3210 399 3249 uon
417 3202 490 3261 tres,
515 3196 564 3251 sed
584 3206 700 3266 quatuor
718 3198 890 3255 celebrentur
908 3197 1022 3254 virtutes
1041 3194 1208 3263 cardinales,
1230 3192 1353 3263 justitia,
1378 3192 1537 3263 prudentis,
1559 3188 1702 3259 fortitudo,

340 3274 541 3342 temperantia:
566 3283 621 3330 tres
642 3276 751 3345 quidem
770 3279 867 3333 harum
885 3276 973 3332 tribus
991 3276 1072 3330 animi
1090 3272 1267 3328 facultatibus
1294 3272 1442 3344 applicarit
1462 3272 1491 3327 in
1509 3267 1706 3342 superioribus,

341 3354 557 3422 temperantiam
587 3352 804 3426 concupiscibili,
835 3356 956 3430 sectione
979 3354 1094 3422 trifarie,
1121 3352 1308 3409 fortitudinem
1332 3348 1474 3423 nucibili,
1502 3348 1706 3407 enumeratione

343 3434 502 3503 specierum
520 3434 655 3504 quinaria,
674 3434 844 3503 prudentiam
857 3433 1043 3504 intellectuali,
1063 3430 1248 3489 subdivisione
1260 3432 1426 3502 septenaria;
1444 3446 1505 3486 cum
1517 3430 1600 3498 igitur
1611 3441 1706 3496 auper-

342 3514 381 3567 sit
397 3511 521 3581 justitia,
547 3511 622 3567 ssiam
642 3513 699 3582 jam
722 3520 862 3584 comparat
886 3512 1031 3568 concentui
1053 3512 1171 3567 omnium
1193 3510 1276 3566 trium
1298 3510 1507 3579 praemissarum
1529 3504 1706 3583 applicatque
1804 3538 1807 3545 -

343 3592 400 3647 toti
419 3593 542 3663 animae3
565 3595 629 3665 quia
648 3602 678 3649 ut
696 3601 738 3650 cst
754 3594 783 3650 in
802 3594 905 3650 Graeco
925 3592 1171 3663 apophthegmata,
1193 3591 1221 3644 ir
1239 3593 1269 3644 bs
1294 3594 1440 3660 δικαιοσυη
1459 3593 1613 3656 coucam
1635 3600 1708 3639 nuuc

345 3670 431 3743 ἀρετη
450 3671 525 3740 fcta,
538 3672 645 3741 justitia
664 3674 748 3729 uirtus
766 3673 853 3735 omnis
871 3673 1014 3743 complexa
1037 3678 1155 3728 tenetur.
1190 3669 1252 3737 Qua
1273 3684 1303 3724 re
1327 3668 1356 3723 in
1376 3666 1534 3737 parenthesi
1555 3666 1610 3721 ista
1629 3664 1708 3731 (haee

347 3766 415 3804 vero
436 3759 479 3804 eet
494 3752 609 3821 justitia)
628 3769 682 3809 non
706 3753 894 3822 consideratur
918 3760 984 3807 tuuc
1007 3750 1080 3807 uude
1103 3758 1135 3804 ut
1160 3748 1290 3803 umutum
1310 3748 1452 3819 princeps,
1479 3743 1529 3799 sed
1552 3750 1584 3797 ut
1607 3742 1708 3799 chorum

346 3830 482 3884 virtutum
506 3828 555 3885 seir
579 3830 786 3900 dispositionum
811 3831 892 3887 animi
917 3831 1085 3900 universus,
1105 3845 1160 3885 non
1181 3828 1253 3883 euim
1275 3826 1432 3896 agnoscitur
1460 3820 1602 3879 exuemus
1624 3817 1709 3877 animi

346 3911 492 3979 perfecta,
511 3909 558 3965 uhi
576 3910 618 3965 vel
636 3925 690 3964 una
708 3912 838 3967 virtutum
856 3911 943 3973 deest.

928 4150 1070 4225 CAPUT
1097 4145 1150 4219 vi.

341 4301 578 4373 ,Comparatio
610 4314 773 4373 generum
804 4296 1021 4354 harmonicae
1058 4288 1394 4360 contemperationis
1424 4299 1497 4341 cum
1526 4275 1710 4353 generibus
1775 4325 1781 4337 Χ

831 4387 1018 4458 primarum
1036 4383 1208 4439 virtutum.
1224 4376 1244 4432 1)

449 4552 523 4613 Gum
551 4559 649 4613 autom
679 4528 839 4611 secundum
867 4556 1021 4625 utmmque
1053 4546 1194 4605 virtutum
1216 4536 1415 4619 'principium
1448 4492 1709 4609 contemplativulu

355 4660 399 4703 sc.
432 4648 462 4699 et
485 4643 680 4719 operativum,
711 4640 767 4698 trie
800 4640 858 4697 sint
890 4626 1059 4715 generan),
1091 4634 1122 4689 iu
1144 4626 1373 4705 contemplativo
1396 4620 1515 4698 quidem
1546 4618 1715 4696 physicum,

353 4730 611 4802 mathematicum,
634 4726 844 4803 theologicum,
870 4725 899 4781 iu
915 4724 1067 4801 operativo
1091 4734 1161 4777 vero
1172 4712 1218 4795 111)
1240 4715 1378 4783 ethicum,
1401 4708 1630 4777 oeconomicum,
1653 4718 1713 4781 po·

356 4820 491 4892 liticum,
522 4830 646 4892 qaorum
670 4816 727 4873 ista
748 4812 940 4872 facultatibus
970 4804 1205 4875 condiderunt,
1235 4814 1403 4860 communes
1431 4796 1508 4855 euim
1531 4799 1600 4852 sunt
1626 4792 1718 4850 trium·

357 4908 466 4966 horum
494 4918 633 4981 generum
661 4904 798 4973 virtutes,
832 4906 862 4957 ct
888 4900 963 4956 inter
985 4912 1016 4955 se
1045 4900 1147 4953 mutuo
1169 4904 1280 4962 uerac3
1311 4884 1447 4943 differunt
1469 4897 1539 4942 voro
1571 4877 1712 4956 amplitu-

359 4990 494 5072 diueW),
518 4992 699 5069 praestantia
721 4996 751 5048 et
772 4992 930 5063 apparatus
954 4998 1063 5060 pompa
1084 4978 1229 5051 ascititie;
1259 4989 1326 5034 cum
1348 4970 1471 5049 siugulis
1499 4969 1604 5028 horum
1626 4968 1714 5026 nium

360 5084 500 5159 utrinque
531 5094 669 5155 generum
698 5078 754 5135 tria
775 5072 958 5134 harmonicas
981 5084 1109 5146 genera,
1138 5062 1198 5123 illis
1226 5063 1409 5141 aequivoca,
1440 5059 1512 5119 satis
1535 5063 1603 5135 apte
1633 5070 1717 5155 com-¹

1490 5160 1558 5223 2³*
