4467 6192
815 717 819 731 .
877 671 960 727 hiber
975 672 1022 728 1v.
1044 674 1135 743 eaput
1150 670 1172 729 1.
1635 674 1696 736 eir

343 841 457 903 ιίοιιιιι
479 843 509 905 iu
530 848 613 910 sonia
634 847 721 925 iuqrs
744 847 834 909 radiis
864 852 976 913 mrentt
998 847 1072 932 (etsi
1093 868 1131 914 ns
1155 850 1230 911 hano
1256 836 1373 927 quidam
1395 849 1464 911 ioris
1486 850 1613 923 invenit,
1645 846 1699 911 ssd

342 927 452 991 saltem
484 936 640 1003 temiuos,
674 942 708 993 ut
738 933 882 1018 dietum),
921 946 953 999 at
988 950 1020 999 ιι
1050 940 1125 1001 haee
1158 939 1306 1015 proportio
1341 940 1379 1001 rit
1409 937 1594 1009 harmonion,
1633 936 1698 1014 ipsa

341 1017 388 1076 sui
412 1018 567 1099 mohetypi
589 1021 744 1081 ooilstione
766 1024 845 1097 ituit,
868 1042 944 1102 quae
966 1026 1136 1087 harmonica
1158 1024 1215 1085 diei
1238 1042 1296 1085 uon
1318 1032 1417 1101 posset
1447 1042 1501 1085 neu
1525 1027 1584 1083 vim
1607 1022 1697 1085 uliam

342 1107 497 1167 sortiretur
523 1110 554 1167 in
577 1108 730 1169 morandis
751 1113 874 1187 animis,
903 1114 930 1173 si
960 1115 1004 1173 sio
1024 1114 1201 1191 archetypus
1229 1128 1288 1175 non
1310 1120 1397 1175 esset.
1442 1110 1521 1173 Satis
1546 1112 1632 1187 igitur
1661 1108 1699 1171 de

343 1193 506 1255 sensilibus
526 1195 697 1259 harmoniis.
1383 1251 1386 1259 .

430 1280 504 1343 Jam
525 1286 602 1344 enirn
626 1282 833 1344 uanseuadum
852 1286 939 1345 nobis
961 1295 1006 1350 est
1027 1287 1067 1347 ad
1089 1304 1178 1365 puras
1209 1293 1239 1347 ιι
1259 1294 1389 1347 saueius
1410 1282 1590 1358 barnrbniue,
1621 1283 1701 1345 aite-

343 1384 408 1427 rum
430 1386 475 1431 so.
496 1370 654 1433 divisionis
672 1377 789 1431 ιιιιιιιι
811 1372 989 1447 membrum,
1014 1374 1080 1435 illas
1102 1392 1222 1450 nempe,
1252 1373 1408 1449 quaejam
1431 1372 1517 1433 modo
1542 1374 1701 1436 statuimus

343 1455 524 1535 ιιιΙιιιγιιιι
544 1476 597 1521 san
620 1458 824 1537 paradigmata
843 1460 995 1521 sensilium
1016 1461 1240 1523 harmoniarum
1285 1460 1360 1521 liam
1391 1460 1414 1518 si
1438 1460 1590 1536 archetypi
1611 1476 1698 1525 ruam

343 1541 489 1603 haberem
510 1544 728 1607 subsistantiam
751 1552 837 1609 extra
854 1550 999 1621 animam,
1022 1550 1116 1610 loteor
1138 1547 1288 1624 equidem,
1318 1564 1425 1623 magno
1448 1564 1508 1606 nos.
1523 1555 1696 1622 argumento

345 1632 456 1706 privari
480 1649 532 1708 pro
555 1632 712 1695 anemos
733 1636 906 1697 ιιιιιιὶιιιι
936 1638 1063 1704 animae,
1081 1636 1123 1700 ad
1142 1638 1299 1695 essentiam
1321 1634 1490 1697 harmonias
1514 1636 1697 1695 constituen-

345 1716 424 1777 dam.
469 1719 563 1797 Atqui
591 1731 673 1783 extra
702 1722 837 1783 animam·
859 1721 926 1783 illos
956 1727 1134 1787 oomtituera
1165 1732 1210 1783 ιιι
1242 1725 1408 1800 oppositum
1439 1723 1470 1783 iu
1500 1720 1634 1797 adiecto,
1664 1730 1700 1782 ut

344 1804 511 1866 audiemus
556 1808 651 1870 Varus
673 1811 749 1868 enim
772 1816 803 1868 et
823 1806 1027 1889 archetypieae
1050 1810 1235 1882 barmoniae,
1267 1826 1342 1887 quas
1365 1809 1439 1867 nulli
1460 1807 1716 1885 speeieirsensili

344 1892 471 1954 mutuas
493 1896 601 1971 existit,
623 1898 764 1974 principia
786 1903 854 1957 anni
877 1896 1065 1959 nihilominus
1088 1899 1184 1959 divisa
1206 1904 1234 1957 et
1248 1914 1367 1957 numero
1385 1896 1477 1972 plura.
1523 1894 1598 1957 Gum
1621 1898 1698 1955 enirn

344 1987 373 2039 ιι
393 1978 450 2042 illa
472 1983 512 2043 sit
533 1986 692 2061 proportio,
716 1985 836 2060 requirit
857 1986 947 2057 igitur
968 1995 998 2045 ιι
1021 1989 1086 2064 ipsa
1105 2002 1177 2046 suos
1200 1986 1338 2045 terminos
1354 1986 1446 2043 binos.
1491 1982 1532 2043 Hi
1547 1999 1615 2042 raro
1639 1992 1705 2043 ter-1

344 2069 431 2137 mini,
463 2076 499 2129 ut
525 2070 607 2131 libris
637 2072 781 2147 prioribus
803 2074 1026 2147 usurpavimus,
1057 2081 1125 2133 suut
1155 2071 1279 2133 ninculus
1302 2078 1381 2133 toiut
1410 2078 1440 2131 et
1465 2070 1622 2147 perseius
1651 2070 1698 2129 rei

343 2163 453 2231 partes,
476 2155 611 2234 aliquota
633 2159 680 2221 rel
694 2156 852 2235 aliquotae,
875 2158 1104 2219 demonstrativo
1127 2162 1251 2223 rescisso
1267 2176 1347 2221 arou.
1392 2158 1475 2221 Haeo
1496 2166 1542 2219 ιιι
1563 2158 1699 2234 spsailion

344 2246 545 2321 proportionis
566 2245 752 2307 harmonicae
775 2245 951 2320 dillerantia,
984 2265 1044 2324 qua
1066 2264 1124 2308 non
1148 2256 1261 2308 tantuna
1283 2246 1452 2309 harmonion
1479 2246 1628 2323 proportio
1651 2244 1699 2306 di·

344 2332 505 2405 stinguitur
526 2351 545 2392 a
565 2334 797 2410 proportionibus
820 2333 894 2405 aliis,
917 2335 972 2394 suh
995 2334 1099 2395 eodem
1121 2352 1226 2411 genere
1248 2330 1367 2407 locatis,
1390 2332 1442 2393 sed
1465 2334 1554 2393 etiam
1576 2349 1649 2409 pura
1669 2341 1700 2393 ei
1723 2320 1729 2339 '

347 2417 541 2496 archetypioa
560 2439 582 2481 ι
602 2421 769 2494 sensilibus,
790 2423 847 2481 nisi
870 2430 1016 2497 quatenus
1036 2440 1092 2482 usn
1115 2422 1196 2499 vulgi
1212 2424 1362 2485 tritissimo
1385 2418 1450 2481 sola
1464 2436 1601 2481 sonorum
1626 2436 1699 2478 oon·

346 2507 460 2572 arnitas
491 2506 645 2569 harmonia
670 2508 783 2569 dieitur.
827 2509 903 2569 Nem
933 2512 963 2568 in
991 2510 1047 2569 hoo
1075 2512 1139 2587 ipso
1167 2510 1358 2571 elarissimum
1390 2514 1513 2585 apparet
1542 2504 1698 2567 discrimen

346 2595 421 2653 inter
442 2611 548 2670 puram
568 2595 750 2657 harmoniam
771 2604 802 2657 ιι
822 2596 1004 2657 harmoniam
1025 2596 1163 2668 sensilem
1186 2614 1238 2657 eeu
1260 2604 1441 2669 concretam,
1472 2593 1550 2671 quod
1575 2598 1701 2673 inpura

346 2681 461 2739 termini
485 2690 554 2741 sunt
577 2701 611 2743 ex
634 2683 847 2745 mathematicis
868 2685 1033 2761 generibus,
1057 2683 1166 2745 eiroulo
1189 2694 1218 2745 et
1240 2700 1318 2756 arou,
1341 2692 1420 2747 serto
1440 2682 1529 2747 modu
1551 2682 1700 2754 iorrnatisr

347 2767 439 2828 trahet
462 2785 492 2829 n.
517 2770 641 2829 circulus
660 2788 747 2836 suam
769 2772 972 2831 sarmationem
994 2788 1048 2831 seu
1070 2771 1274 2847 figurationem
1297 2790 1334 2835 ex
1355 2772 1479 2847 seipso,
1503 2769 1592 2829 habet
1614 2786 1700 2829 ιιιιιι

346 2872 380 2912 ιι
403 2854 548 2915 auhteusa
577 2860 731 2929 terminos,
763 2875 799 2918 ex
821 2859 930 2918 oiroulo
953 2858 1090 2934 liguram3
1120 2861 1147 2916 in
1178 2858 1335 2922 sensilibus
1360 2874 1429 2918 nero
1452 2856 1611 2917 harmoniis
1638 2872 1698 2917 non

346 2950 390 3001 est
421 2959 499 3019 opus
530 2944 585 3005 hae
614 2945 734 3023 speciali
755 2944 951 3018 iomnuons,
984 2956 1108 3023 possunt
1134 2950 1209 3007 urim
1238 2962 1301 3007 esse
1334 2944 1380 3007 rel
1409 2954 1506 3005 reniae
1527 2944 1622 3005 lineae
1651 2942 1698 3001 vel

345 3028 430 3088 aliter
458 3028 602 3099 figuratae
629 3035 808 3109 quantitates
837 3032 977 3105 sensiles,
1010 3032 1167 3094 dummodo
1197 3036 1256 3095 sint
1283 3032 1371 3109 bujue
1399 3032 1605 3107 archetypioae
1626 3046 1698 3091 suae

346 3117 518 3177 lrnrmoniao
540 3118 600 3179 uda
623 3121 808 3199 exemplaris,
834 3124 861 3179 in
884 3123 1047 3198 quantitate
1064 3122 1212 3197 quaelibet
1227 3139 1289 3193 sua,
1313 3128 1455 3196 quantum
1469 3116 1587 3194 quidem
1601 3124 1700 3193 potest

346 3222 410 3265 esee
434 3204 515 3265 tiriae
537 3207 708 3269 imitationis
732 3211 760 3267 in
784 3208 870 3268 rebus
892 3208 1067 3282 sensilibus,
1096 3210 1178 3288 quia,
1200 3208 1280 3285 quod
1303 3210 1332 3267 in
1355 3210 1390 3267 iis
1414 3223 1483 3266 rero
1505 3207 1700 3284 propinquum

345 3299 390 3353 ιιι
411 3292 576 3352 seeundum
597 3298 691 3371 magis
713 3303 743 3355 ot
766 3296 872 3370 minus,
895 3295 923 3355 id
946 3313 998 3374 pro
1012 3298 1078 3372 ipso
1102 3313 1173 3357 vero
1191 3298 1338 3373 recipitur.
1383 3294 1423 3355 Hi
1438 3293 1617 3369 suut.igitur
1640 3300 1698 3351 tsn-

346 3381 416 3439 nini
438 3380 612 3441 harmoniae
633 3383 847 3462 arebetypieae.

433 3466 552 3531 Deinde
573 3478 687 3546 preater
708 3472 846 3531 terminos
868 3487 991 3542 rursum,
1015 3475 1048 3529 ιι
1070 3471 1151 3547 prius
1174 3468 1281 3529 dietum
1305 3467 1521 3541 insensilibus,
1544 3468 1700 3543 requiritur

346 3556 436 3613 rtiam
461 3572 553 3629 maus,
576 3572 749 3632 comparans
772 3559 910 3621 terminos
932 3565 962 3617 ιι
984 3556 1155 3632 dtjndroans,
1180 3575 1249 3615 num
1272 3559 1304 3634 ii,
1327 3558 1459 3617 nimirum
1482 3572 1567 3615 arom
1589 3554 1699 3626 tinnuli,

345 3640 421 3700 tales
443 3645 515 3711 sint,
538 3660 611 3719 quos
634 3644 676 3705 de.
694 3654 756 3714 toto
779 3644 886 3706 oironlo
909 3644 1056 3705 rescindat
1078 3644 1157 3703 latus
1179 3642 1299 3721 aliquod
1322 3643 1433 3720 figurae
1455 3640 1698 3707 demonstrabilia

345 3728 454 3803 ltaque
479 3732 535 3788 tria
556 3730 774 3807 quodammodo
798 3740 866 3793 sunt
888 3734 1030 3807 principia
1052 3730 1221 3792 harmoniae
1237 3732 1452 3808 archetypiese,
1476 3730 1535 3791 duo
1557 3747 1593 3789 ιιι
1618 3738 1698 3806 paria

345 3818 557 3877 terminorum:
588 3820 753 3892 materiale,
783 3828 816 3879 ut
837 3820 991 3895 analogice
1011 3818 1132 3895 loquar,
1164 3818 1283 3879 oirnulus
1314 3829 1343 3879 et
1370 3836 1438 3895 pars
1461 3817 1539 3892 ojus,
1569 3816 1699 3890 turmale,

345 3905 486 3965 rescissio
509 3908 600 3980 partis
621 3924 674 3981 per
695 3907 817 3976 finierant
841 3906 1116 3980 demonstrativum
1140 3913 1168 3966 st
1191 3923 1280 3965 unum
1303 3924 1337 3965 ex
1361 3914 1442 3981 parte
1465 3907 1557 3981 ipsius
1580 3904 1700 3964 relatio·
1738 3904 1745 3918 '

345 3992 392 4049 nis
421 3993 625 4063 terminorum,
661 3994 775 4055 seilicet
804 3994 931 4055 elflolens
961 3989 1213 4074 (quodammodo)
1240 4011 1331 4053 mens.
1383 3993 1514 4068 Cumque
1551 3994 1700 4068 proportio

346 4080 444 4141 omnis
468 4088 498 4141 ιι
519 4081 563 4139 sio
585 4084 674 4141 ariam
696 4080 769 4142 haeo
792 4082 882 4156 partis
904 4081 1002 4141 oirenii
1026 4080 1063 4140 ad
1087 4088 1180 4140 totum
1210 4082 1249 4139 sit
1272 4083 1299 4139 in
1324 4079 1561 4158 praedioamento
1580 4078 1699 4139 relatio-

345 4166 402 4238 nis,
423 4166 488 4241 jsm
511 4166 585 4227 baso
599 4177 680 4239 qerta
702 4176 731 4229 ιι
747 4169 892 4246 deseripts
904 4170 1100 4244 proportionis
1116 4167 1211 4227 iurrna
1232 4168 1320 4229 babet
1335 4185 1367 4226 sa
1388 4174 1420 4227 ut
1435 4166 1563 4244 qualitas
1579 4176 1699 4240 quartae

344 4255 469 4330 speciei.
514 4255 568 4313 Est
596 4257 674 4315 enim
703 4256 855 4316 harmonia
883 4256 988 4317 relatio
1021 4252 1238 4331 quodammodo
1272 4255 1448 4331 qualitativa
1481 4270 1532 4315 ssu
1566 4253 1698 4327 figurata,

345 4342 461 4417 qnippe
483 4359 501 4399 a
524 4339 624 4415 figuris
646 4342 829 4418 regularibus
860 4344 993 4404 runnu.
1037 4342 1151 4417 Quodsi
1181 4344 1262 4419 prius
1289 4340 1327 4403 ad
1350 4342 1506 4407 essentiam
1530 4340 1698 4401 hururuniao

345 4427 467 4488 sensilia
490 4431 638 4504 pertinuit,
661 4440 695 4490 nt
716 4431 834 4491 sensilia
852 4448 909 4509 ,per
930 4432 1057 4508 speeiem
1081 4430 1234 4489 influerent
1256 4432 1284 4487 in
1308 4431 1449 4501 mimam,
1473 4434 1582 4503 quanto
1605 4427 1699 4503 magis

345 4519 437 4579 etiarn
459 4515 509 4573 blo
531 4533 651 4577 neumae
674 4527 727 4589 esi,
751 4526 783 4579 ut
804 4534 880 4594 quos
902 4516 1026 4577 diximus
1048 4518 1217 4577 barmoniae
1237 4524 1366 4577 secretae
1388 4516 1535 4587 terminos,
1559 4510 1698 4573 circulum

345 4613 375 4663 ιι
399 4618 500 4663 aream
523 4603 596 4679 ejus,
621 4607 639 4660 ii
663 4607 773 4666 sintin
797 4613 892 4665 mente
916 4607 981 4682 ipsa
1003 4606 1089 4677 intus,
1119 4605 1182 4663 aive
1205 4604 1234 4663 id
1257 4606 1324 4679 quis
1347 4618 1397 4681 per
1418 4602 1530 4678 speciae
1553 4601 1628 4659 intro
1650 4618 1698 4659 re-

344 4698 450 4767 oeptas
471 4690 581 4751 laetum
611 4708 676 4761 esse
699 4693 793 4771 dieat,
822 4695 886 4752 sive
909 4709 975 4753 eum
1000 4695 1067 4769 lpas
1095 4699 1191 4752 mente
1220 4690 1459 4769 perennareriut,
1487 4696 1555 4747 oute
1585 4704 1700 4749 οιιιιιιιι

345 4779 543 4855 receptionem
568 4780 645 4837 intns
667 4788 848 4857 praesentes,
871 4779 908 4839 de
931 4796 990 4855 quo
1009 4778 1073 4855 jans
1096 4795 1180 4853 porro
1204 4778 1289 4838 nobis
1311 4774 1447 4837 omnibus
1462 4775 1569 4851 ingenii
1588 4776 1699 4836 viribus

344 4867 403 4927 erit
426 4864 647 4942 dispiciendum.
1292 4910 1294 4918 ,
1626 4936 1629 4945 ,

437 4950 511 5021 Cum
532 4963 630 5013 autam
659 4950 697 5010 sd
720 4952 799 5012 buno
820 4952 916 5013 locum
941 4950 1004 5027 jam
1026 4948 1245 5017 devenerimus.
1273 4966 1331 5011 non
1362 4947 1496 5025 equidem
1526 4951 1589 5009 siue
1612 4948 1698 5007 luou·

345 5040 430 5101 lanta
449 5040 556 5115 iniuria
578 5048 637 5099 tam
660 5040 777 5101 laetaris
799 5038 1002 5116 philosophiae
1025 5037 1134 5113 eupidi,
1166 5054 1254 5114 quam
1279 5045 1418 5111 ratarum,
1443 5040 1494 5113 qui
1509 5036 1584 5097 hane
1599 5034 1698 5111 philo·

345 5128 473 5207 ιιιὴὶιιι
494 5135 606 5204 partem
628 5134 698 5187 suta
717 5144 773 5189 nos
794 5129 948 5199 triverunt,
977 5127 1112 5204 ipsorum
1129 5125 1240 5203 plauits
1267 5124 1302 5190 ds
1324 5124 1410 5189 rebus
1434 5124 1538 5187 iisdem
1559 5122 1698 5185 diarium
