4467 6192
862 695 947 753 Is‘bsr
962 695 994 754 V.
1013 699 1104 769 Gemit
1120 697 1169 756 iii
1628 699 1691 762 itt

336 872 394 932 lere
417 881 563 954 perpetuo
585 883 703 954 pecori,
732 880 762 936 ln
784 879 873 937 unica
895 894 968 940 rsro
988 879 1079 940 toris
1099 886 1130 939 et
1151 877 1271 951 ldertls,
1303 877 1379 937 inter
1400 875 1496 939 etsie
1517 881 1547 935 ct
1569 877 1693 936 semito-

335 963 425 1022 nium.
465 965 598 1043 Apparet
621 968 710 1042 igitur
731 966 808 1024 banc
830 973 961 1026 mutuam
975 970 1138 1028 cessionem
1157 965 1351 1044 ¹undiqueque
1375 979 1438 1025 esse
1461 961 1550 1024 valde
1572 963 1690 1024 bonum.

421 1137 575 1199 Hactenus
608 1141 697 1218 igiter
723 1140 762 1201 de
788 1140 846 1200 Dei
875 1141 1023 1203 Crantoris
1059 1157 1147 1220 opere
1183 1139 1270 1200 uobis
1296 1135 1538 1220 issnspmrpedes.
1589 1139 1693 1201 Rceiei

332 1265 430 1326 nunc,
457 1259 496 1333 ⁴ut
519 1251 567 1311 vel
589 1251 708 1313 tandem
739 1253 832 1314 oculis
862 1259 891 1314 ei
913 1255 1049 1315 menibus
1078 1254 1114 1316 de
1144 1252 1246 1314 tabule
1276 1251 1557 1314 demonstrationum
1581 1243 1690 1313 ablatis

334 1363 426 1440 inque
449 1365 566 1426 coelum
588 1366 727 1442 sublat‘u,
758 1367 879 1432 Patrem
906 1362 1050 1434 laeuum
1082 1367 1208 1429 deuotus
1240 1374 1271 1428 et
1292 1365 1416 1446 supplex
1444 1384 1626 1446 comprecer:
1666 1365 1692 1428 0

334 1478 386 1551 qui
409 1476 521 1538 lumine
542 1485 668 1540 naturae
689 1478 867 1541 desiderium
889 1484 919 1543 iu
942 1482 1031 1542 nobis
1057 1496 1214 1559 promoves
1235 1478 1354 1540 luminis
1376 1482 1506 1558 gratiss,
1535 1488 1568 1541 ut
1590 1479 1692 1558 perid

334 1590 497 1650 transferas
519 1608 574 1651 nos
596 1593 625 1649 in
648 1591 747 1653 lumen
771 1593 900 1671 gloriae,
923 1598 1033 1672 gratias
1056 1613 1113 1673 ago
1136 1596 1191 1655 tibi
1215 1591 1336 1654 Orester
1357 1593 1495 1675 Domine,
1518 1594 1567 1672 qui
1592 1589 1692 1655 deice*

334 1706 407 1762 testi
430 1722 477 1764 me
500 1705 529 1763 in
552 1705 667 1767 tactura
690 1714 741 1766 tue
771 1716 800 1768 et
823 1709 852 1766 iu
875 1710 1014 1786 operibus
1036 1700 1176 1768 manuum
1206 1697 1321 1769 tu'erum
1345 1702 1502 1770 exsultavi.
1547 1708 1591 1768 idn
1614 1725 1693 1792 nune
1732 1757 1734 1760 -

335 1834 413 1894 opus
436 1822 638 1879 consummavi
661 1821 851 1898 protensionis
872 1840 966 1897 meae,
988 1825 1080 1884 tantis
1101 1841 1172 1882 usus
1194 1823 1304 1900 ingenii
1327 1822 1448 1896 riribss,
1472 1829 1599 1898 queotss
1618 1821 1692 1882 milri

334 1929 464 2006 dedisti,
486 1933 674 1992 manifestari
697 1933 819 2009 gloriam
843 1950 961 2014 operum
983 1931 1112 1996 tuorum
1125 1936 1306 2010 bominibus,
1330 1937 1404 1995 istst
1426 1935 1690 1996 demonstrationes
1780 1971 1782 1978 ι

334 2041 467 2120 lecturis,
491 2053 632 2122 quantum
656 2045 691 2106 de
714 2046 794 2107 illius
817 2046 959 2110 infinitate
983 2068 1087 2130 capere
1109 2043 1268 2130 potnerunt
1290 2050 1443 2128 angustiae
1465 2051 1571 2110 mentis
1594 2065 1693 2125 meae,

333 2166 472 2236 promtus
494 2160 566 2220 mibi
587 2160 643 2222 init
663 2162 779 2222 animus
801 2162 839 2224 sd
870 2162 1106 2226 emendatissime
1128 2162 1410 2250 philosophandum
1440 2164 1465 2224 si
1496 2161 1568 2239 quid
1593 2161 1694 2239 indig-

333 2289 407 2332 num
431 2275 492 2333 tuis
514 2273 645 2334 consiliis
666 2275 814 2351 prelatum
836 2295 855 2336 e
875 2295 937 2351 me,
968 2277 1130 2338 tenuiculo
1143 2301 1146 2306 ·
1160 2279 1190 2335 in
1223 2277 1380 2338 volutabro
1413 2283 1600 2354 peecatorum
1622 2283 1693 2336 neto

335 2395 364 2448 et
388 2389 546 2460 innutrito,
578 2388 658 2468 quod
680 2393 755 2452 scire
777 2391 851 2453 velis
872 2389 1022 2466 homines,
1051 2389 1082 2449 id
1104 2407 1222 2468 quoque
1244 2393 1386 2468 inspires,
1403 2397 1449 2456 ¹ut
1471 2388 1638 2465 emendem3
1667 2389 1694 2449 si

334 2509 455 2564 urorum
479 2520 601 2582 operum
624 2502 791 2565 admirabili
814 2504 1032 2584 pulchritudine
1054 2507 1084 2564 in
1106 2507 1301 2569 temeritatem
1324 2501 1471 2584 proiectus
1495 2522 1568 2580 sum,
1591 2512 1645 2566 aut
1665 2505 1693 2566 si
1741 2560 1743 2566 .

333 2616 463 2694 gloriam
485 2619 631 2694 propriam
653 2617 732 2696 apud
754 2618 886 2679 bomiues
908 2620 1017 2694 amari,
1041 2617 1109 2678 dam
1132 2617 1354 2696 progrediorin
1377 2633 1465 2695 opere
1487 2625 1558 2677 tues
1579 2617 1693 2694 glories

334 2729 494 2804 destinato,
517 2732 596 2790 mitis
619 2739 650 2790 et
670 2733 834 2812 misericors
857 2729 1007 2809 condens3
1032 2729 1159 2809 denique
1181 2739 1215 2791 ut
1237 2729 1599 2791 demonstrationes-istae
1622 2737 1692 2791 tusc

332 2841 450 2922 gloriae
480 2850 511 2904 ct
532 2845 695 2906 animarum
723 2845 813 2907 saluti
835 2845 941 2909 cedent
961 2863 1017 2911 uec
1043 2847 1071 2908 el
1094 2837 1241 2907 ullatenus
1264 2845 1378 2922 obsint,
1410 2844 1554 2926 propitius
1578 2844 1693 2918 etiicere

334 2956 477 3036 ugnas

890 3143 1059 3250 cirus
1085 3175 1126 3252 x.

563 3329 571 3336 ’
641 3351 647 3364 ·
707 3339 876 3411 Epilogus
896 3337 1328 3409 ‹ie‘soia'conjecturalia

426 3501 453 3559 Α
477 3503 590 3561 musica
617 3501 737 3563 coelesti
765 3502 804 3563 ad
833 3503 1014 3578 auditorem,
1042 3503 1177 3564 abtasis
1206 3502 1244 3563 sd
1267 3501 1437 3579 Obnrsgnni
1458 3499 1643 3580 Apollinem,
1673 3515 1692 3561 s

332 3588 466 3668 planctis
480 3607 534 3649 sex
557 3591 804 3652 circumeuntibus
818 3591 1049 3668 harmoniaeque
1067 3591 1242 3651 iacientibus
1258 3590 1296 3651 sd
1311 3588 1410 3651 Solem
1432 3591 1462 3648 is
1485 3588 1693 3649 cuniculorum

332 3678 469 3736 omnium
492 3684 607 3751 centro,
639 3678 817 3756 immobilem
840 3679 921 3752 loco,
956 3681 985 3736 in
1008 3695 1042 3739 se
1063 3680 1160 3756 ipsum
1183 3687 1281 3738 tamen
1303 3691 1336 3738 sc
1357 3677 1568 3738 resolventem.
1614 3675 1691 3736 Cum

332 3767 417 3824 enim
439 3764 661 3824 absolutissime
681 3769 720 3825 sit
742 3769 818 3827 inter
833 3775 978 3826 extremos
991 3766 1177 3843 pieneterum
1199 3765 1488 3838 motusbsrmonice,
1511 3781 1570 3824 non
1593 3763 1693 3842 quoad

334 3869 428 3913 veras
451 3851 617 3912 celeritates
638 3869 691 3929 per
714 3871 816 3914 suram
840 3853 1015 3926 aethereum,
1039 3853 1093 3913 sed
1115 3853 1213 3930 quoad
1228 3853 1363 3930 ungulos,
1387 3869 1461 3930 quos
1483 3852 1609 3912 imment
1631 3857 1692 3911 ter-

333 3941 413 3998 mini
444 3939 612 3999 diurnorum
641 3957 761 4000 arcuum
790 3939 827 4002 de
856 3943 958 4001 orbitis
986 3941 1186 4018 planetarum,
1215 3943 1338 4001 connexi
1369 3957 1433 4001 cum
1464 3948 1562 4000 centro
1594 3937 1690 4014 Solis,

331 4028 496 4088 nements
519 4043 590 4087 vcro
611 4043 672 4087 non
694 4027 812 4089 decoret
834 4032 981 4102 terminos,
1006 4027 1036 4087 id
1059 4035 1105 4089 cst
1126 4035 1225 4089 motus
1246 4043 1298 4108 per
1319 4045 1351 4089 se
1375 4027 1521 4106 singulos,
1540 4026 1593 4088 scd
1614 4041 1693 4104 esa·

332 4124 427 4176 tenus
458 4117 533 4174 inter
553 4131 586 4175 sc
610 4115 704 4191 juncti
734 4124 765 4176 ct
794 4119 956 4193 comparati
982 4116 1058 4176 liunt
1086 4116 1236 4193 objectum
1267 4113 1392 4191 eiicijus
1414 4116 1536 4190 mentis,
1569 4120 1599 4175 et
1627 4127 1693 4174 cum

331 4201 454 4262 nullutn
476 4201 625 4278 objectum
647 4203 753 4263 trustrs
775 4205 815 4264 sit
836 4203 1013 4283 ordinatum,
1034 4206 1260 4270 nummismais
1275 4204 1375 4281 aliqua
1390 4221 1430 4278 rc,
1453 4216 1531 4286 enee
1553 4201 1694 4261 iilomo·
1728 4201 1731 4208 '

331 4296 462 4361 mim,
493 4289 602 4366 sngnli‘
616 4306 686 4351 vero
713 4293 762 4350 isti
789 4307 1024 4369 praesupponcrc
1052 4291 1209 4353 rideantur
1238 4293 1385 4352 actionem
1411 4289 1541 4368 alicuem
1568 4288 1693 4349 similem

332 4381 423 4437 risum
446 4380 538 4435 nostri
561 4385 613 4437 sut
635 4386 713 4438 certe
741 4380 886 4438 seridonis
910 4379 1002 4454 illius,
1031 4394 1091 4456 qua
1119 4378 1247 4465 cmiv.
1271 4385 1376 4440 nature
1396 4379 1571 4439 'mbiunarts
1592 4375 1690 4454 percl-

330 4465 443 4544 picbst
464 4463 589 4540 angulos
617 4465 766 4524 radiorum
797 4483 833 4526 ex
859 4466 985 4543 planetis
1010 4469 1041 4524 in
1063 4466 1155 4527 Terre
1184 4467 1338 4527 formatos:
1370 4465 1506 4544 equidem
1531 4463 1646 4541 ,malis-
1662 4465 1692 4522 is
1761 4468 1767 4478 “

330 4553 532 4627 Solcvisus,
555 4554 606 4629 qni
629 4553 707 4613 oculi
728 4556 800 4628 sint,
823 4561 877 4613 ant
897 4558 964 4632 pois
986 4555 1141 4615 instinctus
1174 4554 1251 4614 alius
1285 4553 1464 4632 percipiendi
1487 4551 1542 4610 lios
1565 4549 1691 4628 angulos

332 4645 431 4702 ctiam
454 4642 518 4699 sinc
539 4639 633 4699 oculis
655 4641 889 4718 aestimandique
909 4642 1076 4706 harmonius
1091 4649 1224 4701 motuum
1239 4640 1276 4701 ud
1298 4643 1404 4702 mentis
1422 4633 1600 4700 vestibulum
1614 4651 1693 4715 qus·

331 4745 457 4803 cunque
479 4735 565 4802 porta
587 4729 825 4803 ingredientium,
853 4746 930 4805 quse
953 4729 1079 4807 denique
1108 4745 1191 4788 mens
1215 4731 1272 4789 ists
1294 4731 1323 4788 iu
1347 4726 1432 4802 Sole,
1467 4725 1612 4802 conjicere
1633 4739 1691 4786 non

329 4815 425 4878 isciic
450 4823 496 4874 est
516 4813 636 4874 Tenem
658 4815 864 4876 incolentibus.
910 4813 1066 4892 Utcunque
1094 4823 1192 4876 temen
1215 4831 1246 4876 ec
1279 4815 1409 4874 hsbcaut
1430 4815 1502 4887 ists,
1536 4821 1613 4874 certe
1635 4815 1693 4874 cir-

332 4903 518 4980 cumpositio
540 4901 593 4962 illa
615 4919 667 4962 sex
690 4903 804 4963 orbium
825 4903 1028 4981 primariorum
1051 4904 1129 4982 circe
1151 4900 1267 4976 Solem,
1300 4899 1457 4961 colentium
1479 4899 1563 4961 illum
1585 4901 1695 4980 perpsi

331 4996 396 5054 tuis
429 4990 740 5050 circumvolutionibus
777 4997 807 5063 et
835 4987 927 5051 veluti
957 4989 1149 5060 ,adorantium
1185 4986 1273 5070 <sicut
1305 4989 1428 5050 seorsim
1454 4985 1542 5058 Jorls
1571 4989 1692 5068 globum

331 5085 477 5159 quatuor,
500 5077 659 5137 Saturnum
680 5078 750 5152 duo,
773 5075 921 5138 Tellurem
944 5093 1013 5136 sero
1035 5084 1067 5137 et
1088 5094 1143 5137 nos
1166 5077 1230 5155 ejus
1252 5077 1366 5138 insoles
1389 5079 1477 5137 unice
1498 5077 1584 5139 Luna
1606 5091 1692 5138 cursu

332 5170 445 5248 cingit,
482 5163 567 5241 colit,
596 5166 678 5226 ieret
699 5166 844 5243 nobisque
865 5163 1053 5241 famulatur),
1085 5174 1114 5226 et
1137 5163 1182 5224 illi
1210 5164 1438 5228 considerationi
1465 5165 1528 5241 ism
1550 5163 1692 5227 secedens

1470 5267 1536 5328 21*
