4467 6192
551 658 614 720 324
945 648 987 705 De
1004 646 1125 711 Motibus
1143 645 1316 706 Plarretamnr
1334 649 1512 706 numericis.

550 830 678 907 speciale
699 829 757 892 hoc
778 829 934 906 nogotium
947 829 1166 901 irarmonicam,
1190 828 1346 902 vestigium
1370 827 1621 891 evidentissimum
1644 846 1777 890 summas
1798 833 1894 906 prori-

551 918 667 982 dantias
697 933 791 978 rerum
814 917 975 990 Solarium,
1009 916 1085 976 banc
1111 933 1130 977 a
1161 932 1207 976 rna
1236 919 1450 976 contessionem
1477 925 1667 992 extorquent,
1683 935 1758 977 ·non
1788 927 1896 977 mntem

554 1008 632 1066 exire
655 1007 684 1062 in
708 1012 800 1065 totum
825 1005 963 1064 mundum
987 1022 1023 1063 ex
1046 1001 1129 1074 Sole,
1165 1011 1197 1061 nt
1219 1021 1238 1060 a
1260 1002 1325 1060 ioco
1352 1003 1396 1062 rel
1420 1004 1506 1063 oculo
1532 1004 1649 1076 mundi,
1674 1003 1786 1067 iucem.
1813 1013 1844 1063 ut
1865 1023 1897 1062 ex

551 1091 638 1158 corde
669 1094 760 1155 vitam
782 1103 811 1153 ct
833 1092 977 1163 mlorcm,
1011 1098 1044 1148 nt
1066 1107 1084 1146 a
1106 1107 1175 1165 rege
1198 1096 1228 1149 et
1249 1099 1360 1150 motare
1391 1100 1504 1152 motum
1536 1109 1665 1164 omnem,
1698 1092 1750 1152 sed
1773 1094 1900 1151 vicissim

552 1183 640 1248 etiam
663 1182 691 1236 in
715 1179 814 1240 Solem
836 1180 935 1256 colligi
959 1197 995 1238 ex
1019 1179 1096 1237 omni
1119 1174 1269 1237 mundana
1289 1179 1441 1254 provincia
1458 1178 1527 1254 jure
1548 1181 1630 1254 regio
1653 1179 1708 1244 hos
1731 1181 1822 1238 veluti
1856 1197 1900 1238 re-

552 1265 629 1326 ditus
652 1252 1157 1337 harmoniaedesiderabilissimae,
1181 1267 1239 1323 imo
1264 1265 1442 1326 confluentes
1466 1284 1502 1326 eo
1524 1269 1637 1343 species
1661 1278 1793 1325 motuum
1819 1269 1901 1324 bino-

550 1371 613 1412 rum
640 1359 746 1414 mentis
775 1355 899 1430 aiicujus
930 1369 1020 1431 opera
1051 1353 1079 1408 in
1110 1367 1199 1410 unam
1231 1351 1413 1412 harmoniam
1442 1353 1572 1429 colligari
1604 1361 1634 1413 et
1663 1353 1744 1414 velut
1775 1371 1812 1413 es
1840 1353 1901 1411 rudi

550 1449 672 1518 argento
699 1452 788 1519 atque
816 1460 887 1505 curo
916 1447 1063 1500 monetam
1092 1441 1217 1514 signari:
1246 1439 1372 1515 denique
1399 1443 1431 1500 iu
1460 1441 1529 1500 Sole
1553 1443 1677 1514 curiam,
1710 1441 1854 1518 palatium
1876 1449 1903 1499 et

550 1531 727 1606 praetorium
750 1547 803 1589 eeu
825 1532 936 1608 regiam
959 1545 1024 1588 esee
1047 1529 1137 1586 totins
1153 1528 1234 1601 regni
1251 1535 1382 1600 naturae,
1406 1545 1596 1604 quoscunque
1620 1528 1732 1588 dederit
1754 1528 1798 1588 illi
1822 1545 1903 1588 crea-

552 1626 598 1675 tor
621 1616 820 1690 cancellarios,
842 1616 1000 1694 palatinos,
1023 1615 1198 1692 praefectos,
1223 1615 1446 1692 quibuscunque
1466 1619 1617 1694 paraverit
1639 1619 1710 1675 istus
1733 1614 1830 1688 sedes,
1855 1633 1903 1673 seu
1979 1627 1980 1640 ¹

552 1705 657 1763 creatis
680 1706 780 1763 statim
811 1704 849 1762 ab
880 1704 963 1762 initio
993 1718 1045 1760 een
1076 1701 1147 1759 olirn
1178 1699 1235 1758 hnc
1266 1704 1483 1764 evanueramus.
1530 1703 1606 1762 Nam
1629 1712 1658 1762 et
1681 1705 1828 1763 terrestris
1852 1706 1903 1760 iste

552 1800 673 1850 ornatus
699 1794 853 1867 potissima
878 1794 926 1850 sui
954 1799 1037 1867 parts
1071 1789 1121 1846 diu
1152 1787 1308 1846 admodum
1344 1791 1578 1866 speculatoribus
1611 1801 1641 1848 et
1671 1794 1904 1866 usurpatoribus,

552 1878 659 1956 quibus
682 1885 782 1939 tamen
804 1888 868 1940 erat
890 1879 1067 1949 destinatus,
1102 1877 1222 1934 carebat
1251 1877 1395 1952 sedesque
1428 1895 1539 1937 vacuae
1571 1887 1662 1938 erant.
1707 1879 1796 1940 Subit
1819 1881 1905 1951 igitur

554 1967 683 2025 animum
707 1968 866 2044 cogitatio,
885 1965 969 2041 quid
992 1965 1046 2022 sihi
1072 1961 1218 2021 voluerint
1247 1966 1358 2039 antiqui
1383 1963 1580 2042 Pythagoram
1605 1965 1683 2042 apud
1708 1965 1904 2034 Aristotelem,

552 2055 604 2129 qni
628 2059 758 2112 centrum
780 2053 881 2111 mundi
904 2048 1061 2134 (quorsum
1085 2052 1181 2125 ignem
1205 2050 1381 2125 referebant,
1413 2051 1511 2111 Solem
1535 2044 1605 2111 vero
1629 2047 1903 2132 subintelligebant)

553 2141 633 2200 soliti
656 2150 725 2198 sunt
746 2139 895 2218 appellare
916 2139 1005 2198 dosis
1027 2139 1176 2212 excubias,
1200 2140 1269 2205 Λιις
1292 2142 1438 2215 qairrurpq
1470 2138 1540 2214 qnid
1564 2142 1633 2199 itam
1656 2147 1741 2198 vetus
1766 2141 1904 2216 interpres

552 2229 712 2304 agitaverit
733 2231 847 2301 animo,
871 2245 936 2287 cnm
961 2226 1135 2291 versiculum
1157 2242 1194 2284 es
1217 2224 1334 2290 Psalmo
1356 2229 1400 2286 sie
1413 2225 1560 2288 redderet:
1587 2229 1635 2302 „iu
1652 2228 1722 2287 Sole
1736 2230 1839 2304 posuit
1861 2235 1905 2286 ta·

554 2313 773 2374 bernaculum.“
806 2315 865 2375 Sed
888 2322 917 2375 et
939 2317 972 2389 iu,
992 2313 1132 2390 hymnum
1155 2311 1251 2370 Procli
1275 2311 1443 2392 philosophi
1466 2313 1610 2374 Platonici
1634 2318 1716 2384 (enjus
1743 2322 1771 2370 tn
1790 2323 1901 2382 inpare

554 2409 624 2457 ribus
641 2408 713 2457 tibris
731 2411 810 2459 multa
836 2408 943 2475 mantio)
970 2417 1063 2476 nuper
1077 2399 1174 2469 incidi,
1197 2401 1335 2474 scriptum
1353 2397 1381 2457 in
1398 2399 1495 2460 Solem
1518 2401 1713 2477 refertumqne
1727 2399 1903 2461 venerandis

553 2492 708 2566 mysteriis,
732 2493 757 2550 si
780 2493 807 2550 ei
829 2508 919 2550 unum
941 2488 1015 2548 illud
1038 2490 1125 2547 κλυθι
1149 2488 1269 2563 cripias3
1293 2489 1428 2562 quamvis
1451 2487 1507 2546 hoc
1530 2487 1624 2563 ipsnm
1648 2490 1676 2544 in
1700 2501 1736 2547 eo
1761 2486 1905 2564 quadem-

554 2587 641 2638 tauns
663 2580 847 2639 excusaverit
868 2587 953 2638 vetm
974 2578 1125 2652 interpres,
1145 2573 1207 2649 jem
1230 2574 1352 2648 citatus,
1388 2583 1420 2634 ut
1442 2575 1491 2634 illo
1513 2577 1625 2635 seilicet
1638 2575 1738 2636 Solem
1763 2578 1903 2635 invocans

554 2665 638 2726 illum
658 2665 870 2748 subintelligat,
893 2667 945 2742 qui
966 2667 1065 2741 posuit
1087 2664 1115 2718 in
1133 2659 1202 2722 Sole
1219 2661 1438 2742 tabernaculum
1460 2680 1555 2722 suum.
1583 2663 1662 2722 Vixit
1676 2665 1754 2722 enirn
1772 2663 1902 2734 Proclus,

557 2769 616 2829 qno
640 2759 769 2838 tempore
791 2751 896 2816 desum
918 2752 1102 2811 Nazarenum
1134 2756 1314 2807 servatorem
1342 2759 1471 2809 nostrum
1495 2751 1591 2808 Deum
1623 2750 1751 2828 profiteri
1776 2750 1904 2826 deosque

554 2837 709 2916 gentilium
730 2842 883 2917 pob'tarum
906 2847 1089 2899 contemnere
1106 2835 1201 2895 scelus
1224 2836 1286 2895 erat
1315 2847 1369 2900 rsus
1397 2843 1578 2910 consentino,
1605 2845 1732 2893 Maxentio
1761 2850 1786 2893 et
1805 2843 1904 2893 turano

554 2934 704 3000 apostata),
736 2927 816 3004 quod
847 2928 982 2986 omuibus
1013 2924 1165 3000 suppliciis
1197 2926 1385 2988 vindicabant
1414 2925 1589 2985 monarchae
1613 2928 1691 2984 orbis
1715 2925 1904 3000 populusque

555 3013 630 3075 adeo
654 3017 726 3092 ipse.
749 3014 872 3075 Procius
887 3017 984 3089 igitur,
1008 3014 1058 3087 qui
1074 3011 1165 3069 filiurn
1184 3011 1237 3070 llei
1255 3017 1302 3076 rel
1318 3033 1354 3074 ex
1368 3012 1556 3091 pbilosophis
1569 3031 1624 3073 sna
1639 3008 1796 3070 Platonica
1819 3023 1905 3075 astu-

554 3101 610 3162 rali
633 3105 738 3187 mestis
761 3101 870 3161 lumine
900 3111 1094 3176 conspexerat
1115 3101 1244 3176 eminus,
1274 3103 1368 3166 lucem
1397 3100 1478 3160 illam
1508 3117 1621 3174 reram,
1653 3117 1730 3176 qnae
1760 3100 1906 3158 illuminat

474 3183 476 3195 '
555 3206 671 3250 omnem
694 3190 851 3263 hominem,
876 3191 1040 3248 venientem
1064 3188 1093 3243 in
1116 3185 1195 3244 bunc
1217 3190 1367 3268 mundum,
1391 3190 1442 3263 qni
1466 3188 1649 3250 divinitatem
1672 3190 1701 3244 in
1725 3188 1815 3247 rebus
1838 3205 1906 3246 sen·

554 3277 659 3336 sitibus
687 3294 751 3336 cum
782 3279 987 3355 superstitiosa
1016 3272 1102 3354 plebe
1142 3291 1328 3353 nequaquam
1357 3275 1554 3354 quaerendam
1585 3293 1649 3335 esse
1677 3275 1739 3348 jam
1776 3275 1905 3344 sciebat,

556 3365 653 3424 Deum
675 3371 773 3423 tamen
796 3367 825 3421 in
841 3364 920 3435 Sole,
944 3381 1033 3439 qnam
1055 3363 1084 3418 in
1100 3359 1217 3422 Christo
1240 3349 1356 3425 homine
1379 3363 1480 3422 sensili
1501 3380 1649 3438 quaerere,
1673 3361 1768 3420 videri
1792 3361 1904 3427 maluit,

556 3460 590 3512 at
611 3451 697 3512 simul
720 3460 750 3512 et
779 3460 882 3527 gentes
904 3450 1034 3522 falleret,
1064 3448 1200 3516 Pitanem
1229 3457 1381 3527 podtarurn
1412 3452 1590 3512 verbotenus
1619 3450 1785 3520 honorans,
1820 3447 1907 3507 simoi

555 3555 628 3598 snae
651 3538 854 3616 philosophiae
876 3545 1060 3614 operaretur,
1093 3537 1292 3600 abstracturus
1315 3548 1346 3602 et
1366 3546 1468 3614 gentes
1491 3548 1520 3598 st
1542 3537 1724 3598 Christianos
1747 3555 1766 3596 a
1790 3536 1907 3596 sensili-

558 3624 632 3698 bue,
656 3624 723 3686 illes
746 3642 765 3687 a
786 3624 856 3686 Sole
878 3625 1004 3696 visibili,
1027 3626 1100 3682 istos
1122 3640 1142 3682 a
1163 3623 1277 3692 Mariae
1299 3628 1376 3699 filio;
1407 3627 1478 3701 quia
1499 3627 1670 3701 mysterium
1692 3625 1905 3683 incarnationis

554 3713 722 3790 respuebat,
745 3713 871 3772 naturali
894 3714 999 3772 mentis
1013 3709 1116 3779 lumini
1135 3711 1258 3784 ,nimium
1281 3714 1423 3787 confisces
1445 3713 1532 3772 simul
1550 3711 1685 3788 denique,
1709 3711 1791 3787 qnod
1815 3711 1908 3770 babe-

557 3799 629 3860 bant
642 3799 800 3862 Christiani
823 3800 1038 3860 divinissimum
1060 3806 1088 3856 ct
1103 3797 1275 3862 Platonicae
1297 3799 1502 3878 philosophiae
1518 3803 1643 3858 maxime
1666 3808 1906 3866 consentaneam,

556 3887 622 3964 ipse
642 3887 682 3946 ab
712 3889 749 3946 iis
779 3894 988 3947 transsumtum
1016 3888 1045 3943 in
1075 3885 1156 3946 illam
1184 3905 1268 3948 suam
1298 3887 1514 3966 philosophiam
1543 3886 1706 3964 adoptaret.
1726 3883 1758 3962 ὕ)
1803 3887 1908 3962 Itaque

557 3973 643 4035 datur
664 3973 814 4046 doctrinae
828 3972 984 4050 Evangelii
1000 3971 1042 4032 'de
1057 3972 1172 4034 Christo
1196 3985 1297 4050 contra
1318 3976 1396 4037 bunc
1410 3974 1506 4036 Procli
1529 3974 1669 4051 hymnum
1692 3975 1771 4034 actio
1796 3976 1827 4032 in
1851 3991 1909 4034 rem

556 4079 658 4125 auam:
689 4061 799 4129 habeat
819 4062 877 4120 riui
899 4061 985 4124 Titan
1009 4061 1058 4130 ille
1080 4077 1126 4122 res
1150 4078 1220 4120 sues
1247 4085 1340 4142 χρυσιι
1362 4060 1426 4140 prro
1458 4070 1488 4122 ei
1516 4083 1777 4137 transmeatione,
1806 4083 1911 4132 μεσσα-

555 4171 617 4225 rrqs
646 4146 775 4226 aideqoc
797 4145 901 4225 icens,
932 4171 1039 4221 nocuos
1062 4154 1213 4223 aprrdrurov
1234 4147 1381 4228 ἐριφιηιι
1405 4152 1523 4220 κικλ”ι,
1555 4166 1643 4226 quam
1664 4150 1797 4223 speciem
1820 4151 1909 4208 etiam

555 4235 736 4312 ttoperniens
758 4237 785 4316 ei
808 4235 945 4312 largitur:
968 4235 1079 4295 habeat
1101 4236 1190 4296 etiarn
1214 4241 1419 4308 nuhmoorovr
1435 4245 1576 4313 drqprrae,
1600 4237 1739 4312 quamvis
1760 4235 1833 4296 illos
1854 4252 1911 4294 non

557 4322 741 4400 babeatper
763 4325 900 4398 antiquos
921 4323 1141 4401 Pythagoreos,
1169 4321 1221 4384 scd
1245 4342 1343 4386 sorum
1372 4324 1437 4392 loco
1460 4348 1494 4386 ao
1524 4346 1653 4400 aeneos,
1676 4325 1745 4390 Aroe
1777 4327 1912 4400 qninrqr

479 4414 486 4444 ²
557 4406 656 4490 (qnod
675 4413 805 4490 ipsorum
828 4409 935 4486 dcgnra
962 4426 1113 4471 successor
1135 4409 1257 4471 Procius
1288 4413 1437 4474 oblivione
1470 4411 1649 4484 seculorum,
1685 4409 1768 4470 velut
1799 4411 1912 4486 diluuio

557 4497 765 4577 deformatum,
792 4515 851 4580 nou
873 4493 1027 4578 agnovit),
1057 4496 1167 4558 babeat
1186 4506 1218 4558 et
1240 4503 1379 4577 ysrsdlqr
1399 4518 1434 4562 ex
1458 4517 1490 4560 se
1512 4502 1733 4574 βλιιοιησασιι,
1765 4507 1796 4560 et
1818 4500 1913 4574 quie,

558 4585 632 4662 quid
651 4586 869 4657 estueturale:
897 4584 985 4646 cedat
1015 4585 1143 4644 vicissim
1175 4585 1363 4665 philosophia
1389 4587 1486 4648 Procli
1508 4586 1682 4646 Christianis
1704 4583 1898 4661 dogmatibus

646 4779 675 4835 ἰ
694 4779 813 4828 Veterum
831 4777 862 4828 de
879 4779 934 4838 sius
950 4774 1016 4824 libro
1033 4791 1169 4842 μῃρφιιιῃ
1185 4775 1306 4836 iudicium
1325 4775 1380 4834 init,
1398 4779 1424 4824 in
1442 4790 1473 4826 eo
1491 4789 1541 4824 non
1560 4777 1617 4826 siste
1632 4776 1719 4824 dimna
1736 4780 1814 4840 raptu
1833 4789 1912 4838 sapo-

559 4849 633 4898 sltam
651 4862 705 4896 esse
724 4848 864 4896 doctrinam
876 4849 1023 4897 ‚nniversam
1041 4845 1072 4894 ds
1088 4845 1161 4910 Deo,
1189 4849 1213 4894 ot
1240 4845 1348 4896 lacrimis
1368 4860 1398 4896 ex
1417 4861 1445 4895 eo
1464 4849 1636 4910 frequentibus
1659 4847 1769 4894 ιιιιοιίι
1788 4859 1914 4910 apparea·

559 4915 635 4982 tibus,
655 4918 822 4979 suspicionem
841 4931 938 4965 omnem
957 4915 1123 4978 audientibusv
1136 4915 1234 4964 auferri.
1250 4915 1328 4965 ¹idem
1356 4921 1439 4964 umen
1459 4917 1560 4980 scripsit
1577 4921 1661 4965 contra
1679 4911 1840 4964 Christianos
1858 4917 1912 4978 epi-

560 4987 694 5035 chiremate
712 4980 763 5046 ts,
789 4985 881 5050 quibus
899 5001 925 5035 se
944 4987 1063 5048 opposuit
1080 4985 1379 5051 Josnncsl’hlloponbs,
1407 4987 1559 5048 exprobrans
1585 4987 1634 5048 ipsi
1659 4999 1805 5046 graecarum
1831 4999 1912 5034 rernm

558 5057 703 5121 maan,
734 5069 795 5117 quas
811 5055 1083 5105 amenceaaaencar
1101 5061 1250 5117 susceperat.
1287 5055 1389 5106 Scilicet
1406 5056 1606 5105 dissimulaverat
1631 5055 1734 5104 hocine
1751 5056 1816 5121 illa,
1844 5067 1913 5120 qnae

558 5126 592 5179 ad
609 5141 680 5179 eoarc
697 5126 884 5190 philosophiam
900 5139 952 5179 ιιι
969 5126 1103 5176 radebant
1159 5128 1163 5133 ’
