4467 6192
1062 682 1103 738 De
1121 680 1345 751 Propertionibus

613 1497 706 1585 ¹(Brevl
723 1519 818 1570 lineola
838 1515 997 1568 semitonium
1015 1515 1139 1576 signatur,
1158 1517 1277 1568 mediocri
1296 1513 1370 1570 tonus
1390 1522 1478 1587 minor,
1496 1522 1654 1583 longiuscula
1670 1518 1768 1587 major.)

604 1663 694 1719 Prima
711 1667 799 1723 forms,
816 1666 843 1721 in
936 1626 1053 1752 ⁰⁶⁶ss
1069 1636 1105 1763 bs
1114 1723 1129 1760 c
1166 1669 1258 1722 Tenus
1277 1668 1370 1737 major,
1389 1670 1483 1738 minor,
1506 1673 1683 1731 semitonium.
1705 1661 1812 1742 Ξ

606 1877 730 1933 Secunda
747 1877 835 1932 forma
853 1878 880 1932 in
936 1845 956 1969 3
988 1862 1004 1970 ξ
1037 1846 1057 1984 5
1093 1849 1127 1913 ἀρ

1051 1936 1066 1985 ρ
1093 1934 1112 1988 ⁹
1164 1873 1257 1929 Tonns
1275 1875 1369 1946 minor,
1388 1878 1483 1948 major,
1502 1881 1627 1937 semiton.
1682 1917 1685 1925 ι
1704 1873 1814 1952 Ξ

603 2085 697 2142 Tertia
713 2086 846 2145 iormaln
909 2072 969 2180 ’σθ
984 2055 1116 2181 dgdgg
1163 2085 1257 2141 Tenus
1275 2087 1370 2155 malos,
1391 2088 1527 2158 semiton,
1546 2089 1641 2144 minor.
1713 2081 1803 2094 “-

1723 2119 1796 2128 -ρ

1706 2154 1815 2163 ..κ-ι...

1713 2293 1803 2304 a*

557 2315 561 2323 .
605 2292 708 2372 Qum,
725 2295 811 2349 forma
828 2296 856 2352 jn
985 2317 1000 2355 ο
1035 2301 1055 2356 a
1089 2317 1103 2355 ρ
1163 2277 1306 2364 semitam,
1325 2303 1406 2351 tonus
1425 2297 1519 2368 major,
1537 2297 1631 2354 minor.
1705 2331 1813 2376 TI:

935 2302 950 2366 l

534 2574 539 2587 ,
603 2502 703 2571 0⁰1⁰ss
719 2503 808 2562 formo
824 2505 852 2560 ¹⁹11
935 2476 1006 2600 ἐξ
1042 2476 1111 2614 J&
1163 2507 1257 2562 Tonas
1275 2507 1527 2578 minonseniton,
1545 2469 1639 2574 maior.
1704 2508 1812 2587 ’.Ξ

935 2693 965 2748 Α
990 2695 1008 2748 b
1043 2712 1057 2749 c

1092 2563 1117 2618 9.

569 2696 689 2777 asem
706 2722 838 2778 romain
937 2695 1111 2837 dmg
1165 2715 1521 2786 semiton.,tcnusminor,
1540 2713 1633 2781 major.
1704 2717 1813 2761 ’Ξ

503 2846 507 2854 “
609 2848 647 2907 Et
668 2849 725 2914 bae
747 2860 814 2912 suut
837 2859 950 2914 tantum
973 2857 1094 2931 perfecti
1116 2855 1300 2916 diatessaron
1322 2833 1450 2927 formae,
1479 2851 1514 2914 de
1538 2851 1716 2928 imperfectis
1739 2868 1805 2927 cap.
1837 2855 1884 2910 12.

526 2953 660 3083 agemgi:
682 3032 781 3086 antem
803 3026 1019 3090 dissimulemus
1046 3029 1237 3092 differentiam
1260 3029 1325 3087 toni
1345 3027 1465 3101 majoris
1496 3035 1526 3088 et
1547 3029 1682 3099 minoris,
1712 3033 1746 3086 nt
1767 3026 1885 3088 iaciunt

524 3113 670 3190 organici,
693 3121 762 3174 tuuc
784 3118 902 3176 omniuo
925 3116 1034 3177 similia
1055 3127 1123 3178 suut
1146 3115 1330 3177 tetrachorda
1353 3114 1499 3190 disjuncta
1522 3114 1659 3192 deinceps
1682 3117 1754 3174 ista:

893 3235 898 3254 ‚
973 3200 1129 3262 cane,
1198 3199 1376 3268 etdespp

973 3269 1111 3326 GAbc
1198 3268 1376 3339 etdesp

934 3339 1012 3394 llaec
1031 3341 1085 3394 ima
1199 3346 1227 3394 et
1243 3339 1313 3394 hacc
1334 3353 1447 3392 summa.

1297 3411 1512 3424 -.-—--—-

606 3477 749 3558 Utrinque
772 3485 957 3544 semitonium
978 3491 1024 3544 est
1042 3482 1108 3546 loco
1133 3483 1253 3557 eodem,
1285 3481 1331 3542 rel
1354 3499 1468 3541 summo
1499 3480 1548 3541 vel
1570 3481 1683 3555 medio,
1711 3479 1884 3541 differentia

521 3565 616 3626 solnm
637 3565 704 3643 illa,
734 3570 814 3645 qnod
836 3588 894 3630 uno
918 3577 1060 3632 commate
1088 3570 1178 3632 altius
1202 3577 1246 3630 est
1269 3571 1455 3631 semitonium
1487 3571 1515 3628 in
1533 3569 1666 3630 interiori
1690 3568 1881 3628 tetrachordo

522 3671 610 3732 qnam
633 3655 661 3711 in
684 3658 846 3735 superiori,
870 3676 946 3735 quae
969 3658 1132 3720 differentia
1154 3662 1229 3718 inter
1251 3657 1414 3718 canendum
1437 3674 1495 3717 non
1519 3657 1606 3719 valde
1629 3658 1764 3716 sentitur.

609 3739 688 3802 Huic
710 3745 798 3819 igitur
819 3745 1068 3806 tetrachordorum
1091 3745 1274 3806 similitudini
1305 3753 1351 3805 est
1372 3747 1472 3804 innixa
1501 3745 1689 3822 transpositio
1711 3749 1819 3802 cantus
1844 3743 1881 3803 de

521 3828 605 3890 clave
627 3831 657 3888 in
680 3829 809 3908 elevem,
838 3835 948 3896 usitata
975 3836 1109 3909 musicis3
1141 3841 1223 3894 tanto
1246 3833 1424 3910 expeditior,
1459 3831 1538 3910 qnod
1569 3833 1698 3910 organici
1721 3831 1879 3892 discrimen

523 3914 658 3978 tonorum
682 3917 802 3996 maioris
825 3929 855 3982 et
875 3921 997 3982 minoris
1019 3929 1049 3981 et
1071 3929 1169 3982 cetera
1191 3921 1381 3980 sustulerunt.

604 4003 733 4066 Rursum
756 4006 829 4068 haec
852 4007 1100 4074 tetrachordorum
1122 4008 1283 4072 similitudo
1305 4015 1335 4072 et
1357 4006 1462 4086 triplex
1476 4007 1606 4067 varietas
1620 4007 1733 4084 peperit
1755 4007 1787 4064 in
1811 4023 1879 4066 mu-

520 4095 582 4152 sica
603 4096 761 4178 recentiori?
780 4113 832 4156 sex
853 4095 920 4156 illas
943 4096 1075 4174 syllabas
1097 4105 1149 4170 ut,
1172 4115 1218 4172 rc,
1248 4098 1306 4170 mi,
1335 4095 1386 4174 fa,
1408 4095 1467 4164 sol,
1491 4093 1540 4168 lo,
1571 4096 1678 4170 quibua
1701 4091 1880 4154 sublevatur

518 4183 658 4241 memoria
680 4179 862 4242 discentium.
908 4182 1021 4258 Quodsi
1049 4201 1108 4243 nna
1136 4183 1201 4244 sola
1222 4193 1329 4242 octava
1345 4189 1519 4254 caueretur,
1543 4183 1706 4260 composita
1738 4198 1776 4241 ex
1800 4180 1879 4240 duo·

518 4268 574 4327 bus
597 4269 788 4329 tetrachordis
810 4269 972 4347 similibus,
1002 4281 1171 4348 poteramus
1202 4287 1265 4329 esse
1289 4271 1418 4330 contenti
1441 4276 1568 4345 quatuor
1589 4269 1659 4330 solis
1682 4267 1810 4346 syllabis
1832 4275 1876 4341 ut,

517 4375 564 4430 re,
595 4358 654 4431 mi,
686 4357 737 4436 fo,
760 4364 811 4437 ut,
833 4377 880 4433 re,
904 4361 961 4431 mi,
984 4358 1037 4436 fa,
1070 4357 1253 4417 dissimulato
1276 4357 1441 4418 discrimine
1463 4357 1538 4416 inter
1560 4365 1656 4429 tonos,
1680 4356 1825 4431 majorem
1849 4363 1878 4414 et

518 4445 668 4503 minorem.
712 4443 771 4504 Sed
795 4442 955 4520 onia‘sunt
975 4448 1032 4504 tria
1054 4444 1121 4504 loca
1143 4445 1289 4505 semitonii
1313 4447 1341 4503 in
1365 4441 1558 4514 tetrachordo,
1582 4444 1729 4519 usigitur
1752 4445 1876 4505 nimium
1958 4481 1960 4490 ι

452 4594 456 4602 ,
518 4531 669 4605 generales
691 4543 788 4592 essent
811 4533 867 4594 bae
890 4532 1034 4608 syllabae,
1058 4535 1128 4608 quin
1152 4534 1263 4609 potius,
1286 4541 1320 4591 ut
1340 4549 1454 4610 semper
1477 4529 1663 4591 denotaretur
1684 4533 1876 4590 semitonium
1959 4553 1960 4561 ¹

454 4641 458 4650 ¹
518 4635 569 4694 per
591 4615 637 4678 Mt·
653 4615 711 4689 Fo,
737 4618 783 4680 vel
808 4617 858 4680 Fu
876 4618 929 4695 Mt,
953 4623 1082 4696 oportuit
1104 4619 1178 4680 duas
1200 4618 1275 4678 alias
1297 4619 1436 4680 accedere
1458 4619 1599 4695 syllabas,
1624 4626 1656 4678 nt
1679 4619 1708 4698 ip
1730 4617 1778 4678 bis
1802 4613 1873 4698 (Ut,
1958 4669 1959 4692 ἶ

513 4722 566 4779 se,
596 4708 656 4778 mi,
688 4703 740 4788 fa)
764 4716 842 4768 esset
864 4697 1056 4767 semitonium
1071 4707 1140 4781 lopo
1162 4723 1307 4784 supremo,
1330 4703 1359 4764 in
1382 4707 1429 4766 his
1452 4721 1522 4766 vero
1546 4701 1621 4786 (lle,
1645 4709 1702 4780 mi,
1728 4705 1784 4780 fo,
1813 4700 1873 4784 sol)

453 4829 460 4840 ·
517 4793 704 4852 semitonium
725 4803 804 4855 esset
830 4795 897 4855 loco
921 4794 1031 4869 medio,
1060 4795 1186 4871 deniqne
1218 4796 1247 4852 ln
1269 4793 1315 4852 bis
1335 4790 1415 4876 (Mt,
1444 4794 1494 4869 fa,
1524 4795 1584 4862 sol,
1616 4793 1662 4866 lo)
1684 4793 1873 4852 semitonium

517 4886 596 4939 esset
616 4881 675 4966 imo
698 4876 773 4940 loe'o:
818 4884 916 4960 Atque
943 4883 1017 4944 baec
1036 4881 1135 4946 [causa
1158 4889 1218 4956 est,
1249 4899 1300 4941 eur
1322 4899 1373 4941 sex
1395 4879 1519 4959 syllabis
1548 4881 1594 4942 uti
1617 4883 1675 4939 sint
1701 4882 1872 4938 inventores

433 5025 438 5032 .
512 4965 659 5040 musices,
673 4967 832 5038 senocto.
877 4962 988 5051 ltaque·
1004 4970 1105 5030 videat
1127 4969 1220 5046 Belga
1243 4967 1307 5042 iila,
1331 4972 1380 5045 qui
1404 4983 1456 5047 pro
1479 4984 1546 5037 sex,
1570 4973 1682 5046 septem
1704 4966 1789 5041 iecit,
1814 4965 1870 5038 Bo,
1955 4983 1957 5014 ε

518 5063 558 5129 cc,
582 5048 623 5130 di,
646 5057 696 5133 pb,
719 5054 757 5130 lo,
781 5071 843 5131 mo,
864 5060 908 5129 ssi,
933 5057 1012 5133 qnod
1034 5075 1072 5117 ex
1093 5057 1150 5117 hoe
1173 5065 1329 5132 augmentp
1352 5057 1465 5115 inc'rnm
1487 5053 1619 5120 babeat,
1650 5054 1725 5114 Nam
1751 5055 1781 5112 si·
1801 5069 1872 5112 cen·

517 5144 584 5217 sub,
607 5158 697 5227 socca
719 5141 903 5222 usurpandas
925 5143 1042 5222 aequali
1071 5160 1192 5208 numero
1215 5162 1282 5204 cum
1304 5144 1421 5204 chordis
1449 5145 1536 5206 nnius
1559 5151 1699 5240 octavae,
1730 5157 1790 5201 nna
1813 5141 1871 5201 mi·
1954 5167 1956 5174 ¹

1956 4757 1958 4870 t

1954 5015 1957 5166 l
