4467 6192
947 655 1088 729 apologia.
1625 665 1689 725 ιιι

347 846 404 899 tota
426 842 558 900 oratione
580 846 631 899 tna
654 837 837 913 ventilanda,
860 837 953 897 multa
976 835 1165 911 elucidanda,
1186 836 1282 899 molta
1300 838 1471 917 refutanda,
1495 838 1639 916 quaedam
1661 845 1691 899 et

347 927 529 1005 recipienda3
552 928 603 987 sed
626 928 695 1004 quia
718 944 778 986 nou
801 935 845 986 est
866 927 1032 985 institutum
1056 927 1151 1001 operis
1173 929 1231 985 mei
1254 926 1432 1003 harmonici,
1467 927 1503 988 de
1525 928 1604 987 sonis
1627 926 1690 985 dis-

346 1024 445 1091 pntare
469 1022 586 1094 propter
608 1032 640 1074 se
662 1017 752 1093 ipsos,
776 1014 826 1073 sed
851 1014 887 1073 de
909 1029 1046 1072 sonorum
1069 1015 1145 1072 iuter
1158 1030 1190 1072 se
1205 1016 1451 1090 proportionibus,
1475 1018 1572 1075 missis
1588 1017 1689 1090 itaque

345 1102 538 1161 locutionibus
569 1105 627 1161 tuis
663 1101 873 1179 multiplicibus
909 1113 1055 1179 apponam
1092 1100 1218 1177 paucula
1250 1119 1286 1160 cx
1315 1118 1381 1161 mea
1410 1105 1564 1161 sententia.
1615 1101 1689 1160 Mihi

345 1191 417 1249 enim
442 1206 530 1267 quam
552 1190 678 1266 plurima
700 1192 836 1249 sonantia
860 1188 1054 1249 consideranti
1078 1206 1136 1247 non
1152 1189 1229 1248 bosra
1253 1187 1369 1248 videtur
1392 1192 1449 1248 ista
1465 1189 1593 1251 deffinitio
1614 1188 1689 1263 sonl,

346 1294 404 1353 qua
427 1288 460 1336 ιιι
483 1280 583 1335 niteris
605 1294 657 1353 per
679 1278 869 1350 totnmiere,
893 1292 958 1335 cum
982 1292 1070 1334 sonus
1093 1278 1280 1352 percussione
1303 1278 1380 1335 airis
1404 1275 1552 1349 definitur,
1576 1279 1605 1334 iu
1629 1294 1689 1355 quo

344 1379 448 1441 corpus
471 1380 579 1424 sonans
603 1366 745 1425 consistit.
790 1364 865 1423 Nam
894 1366 1001 1423 rectius
1031 1380 1086 1439 ego
1110 1362 1268 1421 definivero
1298 1379 1403 1422 sonum
1434 1367 1559 1440 speciem
1583 1368 1690 1423 imma-

341 1455 476 1511 teriatam
499 1455 628 1529 corporis
650 1451 772 1529 pulsati,
801 1455 830 1509 iu
854 1461 1002 1529 qnantum·
1021 1450 1050 1508 id
1074 1458 1102 1508 et
1125 1450 1280 1527 figuratum
1308 1461 1338 1510 et
1360 1451 1483 1510 densum
1506 1460 1550 1510 est
1571 1452 1618 1510 vcl
1641 1469 1690 1512 ra-

342 1556 412 1613 rum,
438 1540 494 1619 hoo
518 1548 563 1599 est
583 1544 650 1599 aiere
674 1542 752 1598 intus
773 1540 937 1613 infarctum,
960 1548 990 1598 et
1013 1540 1041 1595 in
1065 1548 1207 1614 quantum
1230 1544 1275 1599 est
1292 1536 1395 1599 durum
1419 1539 1465 1598 rel
1481 1538 1577 1598 molle.
1615 1538 1690 1597 Nam

343 1644 463 1705 corpora
491 1634 586 1686 notus
615 1627 756 1686 violentia
778 1629 904 1703 speciem
934 1625 1058 1683 induunt
1081 1624 1212 1701 duritiei,
1243 1640 1308 1685 cum
1324 1629 1387 1687 sint
1410 1625 1521 1693 mollia.
1564 1626 1617 1684 Est
1638 1628 1690 1685 ahi

340 1713 434 1790 figura
463 1712 602 1773 uiolentia
631 1717 812 1791 transspirati
842 1718 916 1773 aeris
940 1716 1066 1792 speciem
1097 1712 1184 1772 aliam
1208 1712 1318 1787 induit,
1351 1722 1380 1774 et
1401 1714 1531 1773 toramen
1555 1713 1689 1791 amplum

340 1804 467 1879 speciant
495 1803 614 1879 praebet
644 1804 831 1879 angustioris.
877 1801 926 1859 Sic
956 1802 1050 1859 tensio
1082 1800 1221 1859 mollibus
1249 1796 1383 1862 duritiem
1416 1800 1561 1861 conciliate
1607 1802 1689 1860 llura

342 1906 411 1948 vero
436 1906 526 1948 causa
549 1890 662 1948 sonitus
686 1892 912 1967 aequiparantur
935 1890 1082 1959 brevibus,
1106 1890 1325 1964 comparatione
1347 1889 1537 1965 longitudinis
1559 1887 1597 1947 ad
1620 1889 1689 1948 lati·

340 1975 489 2052 tudinem,
513 1994 580 2036 nam
604 1982 633 2035 et
656 1975 781 2036 latitudo
804 1994 856 2035 seu
880 1978 1025 2035 crassities
1054 1984 1083 2033 et
1106 1974 1225 2035 durities
1248 1975 1425 2036 flexibilitati
1455 1975 1604 2052 derogant.
1650 1973 1690 2035 Ut

340 2062 409 2122 cum‘
431 2066 536 2122 vitrum
565 2064 691 2123 rotundo
720 2064 803 2123 lahro
832 2064 944 2123 affricta
975 2062 1058 2138 digiti
1089 2061 1218 2123 humecti
1240 2066 1369 2123 sonitum
1393 2063 1469 2139 edit,
1498 2066 1562 2141 ipsa
1585 2072 1689 2121 rotun·

341 2150 416 2210 ditas
437 2152 499 2227 jam
523 2160 656 2210 censetur
679 2166 734 2228 pro·
753 2151 942 2226 longitudine.
987 2150 1072 2209 llaec
1092 2149 1256 2227 longitudo,
1281 2168 1376 2211 vacuo
1400 2152 1484 2225 vitro,
1507 2151 1596 2209 hahet
1619 2150 1688 2209 latio

340 2239 469 2297 tudinem
493 2245 617 2311 tantam,
648 2249 757 2315 quanta
781 2248 825 2297 est
846 2237 1036 2315 proiunditasv
1058 2237 1139 2296 illius
1163 2241 1263 2311 vacui,
1295 2245 1381 2298 sonat
1405 2242 1492 2314 igitur
1513 2248 1608 2299 acute.
1654 2238 1687 2296 Si

338 2330 504 2385 successive
529 2326 691 2404 impleatur,
715 2327 839 2386 demitur
862 2324 1007 2384 latitudini
1033 2324 1156 2401 jamque
1177 2324 1303 2384 rotunda
1331 2343 1440 2385 sonam
1463 2325 1615 2403 longitudo
1637 2342 1687 2386 re·

338 2423 443 2489 spectu
466 2412 626 2473 &minutae
648 2412 812 2473 latitudinis
836 2421 968 2472 censetur
990 2413 1121 2488 longior3
1150 2430 1239 2471 sonus
1262 2411 1560 2490 igituntngraveseit
1598 2412 1687 2474 Talia

336 2502 431 2559 multa
454 2504 620 2560 coacervari
650 2511 772 2585 possent
802 2518 821 2559 ι
849 2502 939 2559 uariis
972 2502 1177 2576 experimentis
1205 2504 1372 2560 sonantium
1396 2501 1531 2561 deducta.
1577 2500 1687 2561 Verum

336 2588 381 2646 his
405 2590 520 2659 missis,
543 2606 629 2664 quae
651 2598 719 2647 sunt
742 2588 936 2648 indifferentia
965 2596 1098 2665 respectu
1121 2596 1239 2647 nostrae
1268 2587 1506 2667 disceptationis,
1538 2604 1628 2717 pergo
1651 2588 1688 2647 ad

334 2676 451 2751 reliqua
473 2683 525 2734 tua
548 2683 729 2781 argumenta.
1163 2706 1168 2715 ·

431 2758 605 2822 Videmus
603 2766 646 2823 ais
677 2767 768 2822 etiam
796 2766 830 2824 in
854 2762 1001 2839 physicis,
1031 2779 1078 2821 res
1101 2778 1205 2822 manes
1233 2779 1274 2823 en
1290 2766 1353 2821 sais
1376 2764 1540 2839 principiis
1561 2763 1688 2840 conflari

334 2856 503 2925 tanquam
515 2867 555 2910 ec·
579 2850 736 2927 partibas
744 2858 772 2909 et
793 2867 856 2909 non
879 2858 1028 2925 tanquam
1059 2852 1182 2909 minora
1212 2863 1249 2909 aa
1269 2850 1448 2923 majoribus.
1494 2851 1534 2908 Αι
1556 2852 1607 2909 ubi
1631 2863 1687 2926 ego

335 2937 404 3009 sliri,
433 2940 576 2996 concinna
598 2947 630 2995 ut
652 2941 764 2996 minora
787 2936 905 2996 conflari
929 2954 963 2995 ex
988 2938 1124 2995 consonis
1145 2946 1179 2994 ut
1201 2937 1370 3013 majoribus,
1396 2945 1535 3014 tanquam
1561 2954 1598 2995 ex
1619 2954 1690 3013 par-

333 3023 443 3084 tibus?
487 3024 651 3099 Praeterea,
675 3027 725 3083 ubi
749 3034 778 3083 ιιι
802 3024 902 3081 vidisti
926 3036 1054 3099 unquam
1077 3042 1138 3083 rem
1160 3023 1329 3102 physicam,
1357 3034 1431 3101 puta
1447 3042 1551 3101 corpus
1575 3026 1689 3089 auima-

332 3110 377 3185 lls,
404 3112 527 3171 conflari
551 3130 587 3171 ιιι
609 3114 670 3171 suis
694 3114 833 3191 partibus,
854 3128 909 3181 ,sen
932 3111 1141 3187 integralibus,
1166 3121 1197 3168 nt
1220 3129 1255 3171 ex
1280 3114 1389 3189 capite,
1415 3111 1689 3187 trunco,·pedihus,

333 3208 388 3259 seu
413 3198 609 3273 similarihus,
634 3208 666 3258 ut
688 3216 723 3258 ex
747 3216 840 3270 cante,
866 3198 952 3274 adipe
976 3208 1005 3257 et
1028 3196 1095 3256 aliis
1118 3197 1312 3273 hujusmodr‘i
1356 3199 1460 3259 Nonne
1484 3202 1581 3258 omnia
1603 3200 1689 3257 simul

331 3282 469 3347 οήιιιιιι
496 3287 676 3345 assimilari
705 3304 803 3345 massa
832 3285 1117 3365 seminis'prodncta
1145 3303 1162 3344 a
1185 3286 1325 3346 facultate
1354 3286 1543 3346 formatrice?
1586 3286 1689 3346 Nonne

330 3374 436 3450 aliqua
452 3372 575 3433 “demum
598 3384 755 3433 nascuntur
778 3382 843 3450 post
867 3390 970 3450 corpus
989 3374 1052 3448 jam
1074 3373 1239 3446 formatum,
1264 3382 1296 3432 ut
1318 3372 1418 3451 adeps,
1442 3391 1550 3448 ιιιιιιιι,
1575 3372 1686 3448 dentes,

329 3463 439 3534 barba,
462 3462 574 3537 pubes,
599 3464 627 3519 in
651 3460 768 3545 animali
792 3460 922 3520 cornua?
968 3460 1099 3520 Dissolvi
1123 3478 1194 3520 sane
1215 3471 1340 3537 possunt
1362 3460 1510 3521 naturalia
1539 3465 1568 3518 in
1591 3470 1689 3538 partes

331 3548 524 3624 hujusmodi,
554 3548 798 3625 quemadmodum
822 3558 851 3607 et
874 3555 928 3624 ego
952 3548 1059 3623 doceo,
1089 3564 1217 3608 consona
1241 3548 1364 3608 dissolri
1386 3552 1416 3607 in
1441 3553 1591 3610 concinna.
1635 3548 1690 3607 Vis

329 3646 363 3694 ιι
387 3635 608 3695 accommodem
639 3640 758 3714 propius
782 3644 875 3695 ortum
899 3637 1106 3695 continuorum
1135 3636 1293 3695 adortum
1327 3639 1453 3714 partium
1477 3636 1689 3715 physicarum?

329 3722 482 3783 Tentaho.
528 3722 665 3782 Consona
688 3722 842 3783 intervalla
864 3731 933 3783 sunt
956 3725 1146 3799 quantitates,
1169 3740 1273 3802 corpus
1290 3724 1416 3783 hominis
1432 3727 1519 3783 etiam
1535 3732 1580 3784 est
1594 3742 1689 3799 quan·

327 3820 403 3869 tum·
454 3811 597 3870 Consonis
627 3828 732 3870 nomen
764 3814 881 3889 ponitur
912 3812 1071 3869 enumero
1094 3814 1300 3870 concinnorum
1331 3815 1359 3869 in
1385 3814 1474 3888 ipsis,
1505 3824 1534 3870 ct
1557 3812 1687 3888 corporis

327 3900 506 3974 proceritati
530 3902 754 3958 mensurationis
776 3910 882 3957 nomen
911 3897 997 3957 datur
1019 3914 1037 3955 a
1059 3911 1180 3958 numero
1204 3899 1327 3975 pedam,
1357 3899 1569 3976 epithematum
1592 3910 1622 3956 et
1643 3897 1689 3955 di-

326 3988 468 4062 gitorum.
517 3984 562 4044 lhi
585 3988 726 4045 concinna
750 3980 948 4044 mensurantis
970 3992 1038 4044 suut
1062 4002 1200 4044 excessus
1223 4002 1419 4045 consonorum
1449 4004 1537 4063 snper
1560 4002 1688 4044 consona

328 4074 555 4151 tormenturque
578 4092 595 4132 a
618 4083 722 4133 natura
745 4075 1019 4149 contemperationis
1042 4072 1259 4133 harmonicae
1251 4091 1280 4129 ιιι
1297 4074 1426 4149 perlecto
1443 4073 1599 4133 interuallo
1623 4072 1688 4133 dia·

326 4176 445 4237 paeon,
469 4160 517 4219 hic
539 4162 627 4220 etiam
646 4178 717 4238 pes,
741 4161 905 4239 epithema,
923 4161 1037 4236 digitus
1061 4160 1235 4245 lprmattrr
1229 4178 1256 4217 m
1282 4164 1345 4238 ipso
1370 4178 1490 4238 corpore
1514 4159 1689 4219 rurimalisa

325 4250 500 4309 formatrice
522 4248 668 4306 laenitate.
716 4246 901 4324 Quamquam
924 4248 1025 4308 adhuc
1042 4232 1189 4307 claudicat
1210 4248 1239 4304 ln
1257 4265 1291 4307 eo
1313 4248 1484 4322 similitudo,
1510 4248 1588 4324 qnod
1605 4246 1689 4306 aliter

326 4352 384 4413 pes
410 4338 442 4392 in
464 4335 581 4394 homine
604 4337 760 4408 formatur,
783 4335 869 4394 aliter
892 4342 978 4394 tonus
1003 4335 1262 4397 determinaturus
1287 4334 1438 4417 diapason.

421 4422 597 4482 Indirectam
628 4426 672 4481 ais
702 4439 766 4481 esea
789 4440 883 4483 meam
907 4426 1115 4499 assertionem,
1147 4440 1214 4484 eum
1243 4424 1318 4494 diri,
1351 4427 1456 4500 cuique
1479 4422 1688 4481 consonantiae

325 4527 417 4569 susm
442 4527 507 4569 esse
531 4526 648 4569 eausam
672 4512 823 4569 internam.
858 4510 978 4587 ,Nescio
1009 4510 1078 4587 quid
1110 4519 1219 4588 arguas
1248 4511 1304 4569 hac
1326 4528 1408 4570 soce.
1456 4510 1550 4568 Video
1581 4518 1687 4583 ιιιιιιι,

323 4609 355 4657 te
380 4600 521 4657 aberrare
544 4614 562 4655 ι
583 4614 648 4657 meo
671 4612 767 4657 sensu.
815 4598 859 4655 De
881 4598 935 4656 illa
957 4616 1047 4658 causa
1070 4597 1130 4656 dixi
1153 4616 1223 4675 ego,
1256 4616 1333 4675 quae
1355 4598 1448 4657 torma
1471 4606 1515 4655 ιιι
1547 4598 1687 4655 termino·

323 4702 393 4745 rum
420 4686 625 4761 proportionis,
649 4694 681 4743 nt
704 4684 881 4761 triangulum
904 4687 996 4762 ipsius
1019 4685 1172 4761 diapente,
1197 4686 1337 4755 diameter
1360 4686 1452 4760 ipsius
1474 4682 1631 4759 diapason,
1656 4693 1688 4742 ιι

325 4774 365 4833 de
393 4780 504 4849 agente
526 4772 660 4848 opponis,
682 4788 736 4831 nec
759 4772 907 4848 quodnam
929 4774 967 4831 sit
990 4772 1061 4830 illud
1085 4788 1177 4847 agens
1193 4771 1313 4829 indicas.
1359 4770 1450 4847 Atqui
1473 4772 1499 4829 si
1522 4769 1560 4830 de
1581 4779 1688 4848 agente

323 4863 472 4939 quaestio
496 4867 550 4927 ιιι,
574 4868 636 4918 tum
660 4858 782 4918 etmihi
806 4876 912 4934 agens,
942 4858 971 4917 ld
996 4865 1039 4918 est
1062 4854 1221 4918 conmlians
1245 4860 1424 4937 proportioni
1447 4871 1531 4917 suam
1553 4862 1688 4918 eharita-

322 4958 390 5010 tem
417 4950 447 5004 ln
472 4946 589 5021 auditu,
615 4955 660 5006 est
682 4962 763 5006 mens
787 4962 880 5021 eaque
903 4960 962 5003 una
985 4951 1014 5003 ct
1037 4943 1139 5005 eadem
1162 4962 1213 5021 per
1237 4961 1337 5005 carnes
1356 4949 1578 5006 consonantias.

421 5034 491 5095 Allo
515 5037 626 5111 impetu
649 5042 736 5111 capto
759 5048 849 5117 negas
872 5032 1040 5117 imperfecta
1070 5035 1151 5091 nasci
1175 5033 1365 5111 aperientis,
1397 5036 1538 5093 conchrne
1567 5032 1688 5094 dissona

323 5140 344 5187 a
378 5124 530 5185 consonis.
574 5120 659 5199 Nega
688 5120 792 5182 eodem
821 5127 1007 5197 argumento,
1040 5118 1168 5198 perlecta
1199 5122 1334 5200 componi
1364 5138 1401 5182 ax
1428 5121 1618 5199 imperfectis,
1652 5128 1687 5182 ut
