4467 6192
858 641 941 697 muer
957 643 1002 697 ιι.
1022 643 1110 713 caput
1128 642 1187 699 vn.
1631 634 1694 697 aet

352 814 497 888 ιιιιιιιιιιιι,
528 819 620 890 atque
641 811 679 873 ad
701 831 738 874 aa
760 827 956 896 consequatur
981 821 1082 899 aliqua
1109 821 1252 899 generalis
1282 822 1343 879 nati
1368 817 1541 889 infelicitas,
1573 812 1696 874 uthina

352 912 449 960 1111111111
472 904 520 961 flit-
534 902 736 978 pt⁰V0rbl⁰ffl3
759 908 849 965 natio
869 910 1029 969 salernitan
1048 911 1130 985 aoio,·
1154 912 1235 969 Deus
1256 925 1327 968 vero
1350 908 1426 967 hurso
1448 912 1569 965 naturae
1591 902 1696 961 invisi·
1765 953 1774 965 .

352 990 453 1047 billum
475 1006 594 1049 cursum
616 1006 674 1048 nou
696 990 863 1066 frequenter
884 997 1042 1074 impediat,
1073 1000 1144 1073 qnia
1166 998 1336 1075 plerumque
1359 997 1446 1054 etiam
1470 1010 1506 1053 er
1526 990 1580 1049 illo
1601 992 1699 1065 impe·

351 1077 478 1135 dimento
503 1078 613 1140 tutelae
642 1079 711 1136 boni
734 1080 847 1156 aliquid
868 1100 1023 1159 procurare
1045 1087 1145 1157 novit,
1175 1084 1253 1161 qnod
1276 1082 1464 1161 periclitanti,
1495 1083 1520 1138 si
1543 1081 1567 1136 is
1589 1076 1696 1155 placet,

351 1166 425 1221 bono
451 1164 554 1236 cedat,
577 1168 621 1221 sin
645 1164 795 1244 displicet,
825 1168 924 1244 justae
948 1171 1095 1232 uindictae
1118 1173 1238 1232 modum
1260 1170 1390 1247 impleat.
1434 1168 1512 1229 Sane
1541 1166 1564 1224 si
1588 1166 1697 1224 mulum

350 1254 505 1312 imminens
527 1269 588 1315 nou
610 1262 709 1327 potest
732 1256 870 1332 impedire
893 1258 1016 1334 angelus
1038 1268 1154 1333 custos,
1185 1268 1284 1319 monet
1310 1257 1414 1317 saltem
1445 1255 1565 1314 occultis
1593 1252 1697 1324 modis,

351 1349 381 1397 ut
402 1342 582 1415 imparatum
605 1342 698 1416 perire
713 1359 771 1400 non
787 1345 864 1403 sinat
879 1345 1022 1405 clientem.
1067 1346 1175 1423 Qualia
1191 1348 1343 1424 praesagia
1362 1346 1595 1416 monitioneaque
1609 1342 1698 1400 etiam

350 1429 466 1485 ruinam
489 1427 571 1491 illam
593 1430 702 1486 montis
724 1446 865 1506 nuperum
887 1435 917 1489 in
939 1433 1042 1493 Rhetis
1064 1442 1293 1511 praecesserunt.
1324 1438 1423 1502 (comp.
1442 1438 1462 1486 Ι.
1484 1432 1562 1501 tto.)

435 1514 482 1573 Sit
506 1511 594 1589 igitur
615 1515 673 1572 troo
695 1521 811 1575 tertium
833 1520 966 1583 fortunae
989 1522 1114 1581 hominis
1136 1522 1355 1581 fundamentum
1375 1516 1478 1575 salte·
1494 1514 1697 1593 conjecturale,

350 1601 421 1659 nihil
445 1601 524 1661 enim
547 1601 668 1661 at'tirmo.
712 1604 906 1665 Redeundum
928 1625 1005 1668 nnnc
1027 1610 1112 1669 nobis
1133 1618 1180 1669 est
1207 1608 1245 1669 ad
1269 1606 1530 1667 considerationem
1553 1604 1698 1662 essentiae

349 1689 499 1748 tscnltatis
523 1692 639 1749 animae
663 1692 769 1753 vitalis.
817 1692 924 1768 Quaeri
946 1714 974 1753 n.
998 1706 1107 1773 potest,
1138 1700 1163 1756 si
1186 1698 1335 1771 character
1358 1692 1432 1754 coeli
1461 1694 1490 1749 in
1513 1698 1622 1767 puncto
1645 1688 1698 1747 de-

349 1795 429 1835 mum
457 1779 625 1837 nativitatis
653 1778 766 1854 induit,
784 1776 835 1839 'an
861 1785 950 1858 igitur
975 1784 1074 1860 foetus
1103 1788 1133 1843 ιιι
1155 1794 1241 1860 partu
1272 1783 1388 1844 domurn
1411 1781 1556 1855 concipiat
1584 1779 1699 1837 animae

351 1866 472 1923 sitalem
503 1864 672 1923 facultatem
701 1876 729 1925 et
759 1880 854 1950 ntroin
886 1887 952 1929 eum
984 1880 1050 1930 ante
1079 1880 1195 1947 parturn
1222 1872 1378 1929 inanimem
1407 1865 1523 1925 dicam?
1573 1862 1700 1925 Omnino

349 1954 497 2027 propriam
526 1952 647 2011 vitalem
674 1958 868 2031 energeticam
897 1959 1066 2029 facultatem
1093 1968 1161 2018 tnnc
1184 1959 1299 2018 demum
1324 1965 1393 2017 actu
1423 1954 1563 2029 concipit,
1593 1968 1700 2010 cuma

349 2050 446 2098 matre
471 2051 640 2117 separatum
673 2051 761 2101 antea
791 2055 939 2104 maternae
969 2045 1138 2107 flammulae
1170 2048 1269 2107 vitalia
1299 2044 1389 2103 radiis
1419 2041 1619 2100 illustrabatur
1648 2056 1703 2114 per

349 2145 457 2185 venam
478 2136 511 2187 et
532 2132 669 2187 arteriam
692 2130 889 2205 umbilioales,
919 2151 996 2209 qnae
1019 2137 1126 2195 arteria
1147 2138 1176 2191 in
1200 2152 1249 2194 cor
1270 2135 1367 2193 foetus
1389 2132 1539 2201 inseritur,
1563 2132 1700 2201 separato

348 2224 450 2273 meatu
472 2216 512 2273 ab
536 2218 571 2281 iis
594 2214 719 2289 dnobus,
742 2220 850 2293 quibus
873 2230 978 2296 postea
998 2224 1145 2297 propriam
1167 2214 1246 2282 sitae
1261 2223 1408 2281 flammam
1424 2216 1509 2281 alent
1532 2216 1611 2273 intus
1634 2213 1702 2273 bine

347 2305 524 2377 sanguinem
554 2301 621 2361 inde
650 2308 746 2363 adrem
778 2324 814 2365 ex
843 2309 1032 2385 pulmonibus
1064 2309 1178 2382 haurit,
1210 2312 1260 2384 qui
1290 2310 1442 2384 separatus
1470 2301 1565 2363 cordis
1588 2308 1702 2359 meatus

349 2407 415 2448 enm
439 2391 535 2474 primo
559 2392 639 2448 vitae
662 2391 710 2451 die
733 2393 868 2453 concidat
890 2399 1065 2473 penitusque
1088 2406 1257 2469 evernescat,
1280 2404 1313 2454 ut
1326 2394 1398 2461 milti
1412 2391 1528 2467 Pragae
1550 2393 1579 2447 in
1600 2386 1703 2455 sucula

347 2494 453 2535 recens
477 2477 557 2536 edita
581 2483 754 2538 monstravit
777 2480 921 2558 Georgius
944 2480 1250 2556 Horatius-,Hamae
1275 2481 1454 2557 lrmdgravii
1476 2476 1624 2553 medicus,
1648 2492 1703 2533 na-

257 2615 259 2624 ,
351 2578 438 2622 turae
454 2566 545 2622 totins
561 2564 855 2648 consultissimus3¹⁸)
878 2569 945 2629 binc
961 2574 1048 2646 igitur
1063 2580 1235 2647 argumenta
1249 2570 1333 2643 duco,
1358 2586 1407 2629 cor
1430 2568 1540 2637 foetus,
1568 2564 1636 2623 dum
1659 2569 1705 2623 eat

351 2655 381 2708 in
407 2660 503 2724 utero,
527 2668 586 2709 nou
607 2654 709 2711 minus.
728 2655 777 2713 illo
801 2669 882 2715 rnotn
904 2658 1030 2735 systoles
1052 2667 1081 2717 et
1104 2659 1259 2730 diastolen,
1284 2674 1371 2734 qnam
1394 2656 1583 2731 respiratione
1607 2666 1705 2710 carere

353 2756 452 2813 eoque
477 2742 557 2797 ritae
579 2744 714 2817 propriae
737 2742 883 2802 flammam
907 2748 935 2802 in
959 2762 995 2805 eo
1017 2746 1146 2811 nondum
1168 2748 1317 2806 incensam
1340 2760 1413 2803 esse.
1459 2742 1497 2799 Et
1519 2748 1551 2798 ut
1573 2741 1705 2797 insistam

352 2828 518 2902 arralogiac
537 2826 697 2895 fidissimae
718 2830 842 2900 firmius,
862 2834 903 2889 nti
926 2850 958 2890 sc
980 2833 1071 2893 habet
1084 2835 1181 2892 fumus
1197 2835 1266 2892 tecti
1281 2832 1382 2906 lignei,
1404 2836 1523 2906 propter
1540 2824 1706 2895 incendium

349 2917 435 2984 tosti,
459 2913 498 2971 ad
522 2915 677 2988 danunam,
701 2934 777 2992 qnae
801 2918 872 2977 illud
895 2920 1141 2997 subitoeorripit,
1164 2921 1206 2979 ita
1221 2938 1252 2980 se
1269 2919 1358 2978 babet
1378 2926 1407 2975 et
1422 2916 1462 2989 id,
1486 2914 1564 2991 quod
1582 2916 1610 2970 iu
1625 2912 1705 2971 foetu

348 3000 516 3079 praecedit,
541 3001 579 3060 ad
596 3004 714 3069 vitalem
738 3005 915 3076 laenitatem,
938 3008 977 3066 ab
999 3009 1064 3084 ipso
1084 3016 1169 3082 partu
1192 3014 1243 3065 ant
1264 3004 1353 3083 paulo
1376 3010 1464 3063 antea
1486 3004 1641 3061 incensam.

445 3087 478 3143 ln
510 3089 567 3146 bac
596 3092 683 3164 igitur
710 3094 850 3153 facultate
878 3094 1004 3153 hominia
1029 3096 1128 3167 rituli,
1158 3097 1199 3153 sie
1223 3098 1341 3155 incensa
1369 3094 1399 3149 in
1422 3096 1521 3169 partu,
1551 3088 1706 3164 praecipue

350 3176 470 3236 relucet
495 3174 569 3232 illud
599 3180 688 3235 instar
718 3183 893 3252 memoriae,
925 3182 1003 3257 quod
1034 3199 1123 3258 snpra
1147 3186 1236 3241 etiam
1265 3184 1295 3238 in
1318 3177 1545 3253 animaTarrae
1578 3173 1705 3246 ostendi;

348 3281 421 3322 curn
447 3273 531 3320 tanta
553 3266 592 3321 sit
614 3269 779 3324 constantia
802 3268 976 3327 characteris
999 3269 1135 3329 eoelestis
1151 3272 1349 3343 omniumque
1371 3266 1509 3347 thematis
1531 3261 1706 3339 genethliaci

347 3354 495 3427 partium,
526 3359 608 3410 tanta
631 3352 804 3424 durabilitas
827 3357 891 3431 ejus
914 3359 942 3413 in
966 3359 1072 3421 anima.
1095 3364 1128 3415 nt
1151 3364 1219 3416 ante
1241 3358 1321 3415 ritae
1343 3354 1430 3413 finem
1453 3368 1510 3409 non
1536 3348 1706 3425 deponatur,
1794 3424 1797 3429 Ι

347 3457 422 3497 enm
447 3439 487 3495 ad
510 3454 611 3498 omues
642 3440 824 3515 planetarum
854 3447 993 3503 transitus
1022 3462 1074 3525 per
1093 3444 1161 3505 loca
1191 3444 1327 3503 thematis
1354 3440 1511 3517 praecipua
1538 3452 1718 3524 sssevaorn-¹

347 3535 477 3593 1¹¹0v⁰³l
505 3526 579 3585 haee
608 3526 750 3602 1111111111,
773 3529 893 3606 perdide
924 3548 959 3590 ac
989 3534 1015 3589 si
1047 3532 1112 3590 loca
1145 3532 1196 3589 illa
1222 3548 1280 3590 non
1310 3536 1407 3590 essent
1430 3527 1571 3599 imagines
1602 3521 1707 3594 nudae,

346 3615 531 3689 superstites
554 3615 582 3670 in
606 3616 724 3682 anima,
756 3633 849 3675 rerum
873 3634 949 3691 quae
972 3618 1082 3677 dudum
1106 3621 1297 3691 transierunt,
1330 3617 1380 3675 sed
1405 3632 1475 3674 vera
1496 3611 1593 3671 sidera
1615 3618 1643 3669 et
1666 3612 1709 3669 sic

346 3719 412 3759 111111
435 3717 531 3773 1111111,
561 3702 614 3759 1111
637 3699 710 3778 due,
742 3706 822 3763 verbi
847 3722 954 3776 cansa,
973 3704 1066 3786 ¹Soles
1089 3708 1119 3762 in
1142 3706 1226 3765 coelo
1249 3712 1347 3765 essent
1375 3706 1461 3778 inque
1485 3718 1573 3757 unium
1597 3700 1708 3759 coirent

350 3805 455 3863 eoque
480 3790 559 3847 coitu
582 3798 687 3847 natura
715 3789 863 3849 facultatis
895 3792 993 3851 vitalis
1014 3792 1103 3851 modo
1133 3792 1301 3869 supradicto
1324 3796 1563 3850 commoreretur.
1609 3786 1709 3860 Testi-

348 3879 493 3950 moninm
516 3875 604 3949 lthus
627 3879 667 3933 rei
698 3876 892 3937 clarissimum
920 3859 1057 3953 oninique
1086 3884 1264 3957 exceptione·
1280 3880 1377 3954 majus
1407 3884 1452 3936 est
1482 3878 1510 3933 in
1534 3876 1709 3947 cognatione

347 3978 525 4039 geneseos,
549 3967 606 4019 snb
630 3962 736 4037 quibua
760 3975 894 4041 parentes
924 3976 955 4024 et
975 3968 1031 4025 sub
1055 3969 1162 4042 quibus
1185 3982 1284 4025 eornm
1307 3966 1389 4025 libori
1422 3969 1589 4037 nascuntur.
1636 3960 1710 4019 Cum

348 4054 438 4111 enim
461 4054 557 4107 toetns
589 4058 633 4107 est
655 4060 802 4127 maturus,
825 4052 950 4112 facultas
979 4056 1095 4125 animae
1124 4054 1272 4113 formatrix
1303 4063 1330 4113 et
1353 4052 1533 4128 generationi
1564 4048 1710 4124 praefecta

348 4151 427 4197 tnnc
454 4139 640 4213 potissimum
663 4156 695 4195 se
718 4143 846 4215 accingit
867 4139 906 4197 ad
929 4140 1141 4201 extrudendum
1164 4143 1273 4202 foetuum
1297 4156 1391 4215 eaque
1415 4139 1581 4197 extrusione
1604 4150 1712 4201 aecen-

347 4226 489 4285 dendam
518 4242 627 4283 nouam
657 4226 774 4286 areunae
806 4226 926 4285 vitalem
950 4229 1136 4300 facultatem,
1170 4246 1235 4287 cnm
1263 4228 1368 4300 sidera,
1402 4228 1432 4284 in
1456 4224 1540 4284 sedes
1562 4228 1711 4281 maternae

347 4326 543 4391 paternaere
566 4329 707 4387 geneseos
729 4324 782 4373 ant
803 4316 832 4372 in
855 4313 1101 4389 configurationes
1117 4316 1235 4379 easdem
1254 4332 1380 4384 reversa,
1394 4312 1561 4377 admonent
1580 4310 1711 4367 animam

345 4405 401 4463 sui
437 4401 532 4475 ipsius
559 4399 864 4475 suique.eharaeteris
897 4403 1042 4462 coelestis.
1092 4400 1169 4463 Vide
1201 4403 1250 4461 lib.
1282 4403 1319 4465 dc
1348 4401 1442 4464 Stella
1469 4398 1555 4458 Nova
1583 4395 1635 4453 fol.
1659 4396 1710 4453 43.

345 4488 398 4553 (ιι.
422 4483 502 4547 oica
1038 4550 1042 4561 .

449 4571 630 4649 9111111111)11
659 4592 716 4649 non
740 4585 854 4637 tantum
878 4594 963 4637 veros
994 4578 1134 4635 censitus
1158 4576 1340 4653 planetarum
1368 4590 1419 4649 per
1440 4571 1506 4629 loca
1531 4568 1624 4626 nativi
1646 4566 1728 4626 the-·

345 4665 446 4723 matis
469 4661 546 4719 haec
568 4662 693 4721 facultas
716 4666 872 4738 observat,
905 4663 957 4724 sed
980 4668 1071 4723 etiam
1091 4665 1293 4722 successiones
1315 4661 1440 4737 partium
1464 4655 1553 4727 coeli,
1581 4669 1659 4727 qnae
1683 4657 1712 4711 ιιι

343 4751 459 4829 gent-'Sl
493 4746 627 4824 planetas
659 4749 824 4825 habebant,
857 4754 886 4811 in
907 4752 974 4811 loca
996 4753 1155 4827 praecipua
1184 4750 1359 4809 thematum.
1391 4762 1467 4820 quae
1496 4743 1712 4803 constituuntur

347 4839 474 4898 exactis
508 4853 527 4891 a
549 4847 634 4911 partu
658 4836 763 4897 diebus
793 4842 929 4914 integris,
955 4836 1368 4913 -proportioncmobservans
1391 4832 1447 4889 diei
1480 4830 1517 4889 ad
1541 4842 1647 4889 annum
1669 4828 1714 4905 (nt

345 4926 443 5001 cnjus
469 4931 594 4997 utraqno
617 4926 763 4986 revolutio
778 4926 887 4989 Terrae
909 4924 1104 5002 aCopernico
1128 4919 1274 4997 tribuitur)
1297 4936 1391 4995 eaque
1414 4920 1602 4997 proportione
1625 4932 1714 4995 opera

344 5033 410 5073 sna
437 5028 491 5087 per
514 5018 605 5067 totam
630 5012 721 5071 vitam
736 5014 862 5077 bominis
879 5013 1037 5090 dispenset,
1056 5020 1093 5068 nt
1109 5018 1220 5085 quanto
1244 5008 1358 5082 longior
1371 5014 1417 5065 est
1439 5022 1532 5065 annus
1548 5004 1608 5082 die,
1630 5010 1712 5063 tanto

346 5100 473 5161 tardius
497 5097 617 5159 effectus
640 5116 725 5163 sunm
749 5105 777 5159 in
802 5102 960 5162 directione
983 5100 1099 5177 signum
1121 5105 1276 5175 sequatur,
1308 5112 1396 5171 qnam
1418 5097 1534 5171 signum
1562 5093 1593 5149 iu
1619 5090 1712 5153 direc-
