4467 6192
956 664 1097 741 Apologia
1637 678 1701 741 433

343 850 419 911 haec
445 854 522 911 enim
547 848 693 912 caloribus
716 851 912 911 subterraneis
935 853 1096 924 concitatis,
1120 850 1189 909 foris
1212 852 1300 909 etiam
1324 850 1426 926 adjuta
1444 850 1522 911 Solis
1545 851 1702 934 caloribus,

345 938 486 999 humores
517 940 721 999 subterraneos
750 941 778 996 in
807 954 946 1017 saporem
976 945 1124 1012 attenuat,
1162 952 1229 999 eum
1258 941 1287 995 in
1316 938 1449 1013 modum,
1484 957 1542 1015 quo
1573 941 1700 1001 hominis

344 1029 444 1086 anima
475 1026 598 1086 sudores
627 1025 714 1084 simul
745 1033 774 1085 et
803 1026 1029 1102 evaporationes
1061 1028 1133 1099 ciet,
1165 1027 1279 1084 irritata
1312 1025 1509 1086 mithridatico
1536 1037 1588 1087 aut
1619 1038 1702 1089 motu

345 1114 484 1191 corporis'
507 1122 691 1175 exaestuans.
737 1112 806 1172 Jam
842 1114 1000 1191 vaporibus
1032 1112 1238 1173 exhalantibus
1265 1113 1373 1190 reliqui
1402 1122 1513 1187 motus,
1546 1118 1701 1192 gravitatis

275 1190 281 1206 ⁴
344 1211 373 1260 et
396 1203 539 1275 levitatis,
564 1200 668 1261 caloris
691 1210 720 1259 et
742 1201 866 1277 frigoris,
891 1201 1044 1259 densitatis
1068 1208 1097 1260 et
1119 1202 1264 1274 raritatis,
1292 1203 1447 1260 momentis
1470 1209 1546 1261 ultro
1562 1222 1701 1280 ‘sequun-

268 1360 272 1369 ‚
343 1296 401 1351 tur.
450 1288 510 1371 Sed
533 1296 736 1365 argumentum
760 1292 847 1347 etiam
872 1288 1026 1347 audiamus
1049 1304 1149 1360 unum,
1171 1288 1313 1347 hactenus
1330 1291 1406 1347 enim
1429 1306 1523 1349 meras
1542 1295 1701 1353 sententias

346 1376 537 1453 loquebaris:
562 1381 586 1434 si
605 1379 717 1435 ¹anima
730 1375 838 1436 Terrae
862 1383 1050 1454 tempestates
1074 1378 1104 1433 in
1128 1380 1195 1435 ae're
1211 1379 1347 1448 concitat,
1371 1392 1479 1454 corpas
1494 1379 1589 1451 igitar
1610 1388 1701 1439 suam

342 1468 412 1541 ipso
442 1464 567 1523 destruit
595 1470 622 1521 et
653 1464 807 1522 dilacerat.
852 1462 983 1522 Haecine
1012 1464 1080 1535 tibi,
1110 1462 1256 1536 Roberte,
1281 1464 1463 1522 absurdum?
1495 1473 1700 1544 et'nunquam

344 1560 430 1609 tuam
454 1554 517 1627 ipse
541 1546 679 1627 linguam
702 1568 797 1611 errore
820 1553 1029 1629 praecipitatos
1053 1552 1250 1625 momordisti,
1284 1567 1435 1627 nunquam
1458 1550 1555 1610 sulcos
1580 1554 1620 1629 ¹l¹‘
1635 1564 1701 1614 cute

342 1640 431 1715 egisti
450 1628 629 1713 ¹anguibus‘l
674 1638 719 1696 An
743 1639 817 1699 forte
840 1655 897 1697 non
921 1646 972 1696 tua
994 1638 1051 1696 hoc
1074 1640 1218 1715 praestitit
1241 1640 1353 1712 anima,
1387 1639 1438 1698 sed
1462 1638 1564 1698 dentes
1592 1650 1621 1700 ct
1643 1658 1701 1698 un-

342 1744 419 1803 gues
444 1728 565 1785 seorsim
588 1728 626 1785 ab
650 1726 771 1784 anima?
815 1726 926 1785 Verum
950 1733 981 1783 tu
1006 1724 1044 1783 ad
1067 1728 1229 1785 sententias
1252 1729 1419 1784 reverteris:
1443 1729 1552 1785 animo
1567 1731 1702 1786 unive-

340 1815 416 1871 ralis
438 1814 548 1872 mundi
569 1822 621 1886 cst,
645 1814 726 1872 unde
748 1821 939 1891 tempestates,
962 1819 1093 1871 cometae
1115 1820 1166 1872 etc
1187 1813 1365 1888 procedunt.
1412 1814 1457 1872 De
1484 1816 1699 1873 cometis'nibll

344 1900 509 1977 obloquor,
539 1917 596 1959 non
621 1904 697 1958 enim
721 1918 771 1960 eos
797 1920 831 1959 er
854 1900 945 1959 Terra
966 1902 1122 1976 minusque
1155 1918 1189 1959 ex
1213 1904 1280 1959 aifre
1301 1909 1402 1959 nostro
1436 1903 1502 1959 oriri
1525 1910 1613 1977 puto,
1649 1914 1701 1974 aut

346 1996 425 2047 certe
455 1990 658 2063 paucissimos.
704 1988 749 2047 De
783 1988 1005 2064 tempestatibus
1036 1987 1108 2047 cedo
1139 1990 1267 2047 rationes
1298 1997 1349 2046 aut
1378 1988 1468 2048 fatere
1499 1989 1571 2047 nihil
1595 1990 1648 2049 abs
1672 1998 1700 2049 te

343 2074 458 2134 dictum
481 2093 554 2134 esse.
595 2068 660 2149 Est,
684 2077 789 2152 inquis,
814 2081 864 2134 ae'r
886 2077 1051 2152 passivum,
1083 2074 1163 2134 illius
1186 2077 1302 2134 animae
1323 2074 1423 2133 mundi
1446 2078 1595 2155 proprium
1617 2076 1700 2155 ejus-

290 2194 295 2201 ·
345 2180 405 2239 que
446 2163 611 2221 actionibus
644 2167 739 2238 magis
780 2171 891 2239 aptum.
948 2160 1051 2237 Quid‘l
1089 2164 1115 2221 si
1146 2162 1182 2221 de
1216 2161 1324 2221 Terrae
1358 2164 1459 2221 anima·
1486 2162 1611 2223 dicerem
1643 2181 1702 2241 ego

344 2250 444 2323 idem,
468 2246 653 2309 verisimilior
676 2249 811 2326 equidem
834 2250 907 2309 haec
930 2257 1008 2310 esset
1030 2246 1213 2308 familiaritas
1237 2252 1312 2308 inter
1333 2251 1463 2324 viciuos,
1487 2254 1562 2310 inter
1585 2269 1698 2328 aequa·

267 2388 275 2401 ,
313 2350 316 2362 ·
344 2336 399 2411 les,
425 2354 513 2413 qnam
544 2346 578 2396 ut
600 2344 712 2396 tantum
736 2340 845 2419 negotii
877 2340 916 2395 sit
941 2335 982 2394 illi
1013 2337 1113 2395 mundi
1145 2336 1317 2413 amplissimi
1351 2340 1465 2397 animae
1496 2341 1525 2396 in
1548 2339 1593 2397 bis
1624 2341 1699 2399 alitis

266 2436 270 2445 ·
343 2427 438 2483 nostri
463 2427 621 2501 angustiis,
655 2432 691 2483 at
713 2426 833 2503 offatim
856 2426 911 2484 illo
939 2427 972 2482 in
993 2423 1039 2481 his
1060 2432 1145 2483 nata
1165 2431 1194 2483 ct
1215 2431 1295 2501 opat.
1341 2424 1450 2484 Vemm
1479 2433 1508 2483 et
1535 2426 1591 2485 hoc
1613 2428 1699 2502 nego,

343 2514 491 2589 aptiorem
520 2530 583 2571 esse
612 2516 714 2571 -a'e'rem
742 2511 935 2590 suscipiendis
958 2512 1073 2571 animae
1095 2512 1203 2570 Terrae
1231 2512 1411 2585 actionibus,
1445 2530 1533 2589 quam
1559 2514 1698 2573 humores

344 2601 478 2676 corporis
501 2600 617 2659 Terrae.
664 2597 740 2675 Quid
764 2599 904 2676 quaeris?
933 2602 983 2658 aar
1006 2606 1088 2657 extra
1111 2606 1164 2671 est,
1187 2598 1291 2657 humor
1310 2599 1399 2672 intus,
1424 2601 1453 2657 in
1476 2600 1596 2661 humore
1620 2603 1700 2661 calor

343 2688 382 2747 ab
407 2689 507 2745 anima
530 2689 692 2745 concitatus
715 2690 826 2746 invenit
849 2685 927 2763 quod
950 2694 1035 2762 agat,
1058 2690 1110 2746 s'e'r
1128 2686 1190 2762 jam
1213 2694 1381 2745 attenuatus
1405 2689 1464 2745 rim
1487 2688 1566 2748 illius
1589 2692 1696 2751 erasit.

343 2774 395 2835 Sic
418 2776 481 2857 igni
504 2776 581 2833 actio
605 2781 650 2832 est
673 2777 702 2832 in
724 2774 851 2849 liguum,
876 2776 904 2830 in
929 2774 1053 2832 cinerem
1075 2788 1134 2831 non
1158 2782 1210 2833 est.
1353 2780 1356 2784 ’

434 2860 532 2919 Velim
555 2865 644 2920 etiam
666 2865 753 2937 scire,
778 2862 924 2938 quodnam
948 2859 1018 2918 illud
1042 2864 1080 2918 sit
1101 2862 1198 2918 ornile
1219 2864 1342 2919 animae
1363 2861 1550 2934 mandanae,
1582 2862 1700 2937 quoda
1810 2887 1813 2894 ¹

342 2952 432 3008 coelis
458 2949 641 3025 quandoque
664 2950 801 3025 impluit,
826 2948 903 3025 quod
927 2965 985 3011 non
1008 2951 1046 3005 stt
1062 2947 1254 3023 configuratio
1272 2948 1449 3022 harmonica,
1475 2957 1508 3006 ut
1523 2966 1579 3023 ego
1597 2949 1698 3022 doceo,
1728 3018 1731 3027 Ι

341 3037 395 3095 sed
429 3037 512 3112 quod
532 3036 711 3113 fortificatus·
742 3038 780 3095 oh
809 3036 886 3115 illo?
922 3033 1018 3094 Velim
1042 3038 1131 3107 scire,
1167 3035 1237 3111 quid
1265 3037 1395 3094 conferat
1424 3035 1576 3098 enhalotio
1597 3044 1699 3095 terrm

341 3126 519 3198 magnetica
541 3123 584 3181 od
604 3124 826 3201 susdpirndum
849 3125 999 3198 spiritum,
1025 3121 1054 3180 id
1077 3130 1121 3181 est
1144 3123 1266 3191 adrem?
1312 3123 1395 3181 Anne
1418 3124 1474 3181 hoc
1497 3125 1552 3195 vis,
1579 3121 1698 3182 Terram

342 3212 497 3269 exhauriri
519 3210 704 3271 exhalatione
728 3210 780 3269 illa
803 3226 896 3287 eoque
919 3212 1065 3273 sitientem
1088 3226 1151 3268 sese
1168 3217 1301 3269 'athactn
1328 3212 1404 3269 aeris
1425 3208 1566 3269 reficere?
1609 3209 1699 3287 Mag-

341 3300 443 3357 nerica
464 3298 624 3371 exhalatio,
643 3298 785 3373 Roberte,
816 3315 872 3356 uon
904 3305 948 3357 est
970 3297 1146 3369 materialis,
1178 3296 1230 3355 aed
1253 3297 1437 3374 potentialis;
1468 3306 1513 3356 cst
1537 3300 1614 3357 enlm
1636 3298 1699 3356 for-

341 3385 431 3445 malis
456 3388 582 3462 corporis
605 3387 737 3461 potentia
760 3384 888 3463 aspirare
912 3384 949 3443 ad
973 3387 1109 3444 unionem
1141 3402 1206 3443 cum
1230 3386 1285 3443 sibi
1306 3384 1410 3444 simili.
1455 3382 1567 3459 Quodsi
1591 3384 1698 3445 Terrae

340 3472 380 3532 ad
405 3476 613 3549 generationes
637 3490 710 3549 opus
734 3476 877 3546 estsere,
900 3471 1016 3532 facilius
1038 3472 1086 3532 hie
1109 3470 1152 3530 illi
1174 3472 1409 3549 suppeditabitur
1431 3468 1579 3546 abintus,
1603 3471 1698 3533 calore

342 3562 514 3619 extenuatis
537 3560 717 3620 humoribus.
777 3576 778 3579 ’
1213 3564 1220 3577 “
1394 3618 1398 3627 .

260 3638 261 3643 ’
435 3646 551 3706 Crebris
574 3666 592 3706 a
615 3656 643 3706 te
666 3648 826 3721 sententiis,
850 3646 987 3719 Roberte,
1011 3644 1149 3705 dissideo.
1195 3645 1353 3705 Problema
1371 3646 1549 3723 jucundum,
1573 3663 1624 3705 cur
1645 3665 1700 3706 su-

344 3734 418 3793 dent
442 3746 587 3793 marmora
604 3734 712 3811 pluviis
733 3732 959 3809 ingruentibus?
1003 3733 1048 3791 Tu
1072 3733 1239 3810 respondes,
1263 3737 1360 3793 aiirem
1379 3735 1442 3810 jam
1461 3735 1629 3793 humectum
1652 3736 1698 3791 in-

341 3820 429 3899 gredi
453 3821 601 3899 salemque
630 3824 780 3880 marmoris
803 3821 957 3881 resolvere.
1002 3819 1140 3879 Pondere
1162 3836 1231 3895 ergo
1253 3838 1378 3881 marmor
1411 3831 1440 3881 et
1462 3824 1552 3895 refer,
1585 3830 1696 3897 quanto

342 3910 373 3967 id
399 3911 439 3967 sit
462 3910 569 3967 factum
592 3910 696 3983 levius,
721 3912 880 3971 sitantum
903 3908 973 3967 salis
995 3907 1082 3965 toras
1096 3909 1183 3965 misit.
1229 3908 1293 3983 Ego
1308 3908 1426 3984 quidem
1450 3925 1544 3985 spero,
1567 3926 1614 3967 mc
1636 3908 1698 3967 lec-

341 3998 401 4056 tori
426 3996 642 4055 satisfacturum
664 3996 777 4055 mellus.
822 3996 888 4055 Non
912 3996 1007 4054 solum
1031 4012 1166 4063 marmor,
1189 4011 1247 4057 nou
1270 4011 1384 4073 semper
1404 3996 1461 4055 hoc
1482 4003 1620 4072 praestat,
1645 3994 1697 4054 sed

341 4092 415 4143 tunc
439 4092 567 4158 tantum,
599 4084 887 4161 quando'friguset
908 4085 1049 4141 marmori·
1073 4090 1102 4141 et
1125 4081 1223 4140 densis
1252 4084 1387 4141 omnibus
1415 4085 1574 4160 impactum
1596 4082 1698 4142 haeret

340 4175 495 4243 tenacius,
527 4179 595 4231 tunc
619 4173 716 4231 subito
740 4172 947 4250 superveniens
972 4186 1064 4243 vapor
1085 4169 1239 4229 humectus
1271 4177 1299 4228 et
1330 4168 1445 4247 tepidus
1467 4168 1624 4229 resolvitur
1645 4166 1698 4229 oc-

341 4276 433 4318 cursu
465 4259 561 4335 frigidi
593 4260 753 4335 inaquam
776 4258 973 4335 adhaerelque
1005 4258 1168 4334 superficiei
1197 4258 1357 4316 marmoris.
1402 4258 1477 4317 Nam
1508 4256 1607 4333 tepida
1630 4262 1699 4314 sunt
1788 4311 1795 4323 ,

342 4353 373 4406 et
398 4364 484 4425 rara,
517 4364 593 4423 quse
616 4346 711 4423 frigidi
736 4362 857 4406 occursu
881 4346 1059 4405 condensata
1088 4345 1185 4404 locum
1209 4348 1328 4421 capiunt
1350 4348 1564 4421 augustiorem,
1598 4345 1697 4419 itaque

339 4434 463 4510 tepidae
487 4442 585 4511 partes
609 4436 721 4498 vicinae
744 4434 917 4507 succedunt,
951 4452 988 4492 ne
1012 4433 1095 4492 detur
1116 4450 1252 4493 vacuum.
1298 4432 1344 4491 Ita
1373 4432 1406 4490 fit
1434 4439 1467 4491 at
1499 4435 1549 4491 adr
1581 4430 1697 4508 tepidus

339 4522 455 4580 feratur
477 4522 515 4582 ad
537 4538 670 4581 marmor.
694 4522 780 4581 *Non
803 4523 908 4600 prohat
930 4522 1017 4598 igitur
1038 4520 1095 4580 hoo
1117 4521 1297 4597 exemplum,
1329 4524 1425 4578 a‘efrem
1455 4521 1484 4577 in
1507 4517 1629 4576 Terram
1649 4519 1715 4585 in-⁸

339 4607 427 4685 gredi
453 4650 461 4681 ,
484 4612 510 4667 si
533 4608 602 4669 loris
626 4609 775 4671 adhaeret.
822 4608 910 4667 Aliud
934 4615 1135 4683 argumentum
1160 4608 1241 4667 ducis
1271 4626 1290 4666 a
1311 4606 1455 4683 pluviosis
1478 4607 1697 4664 constitutioni-

340 4698 400 4756 bus
424 4704 569 4773 potasque
592 4694 768 4756 defecturam
791 4700 878 4755 maris
902 4699 1025 4775 copiam,
1050 4697 1075 4753 sl
1097 4696 1165 4753 inde
1187 4696 1310 4754 materia
1332 4702 1362 4752 et
1377 4710 1434 4750 non
1451 4693 1488 4752 ab
1504 4696 1580 4752 aire.
1617 4693 1695 4753 Poto

339 4801 401 4861 ego
427 4792 536 4857 contra,
561 4782 738 4843 defecturam
761 4786 836 4843 aeris
860 4786 973 4860 copiam
996 4782 1088 4840 multo
1112 4783 1207 4840 citlna.
1253 4779 1301 4840 Sic
1324 4782 1400 4839 enlm
1428 4780 1458 4837 in
1483 4776 1597 4857 Opticls
1626 4780 1696 4840 olim

340 4878 371 4931 et
396 4888 467 4931 vere
490 4874 605 4948 scripsi,
629 4871 695 4948 plus
719 4890 784 4932 esse
806 4874 945 4929 materiae
968 4871 997 4927 iu
1021 4870 1107 4927 urtica
1129 4876 1214 4943 gutta
1234 4884 1345 4943 aquae,
1370 4881 1458 4943 qaam
1480 4870 1510 4927 in
1533 4869 1609 4928 alitis
1632 4886 1697 4927 am·

339 4958 478 5036 piissimo
501 4961 617 5035 spatio,
651 4959 729 5035 quod
758 4956 869 5017 scilicet
898 4955 1018 5032 impleat
1041 4954 1181 5014 conclave
1211 4961 1314 5014 totum.
1362 4954 1454 5031 Igitur
1473 4956 1614 5032 malorem
1637 4972 1694 5035 ego

341 5059 499 5113 assensum
522 5063 618 5123 spera·
641 5050 690 5123 qui
713 5046 830 5123 pluvias
852 5060 910 5102 non
934 5060 969 5104 cx
993 5044 1067 5102 atiris
1084 5043 1203 5119 externi,
1226 5052 1259 5100 nt
1282 5050 1323 5114 tu,
1347 5040 1399 5102 s'ed
1415 5060 1450 5102 er
1464 5049 1583 5122 vaporis
1598 5040 1696 5104 adhuc
1797 5072 1801 5083 ·

341 5135 507 5195 amatrice
529 5144 584 5193 stra
606 5135 795 5196 subterranea
822 5133 947 5210 tepentis
976 5128 1205 5191 conuersatione
1227 5144 1344 5206 genero.
1390 5130 1461 5191 Erat
1484 5134 1560 5192 enirn
1590 5130 1696 5193 humor

395 5243 493 5299 teplarl
506 5243 582 5297 opor·
594 5242 623 5288 V.
1490 5237 1531 5297 28
