4467 6192
862 653 945 711 Liber
961 652 1010 709 111.
1030 654 1119 725 Caput
1135 654 1209 712 vlu.
1647 658 1710 720 361

357 827 532 898 expressisse
556 828 642 897 magis
667 828 832 897 emphatice,
860 844 923 883 cum
948 828 997 885 ait:
1029 844 1157 886 numeros
1175 830 1282 886 animae
1300 828 1452 885 mundanae
1477 828 1586 898 penitas
1611 826 1712 887 inditos

356 924 472 964 causam
493 910 625 979 praebere
643 915 671 962 et
684 908 812 963 mundani
830 916 920 963 motus
939 916 967 963 et
985 909 1104 963 musicae
1122 908 1312 965 continentiae.
1348 908 1416 963 Item
1440 905 1505 963 alibi
1523 906 1591 962 baec
1607 908 1636 962 in
1653 923 1712 962 cor·

357 1001 428 1055 pore
447 986 540 1041 mnndi
558 982 702 1041 intervalla
720 1001 782 1041 esse
805 985 840 1041 nd
858 986 1005 1056 imaginem
1023 988 1206 1044 contextionis
1223 988 1342 1056 animae;
1361 987 1432 1056 quod
1446 993 1536 1041 aman
1553 986 1640 1055 magis
1652 1002 1712 1055 par·

356 1066 428 1121 tinet
445 1067 482 1121 ad
501 1082 559 1136 cap.
580 1066 622 1121 14.
868 1097 873 1105 ·

446 1145 520 1199 Nota
538 1146 584 1199 IX.
621 1144 714 1199 Etiam
737 1144 903 1200 insecundo
927 1143 980 1201 hoc
997 1151 1157 1213 argumento
1180 1143 1329 1203 condensat
1348 1144 1501 1215 emphases.
1535 1144 1605 1201 Nam
1624 1152 1651 1200 et
1670 1159 1712 1199 or·

355 1222 452 1277 fflnata
476 1222 638 1291 regularitas
662 1222 790 1291 utrinqne
813 1223 965 1295 inculcatur
989 1224 1089 1293 obiter,
1118 1235 1146 1281 et
1168 1224 1307 1279 circularia
1325 1225 1458 1280 connexio
1482 1223 1595 1293 prolixe.
1631 1221 1712 1291 Dicit,

305 1314 307 1317 ·
355 1300 430 1354 sicin
448 1302 582 1356 motiones
601 1299 735 1357 coelestes
754 1301 905 1369 (zodiacum
923 1312 1014 1359 autem
1032 1305 1179 1368 circulum,
1203 1305 1255 1358 sub
1273 1320 1328 1371 quo
1344 1303 1408 1357 illae
1424 1300 1563 1370 incedunt,
1579 1300 1711 1357 subintel·

355 1377 460 1446 tellige)
478 1378 507 1433 in
526 1394 555 1433 se
572 1378 647 1449 ipsas
665 1377 783 1433 reflexae
801 1381 864 1449 sint,
883 1382 921 1437 sic
934 1382 1016 1437 otiam
1030 1384 1058 1437 iu
1069 1389 1215 1451 systemate
1226 1383 1349 1453 perfecto
1363 1396 1493 1438 sonoram
1506 1381 1628 1437 ordinem
1645 1396 1711 1449 qno·

355 1455 502 1513 dammodo
520 1458 548 1512 in
566 1473 600 1527 se¹
614 1458 703 1527 ipsum
720 1457 816 1527 redire,
836 1476 890 1515 non
908 1470 997 1517 minen
1011 1462 1172 1519 omnimode.

447 1538 519 1592 Nota
536 1538 570 1593 X.
606 1539 676 1593 Nam
694 1537 805 1608 planeta
824 1537 932 1606 quidem
957 1556 1085 1596 emensus
1110 1548 1198 1596 totum
1225 1539 1331 1597 zodiaci
1354 1540 1470 1609 spatium
1498 1540 1570 1596 redit
1593 1540 1622 1595 iu
1644 1537 1712 1596 illud

355 1612 450 1685 ipsum
468 1623 608 1686 punctum,
627 1616 678 1672 sub
697 1633 750 1687 qno
769 1618 931 1675 constiterat
947 1618 1032 1689 initio,
1052 1622 1080 1675 et
1097 1620 1197 1689 inipso
1210 1616 1322 1675 zodiaco
1339 1618 1445 1674 inidnm
1463 1625 1490 1673 et
1503 1618 1564 1673 linis
1578 1625 1642 1686 sunt
1654 1617 1712 1673 uni·

355 1708 421 1746 cum
439 1700 467 1748 et
485 1694 566 1764 plane
583 1696 730 1751 identicum
749 1701 895 1767 punctum
916 1705 944 1753 at
961 1699 989 1755 in
1006 1698 1081 1768 lyrae
1099 1698 1174 1758 souis
1192 1713 1280 1767 neque
1298 1699 1358 1753 loco
1380 1713 1469 1767 neque
1487 1705 1623 1767 potestate
1642 1698 1712 1751 idem

355 1772 442 1843 plane
462 1783 506 1831 est
522 1776 629 1831 initium
647 1793 709 1831 cum
727 1775 789 1831 fine.
826 1776 949 1833 Chordae
967 1779 1038 1833 enim
1056 1777 1204 1848 parallelae
1222 1779 1296 1833 inter
1308 1793 1338 1832 se
1355 1783 1450 1832 tensae
1468 1784 1533 1831 snnt
1545 1776 1639 1832 ordine
1652 1791 1711 1840 auo,

354 1868 372 1905 a
390 1851 512 1909 sinistris
530 1854 565 1908 ad
584 1854 697 1910 dextras
716 1854 836 1911 velutin
853 1856 952 1911 lineam
969 1864 1071 1912 rectam
1084 1857 1258 1925 procedente,
1276 1855 1323 1910 nbi
1334 1854 1491 1925 longissime
1512 1854 1710 1910 distatinitium

356 1946 375 1985 a
394 1930 460 1987 fine.
498 1932 593 1989 Ordini
609 1932 742 1989 linearum
759 1942 911 1991 erectarum
930 1935 1027 1991 tribuit
1044 1934 1145 1991 lineam
1162 1934 1246 1991 veluti
1263 1941 1374 2000 rectem,
1396 1934 1460 2003 qnia
1476 1932 1620 1989 intervalla
1636 1932 1711 1987 bina·

355 2026 419 2064 rum
438 2019 467 2065 et
483 2011 607 2067 binarum
624 2012 762 2069 dimetitur
779 2014 872 2083 aliqua
889 2024 975 2082 recta,
999 2031 1096 2071 secans
1115 2014 1176 2069 illas
1198 2010 1466 2082 perpendiculariter.
1501 2009 1606 2065 Eodem
1630 2004 1711 2066 modo

356 2098 386 2142 et
408 2091 515 2145 ratione
537 2094 695 2162 potestatis,
721 2094 829 2161 quando
855 2094 951 2169 incipit
975 2093 1109 2163 plectrum
1132 2108 1150 2147 a
1173 2108 1240 2147 sono
1264 2089 1423 2160 gravissimo
1446 2088 1597 2159 procedens
1615 2104 1710 2145 versus

357 2167 507 2239 acutiores,
526 2186 582 2225 uon
600 2170 671 2227 redit
688 2171 733 2226 ille
752 2172 846 2227 ordine
864 2170 899 2227 ad
917 2171 1061 2241 pristinam
1079 2169 1276 2240 pessumum,
1295 2169 1344 2223 sed
1357 2168 1486 2223 continuo
1498 2166 1586 2223 tendit
1603 2167 1639 2224 ad
1650 2183 1712 2223 acn-

280 2310 286 2323 υ
356 2244 510 2314 tiores,·et
530 2248 558 2303 in
580 2247 634 2303 fine
660 2251 814 2317 systematis
838 2249 961 2319 pervenit
987 2250 1021 2305 ad
1045 2251 1166 2305 omnium
1190 2249 1383 2305 acutissimum
1425 2248 1503 2303 Hanc
1528 2246 1712 2303 diversitatem
1818 2304 1825 2319 ,

356 2324 531 2381 musicalium
549 2344 566 2383 a
583 2328 748 2383 coelestibus
766 2329 869 2385 latetur
885 2328 1066 2399 Ptolemaeus,
1094 2330 1147 2385 hoc
1165 2336 1255 2384 tamen
1273 2345 1328 2383 non
1347 2329 1474 2383 obstante
1496 2326 1577 2382 alium
1595 2326 1713 2397 aliquem

356 2412 516 2471 respectum
533 2404 684 2461 identitatis
701 2406 817 2476 invenit,
844 2423 924 2475 quem
942 2416 1083 2477 comparat
1101 2424 1164 2463 cnm
1182 2407 1323 2462 identitate
1340 2404 1466 2477 principii
1491 2412 1519 2461 et
1536 2405 1598 2461 linis
1616 2404 1645 2461 in
1662 2405 1712 2462 cir·

357 2480 430 2535 cnlis
449 2489 478 2536 et
496 2484 659 2539 motionibus
678 2485 851 2544 coelestibus.

449 2560 523 2617 Nota
539 2563 587 2617 xl.
623 2564 651 2619 Is
670 2580 734 2619 vero
752 2574 893 2635 respectus
915 2580 970 2621 non
989 2572 1032 2620 est
1046 2564 1133 2635 ipsius
1151 2578 1201 2633 per
1219 2578 1250 2618 se
1271 2563 1403 2619 acuminis
1426 2562 1614 2633 etgravitatis
1633 2577 1711 2618 sono·

354 2652 417 2691 rum
437 2639 500 2707 (etsi
517 2643 598 2699 etiam
616 2643 668 2698 bae
687 2651 752 2700 sunt
769 2644 937 2701 differentiae
955 2643 1088 2713 quaedam
1107 2641 1248 2713 generales
1266 2641 1427 2697 facultatum
1444 2641 1582 2709 insonis),
1604 2640 1654 2696 sed
1672 2641 1715 2695 est

354 2718 446 2787 primo
465 2721 633 2789 specialioris
656 2724 771 2795 alicujus
790 2740 918 2781 sonorum
936 2722 1090 2791 facultatis,
1117 2725 1249 2791 quaeest
1271 2735 1399 2775 sonorum
1421 2736 1456 2773 ex
1474 2720 1601 2789 opposito
1619 2717 1716 2773 identi-

356 2812 467 2865 corum,
492 2814 556 2868 seu,
581 2809 612 2856 nt
630 2802 716 2859 nostri
735 2803 830 2859 musici
848 2800 1002 2873 appellant,
1026 2801 1159 2869 diapasoa
1176 2798 1345 2866 iacientium
1372 2795 1492 2853 secundo
1511 2805 1554 2851 εει
1571 2804 1713 2866 respectus

356 2874 441 2929 ctiam
459 2887 570 2939 mutuae
588 2883 755 2939 habitudinis
774 2898 910 2952 sonorum,
929 2896 1000 2951 quae
1018 2881 1130 2949 propria
1148 2887 1191 2934 est
1206 2878 1260 2933 illia
1274 2878 1348 2932 sonia
1361 2876 1514 2944 quindecim
1526 2874 1554 2929 in
1565 2882 1713 2943 systemata

358 2952 493 3019 Perfecto.
528 2958 598 3025 liam
617 2962 681 3029 quia
698 2962 871 3020 Ptolemaeus
890 2960 987 3017 statuit
1001 2968 1105 3028 septem
1118 2958 1223 3027 species
1236 2956 1377 3025 diapason,
1395 2952 1458 3008 illae
1469 2953 1497 3007 in
1510 2969 1564 3007 ano
1578 2961 1605 3008 et
1617 2953 1712 3009 eodem

357 3030 478 3101 simplici
496 3045 642 3106 systemate
660 3040 740 3097 unius
759 3040 891 3111 diapason
909 3057 965 3097 nou
981 3045 1099 3113 possunt
1117 3035 1233 3106 ostendi,
1252 3035 1304 3089 nisi
1317 3033 1432 3089 subinde
1450 3032 1566 3089 chordas
1580 3032 1638 3101 ejus
1652 3043 1713 3088 octo

358 3110 468 3180 aliquas
494 3114 573 3171 aliter
597 3126 679 3185 atque
701 3118 780 3175 aliter
797 3120 907 3189 tendas3
930 3127 960 3175 at
983 3120 1006 3175 si
1030 3119 1082 3173 duo
1101 3117 1232 3187 diapason
1256 3120 1405 3182 systemata
1430 3130 1491 3169 cusu
1509 3111 1617 3166 chordis
1636 3110 1713 3179 quin·

253 3262 254 3279 ,
356 3190 448 3245 decim
467 3194 676 3267 conjungantur,
695 3196 738 3253 hic
753 3198 811 3265 jam
830 3215 923 3255 omnes
941 3200 1046 3270 speeies
1066 3198 1198 3267 diapason
1216 3193 1352 3262 designari
1363 3197 1487 3262 possunt
1525 3190 1593 3246 Vide
1606 3205 1640 3243 ex
1651 3203 1712 3242 meo

354 3268 426 3324 libro
446 3268 496 3325 111.
521 3288 579 3341 cap.
598 3277 638 3329 lb.
674 3277 749 3346 Ergo
767 3278 791 3331 si
809 3278 924 3332 maxime
944 3279 1002 3345 jam
1020 3275 1130 3331 tertium
1154 3274 1362 3342 acljunqerctur,
1385 3285 1441 3324 non
1464 3268 1528 3322 inde
1551 3266 1713 3324 elicerentur

355 3365 445 3403 novae
462 3350 570 3419 aliquae
588 3353 694 3422 species
711 3354 798 3424 ipsius
819 3356 959 3427 diapason,
979 3354 1027 3415 sed
1046 3353 1158 3410 eaedem
1176 3366 1283 3419 rursus,
1303 3364 1372 3416 quae
1390 3348 1493 3419 primae
1511 3352 1589 3401 erant
1606 3344 1635 3400 in
1651 3360 1712 3413 per·

354 3430 432 3485 fecto
451 3438 607 3501 systemate,
626 3434 813 3489 tantummodo
832 3433 882 3489 sub
901 3432 1067 3489 acutioribus
1086 3432 1161 3487 sonis
1179 3426 1399 3497 comprehensae.
1435 3426 1472 3481 Et
1490 3427 1530 3479 sic
1547 3423 1654 3493 gemina
1671 3441 1713 3480 ra·
1733 3467 1738 3481 ,

357 3510 435 3564 tione
453 3510 493 3579 fit,
513 3518 544 3563 ut
562 3511 644 3566 etiam
662 3512 690 3566 in
709 3520 856 3583 systemate
873 3514 995 3583 perlecto
1014 3530 1065 3567 vox
1085 3511 1111 3565 iu
1125 3508 1255 3565 circulum
1268 3506 1465 3576 quodammodo
1477 3505 1579 3573 redeat,
1596 3502 1713 3573 primum

354 3589 464 3642 ratione
482 3605 577 3645 vocum
591 3591 766 3661 singularum,
785 3591 849 3661 quia
866 3600 1011 3661 postquam
1025 3608 1041 3645 a
1056 3592 1080 3647 G
1098 3605 1191 3644 omnes
1204 3588 1338 3643 &versum
1357 3584 1422 3655 quid
1440 3589 1597 3652 sonuerunt,
1618 3589 1715 3638 ocmva

355 3668 468 3721 demum
485 3666 592 3736 pidem
610 3669 809 3737 quodammodo
829 3680 908 3726 sonat
926 3689 986 3729 cum
1007 3672 1045 3741 G,
1069 3671 1212 3727 etiterum
1237 3664 1408 3734 quindecima
1422 3680 1458 3735 pp
1481 3661 1553 3717 idem
1572 3676 1669 3735 cum'p
1686 3666 1713 3714 et

354 3762 419 3799 cum
440 3744 477 3815 G,
496 3745 594 3802 deinde
612 3750 718 3804 ratione
736 3748 816 3803 seriei
834 3765 930 3805 vocum
949 3757 1020 3817 octo,
1039 3764 1108 3817 quae
1128 3746 1223 3814 series,
1243 3744 1265 3799 si
1284 3743 1394 3798 altiores
1411 3741 1578 3797 adderentur
1595 3737 1713 3792 chordae

354 3824 500 3893 systemati
519 3826 652 3907 perfecto,
678 3829 773 3882 eadem
792 3827 906 3903 rediret;
932 3844 986 3897 quo
1005 3828 1112 3883 nomine
1131 3840 1225 3881 omnes
1243 3823 1349 3893 species
1368 3821 1499 3890 diapason
1516 3818 1551 3874 ab
1569 3816 1650 3871 unico
1669 3830 1711 3885 sy·

353 3910 474 3957 stemate
491 3903 614 3972 perlecto
633 3904 807 3960 determinari
835 3913 863 3960 et
879 3906 908 3960 iu
925 3905 992 3960 illud
1018 3903 1166 3974 constringi
1188 3911 1261 3959 recte
1279 3903 1414 3958 dicuntur.
1449 3900 1488 3954 Ει
1511 3906 1540 3954 ut
1563 3898 1591 3952 in
1609 3893 1711 3949 circulo

352 3979 415 4033 sola
433 3980 569 4049 positione
588 3983 668 4038 datur
685 3984 864 4054 principium,
888 4001 943 4041 uon
962 3985 1043 4039 etism
1062 3990 1172 4049 natura,
1195 3984 1234 4038 sic
1253 3984 1333 4037 etiarn
1350 3982 1383 4034 in
1401 3981 1454 4055 hoc
1479 3978 1602 4049 perfecto
1622 3981 1708 4043 syste

352 4068 429 4114 mate
446 4074 499 4114 nsu
518 4062 604 4130 venit,
627 4066 658 4117 ut'
680 4065 751 4119 inter
774 4064 880 4119 infinita
905 4064 1036 4133 diapason
1061 4062 1254 4131 unaquaelibet
1277 4062 1382 4117 illarum
1406 4058 1568 4117 chordarum
1593 4064 1712 4126 systema

351 4138 469 4207 incipiat
486 4154 573 4207 neque
591 4156 624 4194 ea
643 4149 747 4211 septem
774 4144 833 4211 ejus
854 4145 961 4214 species
980 4143 1112 4213 diapason
1133 4142 1210 4211 justa
1235 4141 1305 4197 serie
1323 4135 1437 4195 ordinet.
1473 4133 1511 4192 Et
1533 4134 1661 4204 amplius,
1687 4130 1711 4186 si

352 4216 461 4287 lubeat,
485 4218 590 4287 species
601 4220 657 4275 'illa
675 4221 822 4293 diapason,
846 4239 917 4295 quae
936 4222 1055 4278 tenditur
1074 4221 1107 4277 ab
1126 4217 1154 4276 A
1171 4220 1199 4274 iu
1217 4237 1243 4290 a,
1262 4225 1354 4290 potest
1372 4216 1453 4272 etiam
1471 4214 1555 4285 incipi
1573 4216 1607 4268 ah
1627 4231 1657 4283 a,
1683 4220 1711 4266 et

353 4297 469 4352 extendi
491 4314 542 4367 per
558 4298 634 4356 locos
653 4302 748 4357 ordine
766 4302 945 4359 succedentes
967 4304 1041 4358 ultra
1060 4318 1215 4372 supremam
1232 4297 1360 4356 chordam
1377 4314 1426 4368 pp,
1451 4293 1580 4363 quodque
1603 4289 1711 4345 excedit

351 4386 425 4441 (cum
445 4393 500 4431 nou
517 4385 680 4450 prorogetur
699 4387 819 4452 systema
836 4382 988 4451 perfectum
1008 4380 1141 4449 usquein
1159 4389 1204 4438 αα)
1222 4384 1314 4449 potest
1332 4376 1367 4430 ab
1383 4373 1463 4442 iufra,
1482 4372 1575 4427 aGin
1588 4370 1615 4424 A
1632 4368 1709 4437 addi,

351 4456 406 4509 erit
431 4458 502 4511 enim
521 4458 615 4514 eadem
633 4462 741 4530 species
762 4466 900 4532 potestate
922 4460 1140 4528 intervallorum,
1168 4458 1280 4529 perinde
1304 4469 1336 4508 sc
1358 4452 1382 4507 ai
1406 4465 1534 4521 suprema
1549 4468 1568 4520 p
1585 4444 1627 4502 vel
1646 4446 1710 4502 dex-

349 4534 420 4591 tima
437 4554 473 4609 pp
486 4536 583 4606 juncta
601 4548 675 4596 esset
693 4541 762 4597 imae
781 4540 824 4596 vel
842 4540 992 4596 sinistimus
1011 4540 1035 4595 G
1041 4582 1048 4603 ,
1067 4546 1098 4595 ut
1111 4540 1170 4607 jam
1187 4536 1320 4605 sequitur.

442 4632 515 4689 Nota
532 4636 592 4693 XII.
629 4638 741 4693 Zodiaci
762 4638 925 4708 principium
947 4644 991 4693 ast
1012 4643 1144 4707 punctum
1166 4618 1366 4699 aequinoctiale
1387 4641 1500 4681 sarnum
1526 4640 1575 4680 seu
1601 4624 1718 4681 initium·

350 4711 470 4785 Arietis,
495 4724 523 4773 et
545 4716 598 4773 hoc
623 4718 710 4773 nobis.
746 4718 785 4773 Aa
810 4716 870 4783 ejus
888 4714 949 4771 loco
973 4716 1001 4771 in
1026 4716 1102 4769 nouis
1114 4709 1335 4767 meridionalibua
1358 4714 1400 4763 eat
1417 4706 1580 4775 principium
1601 4704 1709 4764 Librae,

350 4795 431 4851 Haec
448 4803 553 4867 puncta
570 4796 623 4853 etai
645 4804 743 4853 natura
765 4802 887 4851 motuum
911 4800 1056 4863 monstrat,
1083 4799 1113 4848 at
1130 4806 1184 4845 non
1206 4804 1257 4858 pro
1273 4786 1434 4843 necessariis
1448 4784 1553 4841 zodiaci
1570 4782 1710 4858 principiis

350 4878 484 4943 obtrudit,
502 4889 649 4946 possemus
664 4877 736 4933 enim
754 4876 827 4931 illam
845 4874 925 4929 otiam
944 4872 1054 4929 aliunde
1071 4871 1206 4938 incipere,
1230 4867 1329 4921 bonam
1345 4866 1480 4936 rationem
1497 4863 1593 4921 secuti.
1629 4861 1710 4917 Valet

349 4956 436 5025 igitar
453 4956 507 5012 hoc
523 4956 631 5013 initium
649 4957 734 5026 thesi,
749 4956 798 5011 sic
815 4962 918 5021 umen,
944 4962 975 5009 ut
992 4954 1061 5009 haec
1078 4948 1178 5021 positio
1201 4962 1298 5005 masaa
1316 4943 1471 5015 prohabiles
1497 4951 1630 5001 snatara
1651 4956 1708 5033 mu-

349 5043 455 5109 tuetur.
493 5037 522 5091 si
540 5052 618 5107 erqo,
635 5036 740 5106 inquit,
762 5034 791 5089 in
809 5038 956 5102 systemate
972 5029 1097 5100 perlecto
1115 5042 1189 5083 meso
1207 5022 1367 5095 aeqnalibna
1383 5015 1533 5079 intervallis
1550 5029 1656 5113 mmota
1673 5028 1710 5077 art

351 5124 381 5177 et
397 5133 415 5173 s
432 5114 707 5187 proslambanomeno
725 5120 753 5169 et
769 5130 787 5169 a
804 5119 875 5182 nete,
894 5116 922 5167 et
939 5109 963 5167 si
981 5108 1099 5165 chonias
1116 5105 1244 5163 zodiacus
1261 5103 1290 5160 in
1306 5102 1417 5173 longum
1429 5109 1569 5175 ειιεεειιε,
1587 5108 1708 5159 amnone
