4467 6192
1061 662 1211 721 Ptolemaei
1228 662 1385 720 Harmonia.

1091 969 1233 1041 CAPUT
1261 958 1352 1041 viil

551 1111 724 1180 Quomodo
742 1114 953 1169 mutationes
970 1114 1004 1169 in
1023 1117 1338 1185 contemperatione
1356 1090 1559 1173 harmonica
1577 1124 1814 1188 comparentur
1827 1131 1888 1170 com

837 1200 1081 1271 dispositionis
1107 1206 1292 1260 animorum
1316 1204 1613 1260 mutationibssn)

642 1360 689 1421 Ad
712 1361 836 1423 eundem
859 1367 1091 1441 propemodum
1116 1374 1146 1426 et
1168 1369 1346 1426 mutationes
1369 1366 1406 1426 de
1427 1373 1499 1426 tono
1520 1369 1551 1425 in
1573 1374 1675 1426 tonum
1703 1367 1733 1422 in
1755 1372 1892 1443 system

556 1450 635 1511 tibus
659 1450 788 1511 conferre
816 1469 973 1527 possumus
1003 1471 1068 1514 cunr
1091 1456 1304 1515 mutationibus
1327 1453 1554 1530 dispositionum
1580 1456 1757 1526 animorum,
1789 1456 1817 1509 in
1839 1454 1894 1509 sita

556 1538 701 1598 communi
725 1541 937 1598 occurrentium
947 1538 1002 1615 ¹¹¹).
1049 1543 1124 1601 Nam
1146 1544 1222 1601 sicut
1238 1543 1287 1616 ibi,
1310 1544 1434 1601 servatis
1450 1541 1553 1601 iisdem
1568 1542 1733 1619 generibus,
1755 1539 1789 1599 dt
1804 1538 1894 1614 aliqua

555 1623 585 1683 ln
608 1633 695 1684 cantu
724 1629 915 1701 permutatio,
947 1646 982 1688 eo
1005 1618 1084 1705 quod
1113 1630 1186 1704 loci,
1218 1647 1270 1706 per
1291 1645 1367 1705 quos
1397 1629 1565 1689 adsciscunt
1594 1630 1653 1687 vim
1683 1638 1713 1688 et
1744 1626 1894 1687 efficaciam

556 1722 649 1787 susm,
673 1712 781 1772 diversi
803 1715 862 1772 sint
892 1723 921 1774 et
943 1718 1017 1776 serie
1041 1717 1168 1795 quadam
1190 1716 1364 1777 succedente
1386 1723 1540 1777 consuetas
1569 1716 1727 1775 sortiantur
1754 1722 1894 1793 permuta·

556 1795 720 1879 tionas1V),
744 1802 786 1860 sio
809 1803 896 1860 ctiam
920 1802 950 1860 ln
973 1806 1192 1877 mutationibus,
1219 1822 1292 1881 quas
1314 1806 1377 1864 vita
1399 1806 1560 1864 communis
1581 1805 1673 1878 affert,
1697 1803 1895 1880 dispositiones

558 1890 721 1946 animorum
743 1889 841 1965 specio
865 1886 968 1949 eadam
990 1892 1146 1953 flectuntur
1166 1909 1220 1952 seu
1243 1898 1451 1953 convertuntur
1466 1890 1684 1968 quodammodo
1705 1894 1734 1949 in
1750 1889 1897 1949 dissimiles

558 1974 721 2035 studiorum
750 1977 878 2037 rationes
901 1976 1089 2056 eroduntque
1118 1998 1178 2041 una
1207 1996 1274 2039 cum
1304 1980 1412 2041 formis
1435 1986 1531 2039 status
1561 1979 1671 2056 publici
1693 1974 1815 2059 (quales
1837 1976 1898 2034 illas

559 2064 687 2123 existunt
709 2062 915 2139 persingulas
937 2073 1098 2144 temporum
1122 2069 1292 2128 occasiones
1323 2066 1362 2125 ad
1385 2068 1612 2143 compositiones
1639 2066 1697 2125 sibi
1725 2066 1899 2124 couvenien-

560 2144 684 2231 tlores);
708 2149 795 2227 quale
819 2151 889 2226 quid
913 2160 942 2212 et
963 2156 992 2211 iu
1016 2154 1132 2231 legibus
1154 2154 1280 2215 ferendis
1301 2171 1356 2213 usu
1377 2156 1474 2226 seuit,
1503 2154 1572 2213 dum
1594 2170 1684 2230 saepe
1706 2151 1789 2229 loges
1811 2160 1900 2209 nano·

561 2236 722 2297 formantur
752 2239 781 2297 in
810 2237 899 2297 talem
923 2240 999 2316 J'uris
1021 2241 1320 2314 administrationem,
1352 2258 1429 2317 quac
1450 2242 1490 2300 sit
1516 2240 1738 2301 accommodata
1759 2240 1899 2315 praesenti

562 2323 723 2385 conditioni
752 2332 924 2405 temporum.
971 2328 1017 2387 fta
1046 2347 1111 2389 cum
1142 2329 1265 2408 pacifica
1292 2336 1360 2388 sunt
1389 2336 1538 2405 tempora,
1570 2330 1679 2388 ciuium
1702 2328 1792 2386 animi
1815 2328 1900 2400 magis

562 2410 601 2471 ad
624 2414 752 2487 quietam
773 2420 805 2472 et
824 2418 1003 2489 aequitatem
1026 2418 1209 2489 inclinentur,
1234 2433 1299 2476 cum
1322 2432 1392 2475 vero
1416 2415 1532 2491 bellica,
1556 2418 1738 2475 econtrario
1761 2412 1801 2473 ad
1814 2412 1901 2475 anda·

563 2502 639 2559 cmm
661 2507 691 2558 et
713 2508 900 2560 contemtum.
945 2502 1072 2563 Rursum
1094 2504 1215 2584 penuria
1237 2502 1356 2581 publica
1379 2509 1409 2562 ct
1430 2499 1525 2563 rer'um
1547 2505 1778 2563 necessariarum
1804 2502 1902 2560 caritas

564 2588 786 2663 temperantiam
810 2596 839 2647 et
861 2588 1069 2667 humilitatem,
1100 2592 1258 2652 earundem
1281 2608 1350 2651 vero
1384 2584 1480 2651 vilitas
1511 2599 1541 2651 ct
1562 2591 1745 2651 abundantia
1773 2589 1903 2649 ferociam

564 2682 595 2735 et
616 2672 693 2733 altos
723 2676 841 2752 spiritus
869 2676 965 2748 affert,
998 2687 1027 2737 et
1054 2681 1097 2743 sic
1125 2682 1213 2740 etiarn
1243 2678 1280 2740 de
1310 2680 1413 2738 ceteris
1440 2696 1492 2757 pro
1514 2696 1544 2737 re
1567 2687 1637 2737 nata
1666 2677 1724 2736 dici
1757 2670 1903 2754 passeoli

566 2760 614 2821 Ad
636 2760 760 2821 eundem
783 2764 872 2839 igitur
894 2763 1012 2824 modum
1035 2775 1064 2828 et
1086 2769 1116 2825 in
1138 2767 1349 2827 mutationibus
1372 2764 1540 2829 harmonias
1563 2773 1666 2827 cautus
1686 2764 1765 2823 idem
1787 2766 1817 2821 iu
1839 2778 1904 2821 acu·

566 2848 689 2908 tiorlhus
719 2848 837 2928 quidem
866 2855 941 2912 tonis
971 2852 1067 2914 induit
1093 2863 1228 2914 naturam
1256 2856 1350 2929 magis
1374 2856 1544 2925 excitatam,
1575 2853 1814 2929 ingratioribus
1841 2866 1905 2908 eoo·

567 2937 729 3008 tinentiam,
753 2936 977 3000 submissionem
1006 2950 1036 3001 et
1059 2942 1232 3003 modestiam
1254 2943 1355 3019 spirat
1398 2940 1474 3000 Nam
1502 2943 1583 3001 etin
1608 2943 1688 2999 sonis
1717 2954 1777 3015 quo
1802 2939 1907 2997 acutior

568 3023 701 3102 quilibet,
723 3022 781 3085 hoc
802 3027 950 3100 inunctor,
974 3046 1032 3104 quo
1055 3029 1267 3107 gravina-hoc
1289 3029 1436 3087 remissior
1458 3025 1563 3107 cstll).
1608 3027 1715 3087 Merito
1742 3028 1844 3102 itaque
1865 3022 1907 3082 rel

568 3111 616 3171 hic
639 3112 726 3172 ctiam
749 3114 811 3171 toni
834 3115 996 3175 intermedii
1019 3121 1049 3175 et
1071 3120 1122 3193 qui
1145 3116 1259 3175 dorium
1281 3118 1469 3176 circumstant
1494 3116 1740 3192 comparabuntur
1763 3130 1830 3172 cum
1852 3128 1908 3168 me·

570 3198 717 3259 diocribus
740 3205 771 3259 ot
792 3201 867 3260 hene
890 3205 1057 3280 compositis
1080 3206 1161 3264 ritas
1182 3205 1321 3278 moribus,
1345 3205 1490 3263 acutiores
1513 3220 1582 3262 vero
1614 3211 1643 3262 et
1666 3204 1717 3279 qni
1750 3208 1821 3259 sunt
1842 3202 1909 3258 ciros

570 3285 779 3364 mixolydium,
808 3304 873 3347 cum
895 3290 1097 3365 inquictudine
1120 3299 1150 3351 et
1172 3291 1296 3352 audacia
1317 3290 1451 3367 publica,
1483 3292 1633 3369 graviores
1656 3288 1784 3364 denique
1816 3294 1845 3347 ot
1865 3285 1909 3361 qui

570 3380 640 3433 aunt
661 3374 746 3433 clrca'
758 3373 962 3452 hypodorium,
986 3392 1052 3437 cum
1074 3378 1194 3454 ignavia
1217 3386 1247 3439 ct
1269 3377 1403 3455 socordia
1426 3380 1504 3438 uitae
1527 3378 1564 3437 dc
1585 3394 1691 3453 genere
1700 3372 1766 3453 w¹).

658 3460 742 3520 Adeo
766 3465 853 3520 stiam
877 3480 942 3523 cnm
964 3466 1035 3543 ipsis
1058 3464 1203 3527 melodiae
1225 3465 1413 3527 facultatibus
1440 3472 1470 3525 ct
1492 3464 1623 3526 efficacia
1651 3460 1866 3540 compatiuntur
1886 3466 1913 3518 et

573 3548 662 3607 animi
677 3551 768 3606 nostri
784 3566 800 3608 e
817 3552 949 3627 vestigio,
974 3555 1080 3631 quippo
1104 3555 1154 3631 qui
1171 3561 1200 3614 et
1216 3555 1419 3632 cognationem
1441 3569 1509 3611 cum
1527 3552 1765 3631 proportionibus
1787 3549 1913 3627 proprias

574 3636 620 3695 sui
642 3636 771 3711 ipsorum
795 3636 1031 3699 conformationis
1053 3650 1282 3718 recognoscunt,
1311 3649 1341 3701 ct
1361 3640 1603 3699 transformantur
1632 3641 1662 3703 iu
1688 3645 1784 3698 certos
1813 3646 1913 3706 motus,

573 3719 781 3800 respondentes
806 3726 876 3802 ipsis
898 3726 1089 3787 melodiarum
1112 3730 1353 3807 proprietatibus;
1383 3734 1416 3787 ut
1439 3725 1615 3803 quaudoque
1637 3726 1677 3785 ad
1697 3725 1868 3799 voluptates
1888 3728 1914 3779 ct

571 3808 719 3869 luxuriam
750 3814 938 3888 instigentur,
971 3832 1083 3875 rursum
1115 3816 1153 3876 ad
1186 3818 1468 3877 commiserationem
1502 3822 1533 3874 et
1561 3814 1707 3872 tristitiam
1737 3816 1913 3877 revocentur,

575 3914 652 3957 nuuc
675 3897 768 3959 veluti
790 3900 974 3961 obvallentur
997 3911 1026 3962 ct
1048 3906 1077 3962 in
1100 3920 1233 3981 soporem
1257 3904 1377 3976 dautur,
1407 3918 1484 3961 nuuc
1505 3908 1659 3978 erumpant
1686 3906 1716 3959 et
1738 3900 1914 3958 exsusciten-

576 3994 631 4057 tur,
655 3984 729 4045 alias
752 4002 821 4046 voro
844 3987 883 4046 ad
905 3990 977 4049 iram
1000 3998 1095 4051 oestro
1120 3994 1221 4070 perciti
1244 4000 1274 4051 et
1295 3991 1403 4050 divinis
1424 3989 1569 4049 furoribus
1592 3990 1703 4063 iurssi;
1727 3985 1797 4045 dnm
1820 3994 1915 4044 cantus

576 4072 652 4135 alias
674 4072 758 4133 aliter
773 4080 954 4135 transmutat
976 4081 1197 4156 animorumque
1227 4078 1309 4139 velut
1331 4094 1435 4153 agmen
1465 4074 1562 4137 educit
1591 4075 1768 4149 ordinatque
1796 4072 1917 4149 disposi-

576 4159 706 4219 tionibus
729 4163 775 4234 iis,
799 4180 875 4239 quse
898 4164 1087 4226 similitudine
1103 4169 1322 4246 proportionum
1336 4164 1493 4226 earundem
1515 4158 1736 4241 constantVffl).
1782 4160 1917 4219 Existimo

578 4254 678 4308 autem
700 4248 764 4308 huo
781 4255 810 4309 ct
832 4250 1032 4330 Pythagoram
1055 4257 1226 4331 respexisse,
1251 4252 1320 4313 dum
1338 4253 1425 4331 jubet
1441 4269 1506 4329 cum
1521 4267 1625 4312 aurora
1642 4255 1806 4325 surgentes,
1819 4250 1919 4351 prius·

578 4352 667 4415 quam
691 4338 786 4415 operis
809 4337 921 4416 aliquid
944 4338 1163 4419 aggrediamur,
1194 4344 1306 4401 musica
1328 4342 1370 4401 uti
1393 4349 1539 4416 cantuque
1566 4339 1631 4397 miti
1653 4346 1683 4395 et
1705 4339 1808 4407 suavi,
1830 4343 1877 4402 nt,
1897 4332 1920 4389 si

579 4440 655 4501 quac
678 4422 708 4480 in
731 4424 835 4485 animis
859 4429 1105 4489 exsuscitantibus
1128 4448 1144 4490 e
1167 4446 1270 4492 somno
1294 4428 1411 4490 residua
1432 4428 1570 4486 manserit
1583 4425 1773 4494 turbulentia,
1796 4440 1832 4483 cs
1847 4423 1920 4498 prius

579 4512 776 4571 insincerum
800 4512 930 4575 ordinem
961 4523 991 4576 et
1012 4517 1253 4593 tranquillitatem
1281 4515 1433 4588 traducta,
1466 4515 1540 4574 benc
1563 4512 1773 4588 contemperati
1803 4516 1833 4569 et
1854 4523 1921 4566 con·

580 4600 645 4658 soni
668 4598 761 4658 veluti
784 4600 946 4662 efficiantur
969 4605 1006 4665 ad
1025 4604 1177 4665 diuturnas
1198 4606 1339 4667 acdones.
1385 4600 1497 4680 Opinon
1519 4607 1616 4661 autem
1638 4600 1728 4657 etiam
1750 4597 1825 4669 hoc,
1848 4590 1922 4670 quod

581 4686 653 4747 deos
681 4703 755 4750 cum,
769 4691 882 4750 musica
903 4693 1076 4753 invocamus
1102 4700 1134 4752 ot
1155 4702 1259 4764 mum,
1290 4708 1331 4751 sc.
1354 4691 1528 4767 hymnorum
1550 4686 1666 4763 (organi
1698 4684 1805 4761 titum)
1836 4691 1866 4742 0¹
1886 4682 1921 4737 ²³·

582 4778 695 4839 hiatum
717 4784 747 4837 ct
768 4777 978 4855 triangulorum
1003 4781 1230 4859 Aegyptiorum,
1254 4780 1326 4838 satis
1349 4777 1492 4849 indicare,
1518 4772 1598 4852 quod
1621 4788 1840 4852 praesumamus
1862 4770 1923 4827 ani

582 4866 651 4941 mis,
674 4868 756 4947 ipsos
779 4884 845 4927 cum
868 4870 930 4928 miti
953 4876 982 4930 et
1005 4868 1151 4929 benevola
1172 4864 1396 4927 mansuetudine
1418 4880 1519 4943 preces
1539 4870 1656 4922 nostras
1678 4866 1859 4935 accepturos

669 4976 743 5032 Nota
758 4976 780 5030 1.
816 4978 876 5032 Duo
896 4983 960 5033 sunt
977 4977 1073 5047 capitis
1091 4980 1220 5045 membra,
1238 4976 1328 5046 specie
1346 4976 1419 5029 inter
1435 4989 1466 5028 se
1483 4977 1613 5041 cognata,
1631 4985 1662 5024 ra
1679 4968 1739 5039 ipsa
1755 4974 1783 5022 et
1799 4968 1922 5034 respectu

583 5058 753 5116 harmonicas
771 5058 914 5127 plurimum
933 5060 967 5115 ab
985 5058 1098 5114 induem
1117 5058 1239 5113 diremtos
1272 5056 1352 5110 Prior
1369 5055 1440 5112 enim
1451 5068 1515 5123 pars
1526 5050 1594 5106 nihil
1612 5049 1683 5104 ultra
1694 5046 1846 5101 matitutsm
1858 5056 1922 5133 com·

584 5139 732 5217 parationis
757 5139 966 5199 concinnitatem
982 5136 1078 5209 habet,
1105 5139 1241 5212 posterior
1266 5135 1300 5193 dc
1316 5140 1393 5191 motu
1411 5133 1561 5191 animorum
1582 5129 1622 5187 ita
1638 5126 1767 5190 cohaeret
1789 5122 1922 5181 docum
