4467 6192
469 706 472 712 ’
544 709 606 769 342
1053 689 1203 770 Ptolemaei
1218 699 1375 756 Harmonia.

541 882 689 985 facilioraj
712 889 743 944 et
763 900 876 943 rursum
898 900 965 943 cum
988 899 1041 962 ea,
1063 899 1140 959 quae
1163 884 1229 942 visu
1251 883 1369 959 cognita
1392 890 1473 958 sunt,
1501 884 1625 964 poeticis
1648 881 1886 960 descriptionibus

541 976 795 1049 repraesentantur
817 971 855 1032 ad
877 973 988 1048 virum,
1011 977 1045 1029 ut
1065 976 1133 1029 sunt
1154 969 1294 1030 flnctuum
1317 977 1454 1047 aspectus
1483 980 1512 1030 ιι
1534 971 1665 1031 locorum
1688 971 1780 1031 iacies
1802 973 1887 1030 situs-

547 1076 604 1136 que
628 1068 657 1118 et
678 1077 794 1137 pugnae
818 1066 852 1142 et¹
869 1059 1026 1118 affectuum
1049 1059 1139 1117 animi
1162 1059 1385 1118 constitutiones
1408 1059 1595 1134 subitaneam
1619 1057 1694 1118 adeo
1710 1059 1838 1136 quidem,
1860 1066 1889 1118 ut

541 1145 707 1206 auditorum
736 1148 825 1205 animi
855 1147 1008 1222 speciebus
1024 1141 1215 1227 ¹narraturum
1255 1153 1283 1204 et
1314 1144 1524 1224 descriptarum
1552 1163 1649 1206 rerum
1677 1147 1890 1207 conformentur

541 1251 599 1293 non
622 1250 722 1309 secus,
746 1251 781 1324 au
802 1236 827 1292 si
847 1233 915 1292 illas
939 1250 1036 1304 coram
1060 1226 1337 1311 intueremurffll).

629 1353 688 1415 Sic
701 1359 801 1431 itaque
823 1356 872 1435 fit,
905 1355 1019 1438 utduo
1041 1356 1090 1413 isti
1112 1337 1216 1414 sensus
1243 1371 1302 1414 nou
1325 1371 1360 1414 eo
1382 1317 1498 1428 solum,
1523 1353 1602 1430 quod
1627 1359 1746 1432 propria
1768 1357 1891 1433 quilibet

542 1442 661 1517 obiecta
682 1445 821 1520 percipit,
851 1442 903 1504 sed
927 1445 1016 1502 etiam
1038 1460 1083 1515 eo,
1107 1442 1187 1519 quod
1210 1443 1362 1502 conterunt
1383 1459 1487 1518 operas
1516 1450 1546 1502 st
1567 1451 1690 1504 conatus
1712 1451 1833 1504 mutuos
1855 1444 1892 1506 ad

540 1529 680 1590 discenda
711 1539 741 1591 et
769 1529 993 1609 contemplanda
1023 1529 1091 1602 illa,
1123 1547 1199 1605 quae
1230 1530 1371 1605 cujusque
1401 1529 1520 1606 propria
1544 1531 1658 1590 ιιιιιιι
1687 1532 1835 1592 elabormi
1864 1542 1893 1592 et

540 1618 680 1694 compleri
701 1618 827 1691 debunt,
850 1627 883 1677 ut
905 1626 1028 1693 utroque
1050 1616 1154 1688 modo,
1178 1619 1313 1692 inquam,
1343 1616 1498 1694 plurimum
1519 1617 1674 1692 proficiant
1698 1619 1737 1678 ad
1761 1619 1892 1696 pulchri·

540 1704 669 1764 tudinem
693 1715 722 1765 ot
745 1705 916 1778 utilitatem,
940 1709 1041 1780 sicque
1063 1721 1122 1763 non
1144 1706 1201 1780 ipsi
1224 1710 1346 1778 tantum,
1370 1704 1422 1764 sed
1442 1706 1531 1763 etism
1553 1707 1702 1779 scientiae,
1725 1723 1803 1782 qnae
1825 1715 1892 1766 sunt

539 1791 671 1852 alterutri
693 1778 869 1863 familiares,
893 1800 926 1852 ut
949 1808 1084 1868 quaeque
1106 1789 1223 1852 illarum
1246 1801 1301 1850 est.
1313 1792 1426 1850 ratione
1449 1793 1575 1856 maxime
1597 1795 1762 1871 panticapes
1790 1794 1892 1869 onius·

540 1879 689 1940 modi-est
712 1889 854 1957 exparte
877 1871 998 1955 quidem
1019 1881 1101 1938 visus
1124 1887 1153 1938 et
1174 1881 1272 1938 motus
1288 1877 1390 1938 localis
1413 1893 1522 1952 surum,
1547 1893 1623 1955 quas
1638 1883 1704 1940 visu
1719 1881 1786 1939 solo
1811 1899 1892 1940 uom-

431 2032 435 2038 ,
538 1965 678 2045 prehendi
702 1977 841 2044 possunt,
872 1967 929 2026 hoe
959 1974 1004 2026 cst
1026 1966 1197 2033 coelestium
1221 1983 1388 2046 corporum,
1420 1970 1612 2039 ashonomia,
1641 1984 1677 2027 ex
1709 1976 1795 2044 parts
1824 1986 1893 2028 vero

538 2057 736 2115 astronomiae
768 2064 799 2114 et
832 2054 1016 2114 harmonicus
1039 2050 1267 2134 cognatum).
1314 2053 1440 2112 Auditus
1471 2061 1500 2112 et
1527 2065 1624 2114 motus
1652 2057 1757 2114 iterum
1789 2056 1893 2117 localis

539 2158 653 2220 eorum,
677 2158 754 2218 quae
776 2141 877 2202 auditu
903 2141 969 2201 solo
993 2139 1198 2218 comprehendi
1221 2149 1358 2217 possunt,
1381 2140 1438 2199 hoc
1462 2148 1506 2200 ιιι
1526 2157 1678 2202 sonorum:
1707 2143 1892 2220 harmoniam

537 2229 642 2292 ambae
665 2229 783 2304 quidem
794 2229 943 2301 ,ministris
967 2237 997 2290 ιι
1017 2230 1216 2287 instrumentis
1240 2231 1312 2287 citra
1327 2219 1558 2288 'controversiam
1573 2229 1758 2290 arithmetica
1774 2239 1804 2291 et
1819 2221 1892 2306 geo·

536 2319 640 2376 metria
661 2333 750 2390 usse,
783 2317 820 2375 ad
844 2317 1039 2393 quantitatem
1061 2333 1132 2374 vero
1154 2322 1194 2380 ,et
1216 2313 1388 2390 qualitatem
1411 2317 1569 2392 primorum
1600 2323 1732 2380 motuum
1759 2327 1891 2379 contem·

432 2473 436 2479 .
536 2402 684 2481 plaudam,
708 2399 997 2483 consobrinarum)
1016 2411 1045 2463 st
1060 2403 1142 2480 ipsae
1159 2405 1325 2474 existentes,
1349 2403 1458 2480 quippo
1482 2403 1596 2464 duabus
1620 2415 1706 2466 natae
1729 2409 1891 2478 sororibus,

430 2539 435 2547 ,
537 2493 603 2550 visu
626 2497 656 2550 et
677 2489 791 2565 auditu,
813 2512 832 2551 ι
853 2491 1023 2553 ιιιιιιιιιιιιι
1039 2507 1108 2550 ιιιι
1131 2507 1167 2551 ex
1191 2491 1365 2566 cognatione
1387 2507 1442 2549 sua
1457 2495 1597 2567 proximis
1619 2493 1774 2568 educatae,
1797 2494 1893 2554 arith·

536 2580 643 2639 metica
665 2585 695 2640 et
716 2575 996 2657 geometriam).
1835 2578 1836 2589 ’

621 2711 695 2769 Νοιι
712 2713 787 2769 xxi.
822 2713 919 2770 Statim
943 2718 1037 2767 stota
1054 2711 1259 2783 mathematica,
1285 2711 1312 2764 in
1332 2727 1419 2780 qnam.
1440 2719 1608 2778 excurrrerat,
1635 2729 1664 2767 se
1684 2715 1834 2786 recipiens,
1859 2717 1891 2772 ad

536 2798 642 2864 partem
662 2791 722 2860 eins
739 2790 924 2846 harmonicam
941 2789 1073 2861 paulatim
1091 2790 1245 2856 revertitur,
1264 2789 1326 2844 dum
1346 2791 1464 2860 explicat
1483 2791 1552 2846 duos
1567 2807 1662 2850 sensus
1682 2796 1892 2852 mathematicae

535 2871 643 2942 quidem
661 2871 711 2925 toti
730 2869 898 2937 famulantes,
919 2870 967 2925 sed
985 2884 1101 2938 qnorum
1119 2868 1188 2922 ulter
1205 2867 1362 2922 harmoniae
1381 2869 1507 2939 proprius
1526 2873 1570 2942 sit,
1589 2873 1698 2930 auditus
1717 2864 1831 2940 scilicet,
1850 2891 1892 2930 ce·

534 2953 599 3009 teris
617 2952 688 3006 enim
708 2949 905 3006 mathematicis
925 2947 1073 3018 disciplinis
1092 2953 1197 3002 tantum
1220 2961 1270 3015 per
1288 2945 1415 3002 accidens
1434 2951 1529 3016 serait,
1555 2960 1668 3022 propter
1690 2954 1799 3010 scilicet
1816 2953 1892 3008 insti·

463 3076 467 3085 .
532 3030 652 3087 tationes
670 3029 767 3099 orales,
786 3044 857 3099 qnae
876 3035 991 3098 possent
1010 3029 1092 3083 etiam
1110 3042 1160 3097 per
1180 3025 1265 3080 solum
1283 3025 1426 3082 lectionem
1445 3028 1513 3099 fieri,
1532 3038 1560 3085 at
1578 3031 1736 3085 harmonica
1749 3029 1893 3100 disciplina

535 3111 594 3166 sine
618 3110 713 3168 aurbun
739 3110 826 3180 (quod
850 3109 982 3163 musicam
1006 3103 1118 3173 attinet)
1147 3105 1219 3160 tradi
1242 3107 1344 3178 nequit.
1370 3108 1536 3178 ,Propterea
1563 3109 1683 3164 ostendit
1709 3109 1892 3181 Ptolemaeus,

535 3186 671 3259 quomodo
695 3196 811 3257 uterque
837 3203 935 3242 sensus
960 3186 1034 3240 circa
1051 3195 1157 3240 motum
1181 3185 1296 3241 localem
1323 3203 1400 3242 suam
1419 3189 1714 3257 propriam'soientiam
1740 3191 1893 3262 progignat,

534 3265 609 3322 ιιιιι
627 3267 827 3332 astronomiam,
850 3264 960 3320 auditne
979 3264 1161 3319 harmonicen.
1199 3263 1281 3318 Certo
1300 3269 1391 3320 autem
1409 3266 1522 3330 ¹consilio
1542 3266 1576 3321 de
1594 3267 1637 3322 his
1650 3267 1758 3324 duabus
1773 3270 1893 3326 scientiis

534 3342 699 3412 praefatur,
713 3345 871 3409 ostendens,
897 3342 1032 3412 quomodo
1051 3342 1124 3398 circa
1139 3357 1189 3404 ¹eos
1208 3358 1304 3398 sensus
1330 3344 1438 3400 auditus
1457 3349 1485 3400 ιι
1503 3345 1577 3400 visus
1604 3347 1655 3401 sibi
1672 3347 1789 3404 invicem
1807 3349 1892 3406 iamn-

534 3420 640 3490 lentur,
657 3421 762 3481 scilicet
778 3429 809 3478 ιι
828 3423 871 3478 ιιι
890 3423 930 3478 ιιι
948 3421 1041 3478 statim
1058 3420 1136 3475 initio
1155 3427 1265 3490 gustum
1283 3423 1414 3490 praebeat
1438 3424 1576 3477 societatis
1594 3424 1737 3494 utriusque
1764 3429 1893 3484 scientiae

534 3497 563 3552 in
580 3498 787 3569 participatione
804 3500 1011 3570 proportionum
1030 3493 1248 3554 harmonicorum
1272 3507 1300 3552 ιι
1318 3501 1357 3554 ιιι
1376 3501 1512 3554 axiomata
1530 3511 1698 3572 praestruat,
1726 3505 1828 3573 quibus
1846 3507 1893 3561 de·

465 3618 470 3627 .
534 3582 680 3640 monstret,
705 3577 860 3632 harmonias
884 3579 913 3632 in
931 3577 1007 3632 coelo
1031 3592 1098 3632 esse.
1137 3577 1211 3631 ilaec
1236 3577 1404 3634 discurrendi
1428 3581 1497 3635 ratio
1521 3580 1654 3636 lectorum
1672 3581 1813 3664 aliquibus
1837 3599 1892 3638 non

534 3655 601 3710 satis
618 3653 696 3709 firma
719 3669 771 3713 ιιι
788 3657 907 3725 legitima
925 3665 953 3712 et
970 3657 1060 3727 logica
1077 3669 1138 3710 esse
1157 3654 1304 3727 videbitur,
1331 3659 1379 3712 ssd
1405 3659 1502 3714 saltem
1522 3658 1683 3728 symbolica,
1709 3669 1738 3714 es
1763 3663 1894 3731 sequelae

534 3751 584 3791 sco
601 3735 764 3790 connexioni
786 3738 969 3806 qualicunque
992 3735 1147 3791 tabularum
1165 3733 1312 3790 Ovidionae
1330 3737 1584 3806 Metamorphoseos
1610 3737 1730 3794 similior.
1768 3742 1804 3795 Ar
1830 3757 1893 3797 cum

535 3814 571 3870 sit
587 3813 666 3869 locus
684 3831 734 3884 per
751 3831 783 3872 se
794 3815 934 3884 ineundus
952 3822 980 3870 ιι
997 3813 1086 3883 utilis,
1113 3814 1243 3882 detegens
1261 3816 1361 3875 ιιιιιιι
1378 3816 1629 3872 mathematicorum
1655 3833 1840 3889 sensuumque
1860 3823 1895 3876 iis

533 3893 736 3951 inservientium
748 3895 935 3963 domationem
954 3895 1025 3951 inter
1042 3900 1199 3961 somnino,
1223 3893 1308 3952 lector
1326 3909 1429 3962 aequus
1448 3893 1537 3960 illurn,
1563 3911 1728 3964 quacunque
1747 3899 1895 3954 conminus

433 3995 441 4020 r
475 3975 478 3980 '
533 3972 711 4044 propositam,
730 3981 808 4043 grato
826 3974 915 4039 animo
933 3974 1059 4042 accipiet.
1094 3973 1140 4042 Me
1158 3971 1232 4041 quod
1250 3971 1355 4039 attinet,
1374 3972 1508 4041 explicari
1524 3973 1583 4036 libr.
1602 3975 1650 4029 Ill
1669 3992 1729 4044 ιιι.
1748 3975 1774 4044 3,
1793 3979 1897 4046 quibus
1959 3977 1962 3984 '

533 4051 676 4119 decausis
694 4051 723 4106 in
742 4053 865 4120 qualibet
881 4069 911 4108 re
928 4055 1015 4108 totins
1034 4051 1153 4106 uniuersi
1170 4051 1254 4106 insint
1272 4049 1428 4108 harmoniae
1446 4059 1473 4108 et
1490 4053 1625 4122 quomodo
1646 4055 1673 4108 in
1686 4055 1819 4124 siugulis;
1839 4075 1897 4114 aon

534 4129 640 4187 scilieet
656 4130 718 4187 ideo
737 4131 912 4198 singulariter
932 4131 1028 4198 insunt
1053 4129 1081 4182 in
1107 4135 1190 4183 cantu
1211 4129 1293 4197 inque
1320 4135 1394 4184 motu
1412 4130 1545 4207 siderum,
1572 4131 1635 4203 quia
1654 4133 1699 4188 hic
1717 4133 1818 4204 oculis,
1849 4135 1898 4190 ille

503 4221 509 4232 '
532 4210 644 4266 auribus
662 4208 818 4281 percipitur,
837 4210 886 4264 sed
898 4209 963 4280 qnia
978 4207 1123 4275 utrobique
1135 4215 1224 4263 motus
1243 4215 1298 4276 ιιι,
1314 4213 1428 4276 uterque
1447 4219 1573 4266 accurate
1591 4213 1757 4282 percipitur,
1778 4221 1898 4283 uterque

497 4328 501 4333 »
533 4289 761 4358 dispensaturus
779 4287 890 4344 arbitrio
908 4287 1021 4354 mentis,
1048 4285 1204 4342 harmonias
1226 4285 1404 4356 intelligentis
1428 4296 1456 4342 et
1482 4289 1605 4344 amantis.
1642 4289 1679 4343 Ει
1698 4290 1758 4344 ιιιι
1782 4293 1899 4360 quidem

532 4368 595 4437 lux,
622 4367 718 4424 auditu
736 4381 820 4421 sonus
837 4366 1040 4435 percipiuntur,
1067 4362 1126 4418 illio
1149 4380 1166 4418 a
1184 4363 1328 4434 superficie
1347 4381 1501 4433 corporum·
1514 4366 1627 4436 delapsa
1647 4369 1767 4436 species,
1793 4369 1841 4424 hic
1862 4369 1899 4425 ab

532 4447 594 4516 ipsa
611 4445 783 4517 corpulentia
803 4444 906 4510 reruni,
936 4453 967 4499 nt
989 4442 1104 4498 suntin
1122 4449 1199 4498 motu
1218 4445 1390 4499 constitutus.
1427 4445 1524 4514 ltaque
1547 4461 1581 4500 ιιι
1600 4446 1658 4500 risu
1687 4447 1810 4517 simplice
1838 4465 1899 4503 non

529 4526 685 4596 judicamus
702 4526 737 4581 ds
753 4525 881 4594 internis,
909 4524 962 4578 nisi
979 4521 1094 4577 accedat
1119 4522 1288 4591 experientia
1305 4539 1396 4577 rorum
1414 4522 1581 4578 internarum
1606 4525 1640 4580 ab
1652 4528 1782 4582 *externis
1807 4543 1899 4584 naxa-

478 4655 483 4678 ,
533 4622 602 4674 rum,
620 4613 651 4660 ut
668 4621 703 4660 cx
721 4602 903 4669 andbitanai,
922 4601 956 4657 de
974 4599 1087 4656 internis
1105 4598 1580 4670 iaoimnspropriumcoujeoturum.
1615 4603 1704 4658 Aliter
1715 4606 1900 4674 ιςιιιιιιιιιιι-

534 4693 581 4740 ιιι
599 4684 633 4739 de
651 4691 734 4742 cautu
752 4689 884 4750 metatur,
913 4680 993 4734 alitor
1010 4679 1085 4734 usus
1104 4678 1139 4732 de
1157 4677 1339 4734 coelestibus:
1366 4677 1407 4733 illi
1427 4689 1511 4736 sonus
1537 4681 1605 4736 iacit
1625 4681 1754 4740 indicium
1772 4683 1900 4753 lougius.

435 4821 440 4830 ,
535 4762 606 4817 dinis
624 4768 652 4818 et
668 4760 799 4816 tensionis
823 4758 984 4815 chordarum
1007 4764 1088 4826 ιιι,
1101 4755 1200 4825 quibus
1225 4755 1396 4822 continentur
1419 4756 1591 4825 harmoniae,
1619 4757 1683 4813 huic
1705 4761 1811 4828 anguli,
1844 4765 1899 4818 sub

533 4839 633 4911 quibus
651 4837 781 4896 coelestia
799 4838 937 4907 videntur,
966 4853 1021 4893 nou
1039 4835 1161 4906 produnt
1178 4831 1297 4890 visarum
1316 4851 1405 4890 rerum
1425 4835 1620 4906 quantitatem,
1639 4833 1687 4890 sed
1706 4843 1736 4890 ut
1754 4837 1825 4894 brec
1847 4843 1897 4898 ha-

534 4920 646 4988 beatur,
670 4921 778 4987 oportet
795 4917 850 4972 alia
867 4916 948 4986 plura
965 4932 1014 4985 per
1032 4915 1207 4986 longissimas
1226 4913 1397 4969 inductiones
1417 4916 1555 4970 accedere.
1591 4915 1717 4970 Vicissim
1735 4925 1776 4974 est
1794 4921 1900 4994 aliqua

534 4998 631 5053 horum
649 5011 777 5051 sensnum
796 4991 952 5065 similitudo,
971 5010 1052 5066 quam
1071 4992 1206 5064 ignoravit
1223 4993 1405 5059 Ptolemaeus,
1425 4993 1506 5062 hujus
1525 4993 1577 5050 loci
1595 4999 1717 5067 propris,
1736 5001 1810 5070 quod
1832 5010 1898 5062 soni

534 5074 643 5146 quidem
661 5082 689 5129 ct
706 5080 803 5130 cantus
820 5075 953 5130 humanus
971 5073 1066 5128 anditn
1083 5072 1288 5142 percipiuntur,
1307 5078 1481 5140 motrrsrero,
1502 5073 1628 5128 coelestis
1647 5075 1805 5134 harmoniae
1827 5083 1897 5136 snb-

532 5153 650 5232 jeutnm,
675 5153 735 5207 risu
754 5169 802 5212 seu
820 5152 912 5225 aliqua
928 5151 1007 5212 ἰιιιι
1026 5151 1142 5220 analoga
1159 5150 1303 5224 facultate,
1332 5167 1403 5221 quae
1428 5150 1465 5211 sit
1481 5151 1510 5206 iu
1529 5151 1605 5224 Sole,
1636 5154 1734 5226 partim
1759 5155 1847 5212 etiam
1866 5161 1897 5218 in
