4467 6192
526 756 588 820 150
1053 747 1095 807 us
1111 745 1337 821 Propertionihua

525 930 653 996 humani.
676 928 773 989 -llam
796 934 825 989 et
848 920 902 988 vlri
923 930 1111 989 communiter
1125 929 1303 1005 proceriores
1317 926 1440 1000 feminis,
1457 925 1557 988 austu
1576 929 1683 1005 pueris,
1707 927 1875 1004 graviorem

526 1021 614 1079 etiam
642 1031 745 1077 vocem
773 1010 921 1090 emittunt,
952 1018 1037 1092 quasi
1064 1014 1237 1092 protundlua
1264 1016 1402 1090 petitam3
1433 1023 1463 1075 et
1491 1016 1598 1091 singuli
1627 1015 1777 1088 homines,
1811 1016 1876 1091 ipso

524 1123 612 1165 sensu
633 1111 730 1185 actua
753 1101 886 1176 docente,
910 1105 1075 1180 graviorem
1098 1120 1201 1163 vocem
1223 1100 1394 1180 profundius
1416 1101 1543 1176 cli'cinnt,
1568 1103 1698 1163 altiorem
1722 1103 1876 1179 superius3

525 1202 556 1252 ct
578 1193 628 1267 qui
650 1192 820 1268 gravissima
843 1199 1099 1266 cantant,corpas
1122 1189 1288 1262 extendunt,
1313 1190 1446 1266 utquam
1463 1189 1762 1266 profundissimevox
1778 1197 1878 1270 creat

525 1275 662 1340 'l'euddnt
683 1277 800 1355 quidem
823 1277 929 1337 collum
953 1280 1057 1349 etiam,
1081 1279 1130 1353 qui
1154 1284 1238 1337 acuto
1262 1284 1382 1350 canunt,
1411 1276 1542 1336 sednon
1567 1285 1600 1337 ut
1620 1276 1740 1352 longum
1764 1276 1878 1336 collum

526 1365 650 1438 iaciant,
672 1365 724 1425 sed
747 1375 779 1425 ut
802 1367 910 1450 rectius
934 1365 1132 1441 constringant
1154 1381 1304 1442 supremos
1328 1363 1449 1423 circulos
1472 1367 1607 1440 gutturis.

612 1449 667 1512 His
689 1454 776 1529 igitur
798 1451 834 1513 tle
857 1455 954 1512 causis
983 1459 1070 1513 nutura
1093 1461 1140 1512 eat
1165 1455 1194 1510 in
1218 1451 1393 1511 harmonicis
1421 1459 1577 1528 conceptus
1600 1452 1652 1511 alti
1675 1459 1704 1511 et
1726 1448 1880 1527 profundi,

526 1555 578 1617 pro
602 1553 660 1616 quo
681 1541 782 1600 crabro
805 1556 978 1619 usurpamus
1000 1546 1118 1598 acutum
1141 1547 1170 1600 et
1191 1555 1289 1614 grave.
1335 1537 1409 1597 Cum
1430 1539 1518 1614 igitur
1542 1537 1632 1598 altum
1655 1545 1682 1598 et
1697 1537 1881 1615 protundum

525 1628 585 1687 sint
605 1625 679 1686 allas
701 1626 847 1688 vocabula
867 1625 934 1698 loci,
958 1625 1137 1687 consuetudo
1161 1628 1301 1686 sermonis
1323 1625 1397 1684 haec
1419 1643 1473 1684 aua
1495 1625 1646 1702 principia
1665 1633 1768 1686 secuta
1790 1627 1881 1686 voci-

527 1715 581 1776 bus
611 1715 700 1774 ctiam
730 1712 759 1772 id
783 1713 999 1785 accommodat,
1030 1714 1110 1790 quod
1140 1713 1268 1773 locorum
1291 1721 1336 1772 est
1365 1713 1531 1788 proprium,
1561 1711 1674 1772 scilicet
1706 1713 1881 1786 intervalla,

525 1815 628 1876 maaca
650 1806 839 1879 decerpuntur.
884 1801 959 1860 Nam
980 1800 1047 1860 loca
1069 1808 1225 1873 ὀιϊσταναι,
1264 1800 1371 1859 distare
1387 1798 1530 1859 dicuntur.
1569 1801 1703 1876 Denique
1718 1791 1883 1878 disciplina

528 1887 696 1948 harmonica
725 1888 800 1948 hanc
821 1907 924 1949 vocam
953 1889 1041 1947 etiam
1070 1891 1099 1947 in
1127 1891 1256 1965 picturas
1283 1903 1335 1946 seu
1367 1885 1578 1961 diagrammata
1604 1903 1658 1946 sua
1688 1883 1741 1968 (dc
1766 1889 1883 1962 quibua

525 1970 659 2058 lnlarius)
683 1973 839 2049 transtulit,
862 1983 939 2052 quac
961 1975 1028 2034 altis
1051 1982 1080 2036 et
1103 1974 1255 2053 profundis
1277 1973 1362 2034 lineis
1377 1981 1521 2047 constant,
1545 1991 1604 2051 qno
1618 1979 1704 2052 pacto
1720 1976 1882 2034 restitutus

518 2070 572 2148 lest
593 2062 636 2121 llll
657 2078 760 2122 aenaua
783 2065 987 2139 geometricum
1074 2087 1079 2099 ·
1455 2063 1461 2079 '

612 2147 697 2225 Quae
725 2151 813 2227 igitur
840 2151 981 2210 hactenus
1011 2150 1182 2211 dicabantur
1209 2149 1411 2226 proportiones
1439 2147 1628 2226 chordarum,
1663 2148 1692 2206 in
1722 2155 1884 2225 posterum

526 2235 586 2296 iare
609 2236 738 2296 dicentur
761 2237 915 2297 intervalla
939 2253 1058 2313 vocum,
1081 2255 1158 2314 quas,
1179 2239 1313 2297 amittunt
1336 2235 1461 2295 chordae
1484 2235 1674 2310 longitudinis
1696 2235 1884 2312 inaequalia.

526 2323 602 2384 Nam
632 2339 720 2383 voces
750 2323 827 2384 idem
857 2332 1008 2399 sonantes,
1038 2327 1144 2403 quibus
1176 2322 1366 2400 respondent·
1381 2321 1506 2383 chordas
1537 2339 1572 2381 cx
1595 2320 1760 2398 aequaliter
1783 2327 1885 2385 tensis

528 2427 622 2486 aequa
649 2409 772 2485 longae,
802 2410 986 2490 intervallum
1013 2429 1072 2472 non
1099 2412 1223 2485 iaciunt,
1254 2427 1320 2470 cum
1350 2409 1409 2467 sint
1437 2409 1601 2469 altitudinis
1624 2409 1765 2484 ejusdem.
1815 2412 1886 2472 Etsi

527 2497 603 2558 libro
625 2495 662 2557 V.
685 2498 888 2558 abstinendum
912 2501 1025 2576 eritab
1048 2501 1104 2560 hoc
1126 2515 1213 2559 sensu
1236 2500 1318 2558 vocis
1341 2495 1535 2571 intervallum,
1559 2506 1713 2573 propterea
1729 2497 1816 2573 quod
1841 2501 1887 2558 lbi

530 2584 629 2644 erebro
653 2601 707 2643 usu
729 2586 886 2662 repetenda
908 2590 962 2646 erit
984 2604 1042 2648 vox
1064 2590 1121 2646 iata
1144 2589 1173 2645 in
1195 2601 1282 2645 seusu
1305 2585 1509 2658 astronomica
1538 2581 1574 2644 de
1596 2583 1676 2644 lihen
1697 2591 1779 2644 recta
1804 2588 1888 2645 inter

529 2687 633 2748 corpus
655 2669 789 2751 planetae
811 2681 841 2733 et
862 2672 970 2748 Solem,
991 2677 1060 2735 item
1077 2669 1112 2734 de'
1128 2690 1163 2734 eo
1179 2671 1290 2749 spatio,¹
1307 2673 1387 2749 quod
1403 2674 1478 2734 inter
1493 2673 1625 2732 diversos
1643 2670 1727 2731 orbes
1742 2673 1887 2734 interest.

612 2757 702 2818 Porro
725 2766 799 2820 atcut
820 2762 1006 2838 praecedenti
1028 2764 1125 2838 capite
1146 2762 1348 2838 proportiones
1372 2761 1507 2820 bilariam
1531 2757 1806 2832 considerabuntur,
1826 2773 1885 2821 'ae

530 2844 577 2904 rel
598 2844 732 2923 singulae
754 2864 805 2924 per
826 2866 858 2908 aa
881 2851 969 2926 ipsas,
993 2849 1040 2909 vel
1062 2850 1187 2908 invicem
1212 2853 1397 2925 comparatae
1420 2862 1509 2909 causa
1525 2848 1642 2917 ordinis,
1666 2849 1715 2921 qui
1732 2849 1888 2910 extende·

528 2933 615 2993 batur
636 2950 654 2991 a
677 2937 855 3012 compositae
877 2936 1002 3012 alicujus
1025 2938 1220 3014 proportionis
1243 2938 1365 2996 termino
1387 2945 1441 2997 teu
1463 2933 1570 2997 chorda
1591 2934 1693 2992 minori
1716 2933 1753 2993 ad
1778 2937 1888 3013 majo·

528 3037 590 3080 rem
614 3020 662 3079 vel
684 3020 845 3098 longiorem
865 3031 897 3082 et
918 3025 1062 3083 vicissim:
1094 3024 1137 3082 sic
1160 3011 1236 3082 nuno
1264 3025 1351 3084 ctiam
1375 3021 1529 3083 intervalla
1560 3020 1607 3084 vel
1630 3020 1746 3096 singula
1769 3039 1828 3099 per
1852 3041 1888 3084 ae

529 3107 578 3167 vel
600 3108 725 3170 iuviceru
747 3117 915 3187 comparata
936 3111 1157 3172 considerantur
1179 3124 1269 3172 eausa
1291 3111 1349 3171 loci
1371 3109 1546 3185 harmoniei3
1576 3115 1609 3170 ut
1632 3117 1660 3170 at
1682 3109 1711 3166 in
1733 3111 1900 3171 continua·

435 3257 443 3266 ,
530 3193 711 3254 ordinatione
734 3199 847 3274 aliquot
868 3197 1085 3261 intervallorum
1108 3193 1168 3279 (aia
1196 3205 1229 3257 ut
1250 3198 1320 3257 bins
1341 3215 1457 3276 semper
1478 3199 1617 3273 contigua
1648 3196 1777 3257 habeant
1801 3216 1888 3258 eun-

530 3280 596 3342 dern
618 3284 773 3342 terminum
787 3300 978 3360 communem,
1003 3287 1053 3362 qul
1075 3287 1113 3344 ait
1127 3287 1214 3344 unius
1237 3283 1332 3360 major
1351 3286 1501 3358 terminus,
1525 3283 1647 3345 alterius
1665 3285 1818 3356 vergentia
1844 3286 1887 3345 ad

529 3370 679 3445 graviores
701 3387 790 3448 voces
819 3369 946 3455 minor),
975 3369 1092 3450 sampe'r
1116 3371 1402 3432 iliud-tnrsrvattum
1431 3373 1544 3434 dicatur
1568 3370 1703 3442 interius,
1727 3369 1810 3445 quod
1838 3382 1889 3436 est

528 3458 603 3515 iuter
625 3471 713 3516 voces
732 3460 899 3534 graviores,
926 3458 1000 3519 illud
1030 3455 1178 3537 superius,
1210 3458 1289 3536 quod
1316 3468 1361 3519 eat
1383 3463 1458 3520 inter
1485 3461 1638 3518 acutiores.
1683 3458 1720 3516 Et
1746 3459 1778 3515 iu
1801 3477 1889 3535 geo-

529 3543 632 3603 metria
653 3542 770 3619 quidem
791 3549 992 3623 proportiones
1013 3554 1211 3623 aguosmntur
1232 3547 1380 3623 aequales,
1403 3548 1473 3608 licet
1486 3549 1552 3606 sint
1567 3544 1888 3622 inaequales-termini

528 3627 616 3688 uuiu'a
629 3632 757 3690 terminia
769 3633 899 3712 alterius,
921 3641 952 3694 et
961 3651 1096 3695 excessus
1107 3637 1294 3694 terminorum
1309 3637 1396 3694 unius
1411 3635 1573 3713 inaequalis
1586 3636 1717 3694 excessui
1732 3637 1888 3695 termino·

529 3733 591 3775 rum
606 3713 742 3794 altariua3
765 3727 798 3778 ut
817 3722 843 3779 ai
864 3723 922 3780 sint
944 3729 1002 3781 tres
1025 3720 1151 3782 chordae
1166 3724 1195 3779 in
1210 3724 1396 3799 proportione
1410 3737 1593 3783 numerorum
1609 3723 1641 3798 t,
1664 3720 1693 3792 6,
1718 3722 1746 3792 9,
1763 3721 1887 3783 eadem

530 3809 662 3865 censetur
693 3810 841 3883 proportio
864 3805 906 3890 ⁴l,
933 3825 1010 3883 quae
1033 3804 1090 3890 ⁶f„
1119 3825 1178 3867 non
1207 3810 1356 3882 obstante,
1386 3809 1465 3886 quod
1487 3825 1554 3872 cum
1575 3810 1632 3884 ipsi
1655 3807 1787 3880 termini,
1815 3816 1887 3870 tum

524 3893 620 3952 etiam
642 3907 780 3952 excessua
802 3896 821 3950 2
843 3903 875 3954 et
897 3897 916 3954 3
939 3897 1108 3972 inaequales
1135 3905 1212 3956 aunt
1255 3896 1291 3955 In
1314 3896 1481 3959 harmonice
1508 3896 1640 3955 similiter
1662 3895 1760 3953 omnia
1783 3898 1888 3958 intan-

529 3978 609 4037 valla
629 3993 736 4038 vocum
757 3997 776 4039 a
797 3978 921 4055 chordis,
945 4000 1021 4059 quae
1044 3990 1112 4042 sant
1124 3983 1256 4059 ejusdcm
1270 3987 1475 4060 proportionis,
1499 3983 1677 4044 venientium
1699 3991 1729 4041 at
1744 3997 1888 4044 cenaen-

531 4074 577 4126 tur
598 4064 736 4141 aequalia
765 4075 795 4128 et
816 4057 981 4129 scribuntur
1001 4073 1089 4130 etiam
1111 4077 1184 4130 nota
1205 4073 1353 4130 numerica
1376 4071 1494 4152 eadem,
1525 4073 1597 4147 quin
1620 4072 1708 4130 aiam
1732 4068 1888 4131 linearuui

529 4153 692 4213 intervallis
713 4154 886 4230 aequalibus
907 4159 1066 4235 pinguntur
1083 4159 1125 4232 .in
1150 4157 1373 4233 diagrammat03
1402 4161 1445 4219 sic
1466 4168 1500 4219 ut
1521 4161 1637 4234 penitus
1661 4154 1889 4226 obliviscamur

527 4241 593 4316 eiua
615 4242 847 4318 inaequalitatis,
878 4253 1020 4320 quaeest
1042 4246 1116 4304 inter
1135 4261 1276 4304 excessua
1297 4243 1476 4308 diversarum
1506 4244 1689 4306 chordarum.
1734 4242 1888 4320 Sequitur

528 4330 625 4403 igitur,
647 4335 681 4387 ut
701 4331 894 4406 proportionis
917 4333 1036 4392 minoris
1057 4327 1213 4391 intervalla
1228 4333 1341 4391 minora
1364 4329 1503 4403 dicamus,
1527 4332 1645 4408 majoris
1665 4329 1788 4403 majora,
1812 4334 1887 4394 sine

527 4417 889 4493 respectu'magnitudinis
912 4428 963 4478 aut
985 4422 1138 4495 parvitatis
1160 4418 1396 4495 respondentium
1419 4423 1554 4498 utrinque
1577 4419 1774 4478 terminorum.

614 4502 670 4562 His
691 4503 780 4578 igitur
802 4503 1002 4566 definitionum
1032 4505 1099 4566 loco
1120 4508 1288 4583 praemissis
1317 4523 1395 4566 nnnc
1416 4525 1503 4584 porro
1529 4504 1741 4584 dispiciendum
1770 4513 1817 4565 cst
1842 4506 1886 4568 de

528 4588 696 4648 differentiis
724 4591 950 4652 intervallorum.
995 4593 1147 4652 Hactenus
1169 4592 1292 4668 'quidem
1319 4598 1522 4671 proportiones
1546 4611 1664 4662 omncs,
1695 4609 1771 4668 quaa
1800 4609 1886 4653 con-

527 4693 615 4734 sonas
637 4693 701 4736 eaae
724 4678 1001 4751 demonstravimus,
1031 4699 1090 4739 una
1111 4680 1302 4756 aequalitatis
1321 4691 1458 4759 excepta,
1489 4699 1542 4758 pro
1564 4680 1685 4741 totidem
1709 4680 1884 4740 intervallis

529 4761 629 4820 itidem
652 4767 787 4835 consonis
809 4775 878 4826 sunt
900 4766 1062 4841 habendae,
1085 4769 1287 4845 proportiones
1303 4782 1389 4840 vero,
1414 4787 1487 4846 quaa
1506 4769 1638 4828 dissonas
1661 4767 1797 4838 diximus,
1821 4786 1884 4842 pro

528 4848 690 4910 intervallis
714 4852 815 4913 itidem
836 4854 972 4916 diaaania.
1017 4855 1092 4916 (lum
1114 4873 1183 4916 vero
1206 4858 1282 4918 inter
1304 4855 1423 4916 dissona
1446 4857 1602 4916 intervalla
1623 4871 1730 4926 maana
1752 4855 1792 4913 ait
1816 4854 1885 4913 dii·

416 4967 418 4970 ·
527 4937 659 5011 terentia,
682 4937 725 4996 alc
747 4948 781 5000 ut
800 4959 859 5002 nou
881 4951 995 5003 tantum
1012 4950 1146 5005 'consens
1167 4952 1187 5002 a
1207 4951 1313 5006 natura
1334 4943 1494 5004 doceantur
1519 4950 1550 5002 et
1571 4944 1649 5002 illius
1672 4944 1811 5002 instinctu
1838 4943 1883 5002 ab

528 5023 632 5083 auditu
653 5024 819 5101 probentur,
842 5028 896 5088 aad
918 5032 1007 5091 etiam
1029 5032 1088 5092 alia
1109 5035 1222 5091 minora
1243 5030 1398 5092 intervalla
1420 5031 1458 5092 ab
1481 5028 1585 5091 aodatn
1607 5045 1694 5090 seusu
1717 5028 1884 5088 stabilian-

529 5121 592 5180 tur,
620 5128 696 5189 quas
718 5110 786 5172 licet
808 5114 927 5177 dissona
948 5120 1022 5191 sint,
1051 5127 1122 5196 apta
1143 5127 1240 5180 tamen
1265 5127 1348 5191 suut,
1376 5136 1430 5196 per
1451 5133 1528 5194 quac
1557 5124 1661 5178 cantus
1682 5115 1880 5176 traducatur:

529 5197 697 5264 harmonice
728 5208 862 5267 namnam
890 5212 991 5266 mauu
1020 5204 1125 5268 nomeu
1148 5207 1197 5269 iis·
1211 5208 1335 5288 imponit
1355 5208 1561 5268 concinuerunt
1594 5221 1689 5284 eaque
1720 5203 1881 5282 dbtiuguit
