4467 6192
1062 1202 1167 1289 'ro
1193 1124 1403 1289 uarium
1446 1224 1449 1231 ·
1571 1300 1581 1311 ,,

868 1375 1176 1491 lttttttiiittt
1212 1376 1364 1490 llllllll
1399 1372 1546 1489 titii
1581 1374 1625 1485 i.

577 1597 627 1668 lie
653 1597 832 1668 harmonia
860 1599 1111 1686 perfectissima
1141 1605 1295 1671 motuum
1323 1598 1524 1671 coelestium
1552 1603 1702 1690 ortuque
1732 1618 1778 1671 ex
1804 1598 1908 1668 iislen

603 1729 899 1825 ecceutricitaium
924 1729 1334 1821 semidiametror'umquc
1362 1736 1397 1801 et
1425 1733 1616 1819 temporum
1635 1731 1888 1819 periootcorun.

575 1895 621 1955 nd
650 1912 781 1956 normam
812 1895 960 1957 doctrinae
986 1899 1199 1971 aptronomicae
1227 1898 1384 1959 hodiernae
1414 1897 1667 1959 emendatissime
1688 1898 1909 1977 hypothesotoue

576 1984 745 2061 Copamici‚
781 1984 832 2045 sed
862 1994 890 2043 et
920 1985 1069 2061 Tyohonis
1100 1986 1223 2073 B'rah'ei,
1262 2004 1384 2062 quarum
1415 1985 1571 2073 alterutrae
1602 1985 1703 2060 hodie,
1738 1988 1910 2047 Ptolemaide

857 2073 1032 2149 antiquatis,
1064 2082 1095 2131 ut
1117 2076 1287 2133 verissimae
1310 2074 1427 2151 publice
1449 2074 1637 2150 rccipiuutm.
1699 2098 1703 2109 ·

856 2268 860 2274 .
971 2226 1121 2282 Galenus
1140 2228 1174 2281 dc
1193 2243 1244 2281 usu
1262 2226 1379 2296 partium
1397 2225 1466 2279 lihro
1483 2225 1532 2279 111.

507 2381 511 2390 ,
570 2333 659 2413 ‘lepor
691 2338 774 2415 loyor
806 2334 871 2414 ἐγω,
890 2341 959 2397 ’του
991 2343 1249 2416 ὄημιουργησαπος
1278 2333 1350 2415 ἡμας
1383 2331 1470 2409 opnor
1503 2331 1644 2411 tineosos
1677 2341 1842 2413 ounrihprr,
1873 2358 1910 2395 και

506 2403 511 2425 ⁸
576 2420 689 2497 τομιζω,
712 2420 787 2486 τουτ’
814 2423 884 2484 εἶναι
897 2433 957 2502 ’την
979 2423 1141 2501 enuntianti,
1173 2422 1238 2504 οὐχι
1261 2425 1284 2485 εἰ
1306 2441 1422 2501 caupona
1451 2420 1611 2498 lautomiae
1639 2418 1721 2498 αὖτῳ
1750 2425 1911 2495 annuntiat

575 2514 785 2586 attraherentur,
817 2534 923 2572 καιτοι
946 2508 1027 2574 ἀλλα
1048 2536 1136 2588 popio
1162 2536 1241 2590 μυρα
1275 2504 1447 2585 &auctionaris
1475 2531 1522 2571 και
1546 2528 1662 2579 acorna·
1693 2506 1760 2570 ἀλλ’
1787 2511 1812 2573 εἰ
1836 2532 1911 2589 perp

574 2621 626 2673 pes
649 2595 755 2669 coeco,
785 2597 884 2661 ἔπειτα
914 2604 946 2659 δε
975 2624 1023 2662 και
1043 2624 1103 2669 τοις
1126 2598 1228 2669 ἄλλοις
1258 2597 1457 2678 ἐξηγησαιμην,
1488 2595 1549 2665 οἶος
1578 2619 1631 2671 μεν
1660 2594 1719 2657 ἐστι
1741 2620 1794 2673 rip·
1819 2619 1910 2671 coorto

576 2682 667 2754 οἱοςτε
689 2709 740 2762 την
761 2692 890 2761 conopas.
919 2682 1146 2764 nantogilum
1168 2708 1362 2766 χρηστοτητα,
1389 2708 1423 2746 το
1446 2707 1500 2763 γαρ
1531 2706 1643 2759 anonam
1673 2680 1788 2745 ὲθιλειτ
1809 2680 1909 2745 naono

575 2796 625 2836 τον
647 2771 830 2853 ἐνδεχομενοτ
852 2796 970 2849 nocuos,
993 2800 1040 2836 και
1060 2781 1158 2854 μῃδενι
1182 2781 1304 2848 phorom
1326 2795 1383 2833 cors
1405 2769 1541 2851 ἀγαθων,
1574 2795 1624 2848 της
1648 2772 1830 2851 τελειοτατης
1850 2796 1909 2851 χρη·

575 2882 711 2937 στοτητος
733 2858 786 2939 ἐγω
802 2868 901 2940 ectypa
917 2867 1052 2936 τιθεμαιε
1086 2886 1133 2923 και
1155 2884 1246 2942 ταυτῃ
1260 2885 1311 2937 μεν
1333 2856 1373 2929 ὥς
1388 2857 1500 2938 ἀγαθος
1522 2854 1586 2936 ἧμιν
1607 2854 1766 2939 incoercitos,
1788 2884 1821 2921 το
1844 2856 1909 2926 δ’ὡς

575 2945 613 3009 ἀν
633 2951 760 3022 μαλιστα
783 2953 946 3027 commosin,
969 2972 1026 3009 nor
1048 2948 1184 3028 ἐξενρειν,
1207 2947 1436 3031 depugnantem,
1460 2969 1494 3007 το
1510 2952 1540 3007 δε
1556 2961 1603 3007 καὶ
1626 2952 1732 3025 opacas
1755 2944 1843 3009 nnsh'
1865 2942 1909 3008 ὁσα

995 3041 1166 3117 aposlicae,
1190 3044 1334 3110 inaniterne
1357 3034 1510 3113 ἀηττητου.

1202 3158 1232 3207 Id
1249 3165 1298 3209 est:

575 3250 687 3309 Sacrum
712 3270 874 3320 sermonem,
900 3258 1028 3327 hymnam
1050 3258 1109 3311 Deo
1138 3257 1276 3313 Conditori
1298 3256 1466 3313 verissimum
1488 3255 1591 3324 ordior,
1614 3255 1745 3325 pietatem
1768 3256 1837 3313 hanc
1861 3270 1911 3309 esse

573 3337 664 3398 ratus,
694 3350 749 3388 nou
781 3341 812 3388 at
845 3335 1020 3391 hecatomhas
1051 3334 1090 3387 illi
1123 3343 1262 3390 taurorum
1292 3336 1421 3405 plurimas
1452 3335 1601 3403 immolem,
1638 3334 1736 3390 odores
1769 3336 1910 3389 innumeros

575 3406 698 3463 adoleam
717 3421 744 3465 et
762 3414 877 3482 maiam,
896 3416 943 3470 sed
963 3423 994 3469 ut
1011 3416 1125 3483 primum
1143 3416 1202 3484 ipse
1221 3416 1336 3481 discam,
1359 3421 1467 3482 postet
1486 3420 1591 3468 ceteros
1611 3414 1734 3481 doceam,
1762 3420 1790 3467 et
1808 3420 1910 3481 quantus

575 3482 621 3538 ille
640 3486 675 3541 sit
693 3491 834 3559 sapientia,
854 3502 972 3560 quantus
990 3493 1121 3561 potentie,
1141 3502 1169 3549 et
1187 3493 1275 3563 qualis
1288 3494 1418 3548 bonitate.
1445 3493 1522 3547 Velle
1535 3494 1604 3547 enim
1618 3493 1706 3547 omnia
1718 3500 1820 3560 qunuto
1832 3496 1911 3559 posset

576 3573 675 3618 ornatu
693 3566 830 3638 decorare,
849 3586 899 3625 nec
917 3572 966 3625 ulli
985 3573 1057 3625 bona
1075 3588 1125 3625 sua
1142 3571 1270 3635 inridere,
1288 3571 1316 3625 id
1335 3588 1385 3641 ego
1399 3571 1527 3626 bonitatis
1548 3569 1824 3625 consummatissimae
1841 3569 1910 3623 docu-

575 3652 694 3698 mentum
713 3654 820 3716 statuo,
847 3648 1034 3718 hactenusque
1059 3655 1089 3703 ut
1106 3650 1206 3705 bonum
1225 3651 1346 3719 celebro;
1374 3650 1463 3704 omnia
1489 3666 1553 3702 vero
1570 3647 1702 3715 iuvenire,
1727 3648 1910 3715 quibusquam

576 3722 691 3776 maxime
710 3736 917 3796 exornarentur,
942 3730 1168 3785 eminentissimae
1187 3731 1348 3799 sapientiae,
1373 3731 1463 3785 omnia
1481 3728 1608 3796 denique,
1624 3742 1702 3795 ·quae
1720 3734 1864 3792 statuerat,
1887 3724 1910 3777 in

938 3824 1006 3877 opus
1024 3810 1186 3877 producere,
1204 3811 1342 3880 potentiae
1360 3807 1559 3878 insuperabilis.

856 3958 941 4029 Cum
969 3960 1003 4031 S.
1032 3960 1068 4031 C.
1096 3962 1137 4030 ll.
1166 3962 1349 4049 Privilegio
1378 3960 1422 4030 ad
1451 3977 1558 4029 annos
1584 3956 1650 4029 XV.

749 4141 851 4192 utnon
869 4144 1040 4195 eustathio.
1077 4146 1223 4195 mandabat
1239 4146 1368 4194 Johauncs
1386 4143 1505 4206 Plancus,
1523 4156 1590 4192 auno
1608 4138 1749 4193 unum.

1083 4474 1403 4559 Putitttttitt.

661 4646 748 4723 Quod
771 4658 839 4711 autc
861 4651 936 4713 duos
959 4662 988 4714 et
1010 4656 1112 4731 viginti
1136 4672 1243 4727 annos,
1275 4658 1398 4731 primum
1420 4662 1509 4731 atquo
1531 4654 1638 4729 figuras
1662 4652 1791 4727 quinque
1813 4644 1907 4708 solidet
1955 4700 1957 4715 2

571 4737 651 4794 inter
673 4739 758 4796 orbes
781 4738 924 4799 coelestes
946 4745 1048 4818 reperi,
1072 4760 1135 4800 sum
1152 4749 1321 4817 auguratus,
1347 4744 1425 4819 quod
1448 4742 1567 4801 firmiter
1582 4740 1679 4797 animo
1701 4738 1831 4815 persuasi
1845 4748 1906 4804 noo,
1955 4756 1957 4815 r

574 4823 743 4898 prinsquam
766 4825 928 4887 Ptolomaei
950 4829 1130 4888 Harmonice
1152 4830 1302 4902 vidissem,
1326 4830 1404 4905 quod
1423 4830 1509 4889 titulo
1532 4828 1598 4887 lihri
1620 4824 1708 4899 hujus
1731 4826 1823 4902 quinti
1844 4836 1907 4879 nno·
1954 4844 1956 4901 t

575 4916 691 4985 cupam,
715 4914 884 4989 priusquam
907 4915 943 4975 de
965 4934 996 4975 re
1019 4920 1084 4994 ipsa
1106 4925 1201 4977 certus
1225 4934 1332 4989 essem,
1356 4918 1504 4994 pollicitus
1527 4934 1592 4975 aum
1615 4915 1727 4987 amieis,
1754 4910 1831 4989 quod
1850 4914 1905 4967 ante
1954 4928 1956 5001 3

575 4995 702 5055 sedecim
725 5015 819 5059 annos
841 5001 958 5079 publico
981 5008 1089 5081 scripto
1112 5004 1312 5081 quaerendum
1334 5006 1496 5076 inculcavi,
1525 5002 1609 5078 cujus
1633 5017 1724 5059 causa
1754 5002 1829 5059 vitae
1848 5010 1905 5072 ptr·
1953 5024 1955 5077 i

575 5090 633 5143 tem
665 5087 805 5161 optimam
838 5093 1040 5150 ashonomicie
1073 5092 1369 5170 contemplationibus
1400 5090 1543 5169 impendi,
1578 5086 1750 5168 'Pythonem
1777 5084 1904 5147 Braheum
1953 5150 1955 5187 Ι
