4467 6192
845 658 930 720 mter
947 658 978 718 v.
996 658 1087 733 (tepus
1103 657 1151 720 lx.
1632 671 1692 736 nor

341 849 423 900 uvae
445 842 477 908 ¹1,
493 840 652 909 dissuens,
682 855 772 910 neom
793 838 827 899 ad
844 839 968 909 proxime
990 839 1102 898 minoris
1126 839 1253 909 diapente
1272 837 1304 906 Ἰ,
1322 840 1474 910 anpumtinm
1496 845 1695 908 conuenerant.

340 921 414 978 usn
433 919 487 976 otai
504 935 598 976 verum
615 928 671 988 est,
696 919 770 989 qnod
787 917 841 973 duo
859 915 999 986 planetae,
1022 917 1154 974 facientes
1178 919 1306 988 diapente
1328 921 1552 988 conversantibus
1575 932 1696 980 motuum

340 996 491 1062 extremis,
508 1003 536 1052 et
553 996 685 1067 diapason
703 996 918 1066 divergeutibus,
946 998 1026 1054 iidem
1045 998 1127 1053 eiiam
1146 1007 1238 1054 sextus
1256 996 1346 1054 lacere
1368 1005 1396 1052 et
1417 1000 1457 1054 sio
1474 999 1561 1056 diesin
1589 1019 1697 1073 quoqne

340 1091 488 1148 permeare
506 1074 624 1144 possint,
644 1082 672 1130 ot
690 1074 742 1130 hoc
760 1090 816 1132 non
832 1077 968 1134 redoleret
985 1078 1150 1146 singularem
1168 1075 1364 1146 providentiam
1382 1076 1551 1134 Ordinatoria
1567 1087 1697 1136 motuum.
1796 1099 1801 1111 τ

341 1151 437 1207 Diesia
456 1154 535 1209 enim.
553 1153 690 1208 minimum
708 1153 919 1225 intervallorum,
937 1161 1074 1225 potestate
1092 1155 1181 1210 lateus
1193 1155 1220 1208 in
1233 1154 1380 1222 majoribus
1393 1153 1614 1226 omnibns,.qnae
1627 1173 1698 1212 oom-

341 1231 553 1302 pralrendnntnr
570 1229 605 1285 ab
622 1232 749 1286 extremis
766 1241 896 1302 motuum,
915 1235 976 1305 lpas
984 1238 1140 1304 permeatur
1157 1233 1264 1304 quidem
1283 1241 1347 1288 tuno
1365 1233 1511 1289 arnotibua
1523 1233 1698 1308 intermediis,

344 1310 478 1364 continua
509 1310 634 1365 tensione
664 1311 785 1375 surmus,
808 1321 837 1366 at
864 1313 1137 1381 non,deternrinatnr
1161 1311 1195 1366 ab
1222 1329 1315 1367 eornm
1341 1313 1482 1380 extremis,
1509 1331 1570 1369 eum
1592 1330 1699 1385 semper

341 1388 434 1442 minor
450 1388 489 1442 ait
504 1403 569 1456 para
588 1397 654 1457 toto,
673 1389 756 1444 diesis
774 1389 880 1444 scilicet
895 1389 1038 1446 intervallo
1056 1391 1159 1460 maiore
1177 1391 1224 1460 ii„
1244 1390 1316 1462 qnod
1329 1399 1371 1446 est
1387 1391 1459 1446 inter
1470 1394 1501 1462 ii,
1519 1400 1547 1449 et
1563 1394 1605 1464 ¹i2,
1625 1396 1699 1463 qnod

340 1464 433 1519 ictum
450 1481 470 1519 a
485 1473 607 1522 motuum
625 1468 753 1524 extr-ensis
771 1468 945 1524 determinari
962 1471 1007 1524 hic
1023 1477 1178 1540 poneretur.
1415 1459 1418 1472 ⁸

432 1558 458 1617 P
466 1561 657 1636 ropoaitlo
679 1559 799 1636 xxiv,
844 1561 987 1622 Pisuetae
1010 1561 1086 1649 duo,
1110 1563 1160 1638 qni
1182 1567 1294 1621 mutant
1314 1578 1407 1639 genus
1430 1561 1615 1639 harmoniae,
1640 1563 1698 1625 dii·

342 1643 499 1705 ierentiam
521 1652 702 1726 propriarum
725 1649 945 1728 proportionum
969 1651 1044 1708 iuter
1066 1658 1197 1709 motuum
1221 1658 1358 1724 extrema,
1388 1649 1494 1709 debent
1516 1651 1611 1724 iacere
1636 1653 1700 1716 die·

341 1733 406 1807 sin,
440 1739 579 1796 etunius
608 1739 725 1813 propria
751 1739 901 1814 proportio
931 1735 1019 1797 debet
1046 1753 1110 1798 ease
1140 1737 1235 1813 major
1257 1729 1364 1813 dieai3'
1382 1725 1699 1816 debentquemotibus

340 1819 470 1898 spiseliia
493 1823 589 1884 iacere
610 1834 759 1884 sertatum
783 1843 884 1898 ursum,
907 1823 1061 1902 perihellia
1082 1824 1255 1901 reliquam..
1313 1891 1318 1904 ⁸

432 1921 502 1978 Gom
518 1922 589 1980 enim
608 1931 730 1980 extrema
747 1923 869 1980 motuum
887 1924 956 1980 duaa
977 1923 1079 1979 laomnt
1095 1923 1266 1992 harmonias,
1288 1922 1369 1979 unica
1388 1924 1457 1980 diesi
1473 1905 1645 1994 differentes,
1672 1925 1701 1982 id

342 2007 438 2070 potest
454 2003 516 2060 fleri
532 2005 693 2075 tripliciterr
718 2013 765 2059 aut
782 2005 870 2072 enin,
889 2011 920 2058 nt
938 2004 1018 2058 onina
1041 2004 1172 2075 planetae
1188 2010 1279 2058 motus
1296 2009 1405 2056 maneat
1422 2011 1565 2075 tonsione,
1589 2004 1700 2066 alterius

342 2080 466 2135 verim
482 2098 533 2150 per
551 2083 653 2154 diesin,
672 2091 720 2140 aut
738 2090 769 2140 ut
785 2090 901 2154 uterque
920 2083 1038 2140 varietur
1055 2100 1105 2153 per
1124 2083 1264 2138 semissem
1282 2081 1389 2137 ἁὶοοοοε
1400 2081 1558 2154 faciantque
1577 2083 1621 2152 ἰμ’
1640 2099 1702 2138 sax·

342 2163 402 2212 tem
417 2160 561 2229 maiorem,
579 2162 688 2232 qnando
706 2163 832 2232 superior
848 2170 892 2219 eat
907 2164 936 2218 in
953 2163 1075 2233 spireio,
1094 2162 1207 2217 inferior
1223 2160 1251 2214 in
1269 2159 1414 2228 periheiio;
1438 2176 1473 2214 en
1490 2161 1523 2215 iia
1542 2164 1642 2232 spatiis
1655 2177 1702 2222 ex.

342 2254 428 2294 enno
444 2238 528 2311 nem,
547 2240 598 2296 sibi
615 2249 710 2296 matun
727 2241 876 2311 obviantes,
895 2243 1019 2312 superior
1036 2257 1124 2311 usque
1141 2241 1170 2296 in
1187 2239 1357 2310 perihellnnn
1380 2239 1492 2295 inierior
1507 2241 1537 2296 ln
1554 2243 1702 2312 apheliurn,

342 2317 450 2372 iaciant
468 2320 515 2386 ii„
537 2326 642 2374 sextam
660 2319 805 2391 minorem3
824 2329 873 2376 ant
888 2320 1006 2391 demque
1024 2329 1055 2376 ot
1068 2333 1139 2374 unus
1157 2318 1243 2374 altero
1261 2316 1324 2388 pins
1343 2318 1430 2372 variet
1447 2325 1552 2374 motum,
1570 2337 1650 2376 suum
1668 2323 1702 2378 alr
1798 2342 1802 2350 “

343 2394 456 2464 ψιτοιίο
474 2397 503 2452 in
520 2396 682 2465 peribolimn
700 2397 789 2468 sitque
807 2415 937 2456 uceesoa
949 2399 1030 2454 anina
1044 2399 1162 2464 dieseon
1180 2406 1210 2453 et
1222 2396 1260 2452 sic
1279 2403 1358 2452 sexta
1369 2395 1455 2465 major
1467 2398 1503 2452 sit
1517 2399 1590 2454 inter
1601 2408 1703 2462 utram·

345 2489 400 2544 qne
418 2472 572 2544 apheliusn,
596 2484 674 2529 sexta
692 2477 781 2532 minor
804 2478 876 2534 inter
894 2485 1040 2544 atrumque
1058 2476 1228 2546 perihelium.
1265 2475 1371 2530 Primus
1390 2490 1453 2530 sero
1475 2477 1572 2534 modus
1590 2495 1648 2535 non
1663 2484 1706 2534 ast

321 2551 501 2621 'legitimam
525 2563 600 2610 εεεει
623 2557 694 2610 enim
717 2557 786 2612 alter
801 2558 900 2625 lorum
918 2558 1090 2627 planetarum
1113 2555 1173 2612 sine
1198 2553 1413 2622 strennuitate,
1440 2565 1536 2612 contre
1553 2558 1661 2616 monn
1678 2561 1705 2616 i.

336 2631 428 2686 ¹Alter
445 2631 542 2690 modus
558 2635 648 2692 murus
666 2635 781 2704 pulcher
797 2636 850 2693 init
865 2644 896 2693 et
912 2638 1002 2693 minus
1020 2637 1193 2704 commodum
1211 2634 1300 2690 minus
1312 2633 1434 2702 pulcher,
1454 2635 1518 2706 quia
1535 2637 1624 2692 mlum
1642 2637 1704 2692 lrsr·

347 2713 488 2776 monicus,
505 2712 622 2770 duorum
640 2715 712 2770 enirn
729 2714 901 2784 planetarum
918 2716 1047 2785 propriso
1057 2721 1181 2770 motuum
1192 2710 1384 2782 proportiones
1393 2710 1508 2769 minuent
1519 2714 1706 2770 inconcinnas

346 2810 412 2849 nasa
430 2793 622 2850 inconcinnum
639 2803 691 2862 est,
709 2794 839 2865 quicqmd
857 2803 900 2851 est
917 2795 986 2850 diesi
1002 2797 1106 2860 minum
1128 2800 1251 2864 praestat
1268 2806 1344 2859 uero,
1363 2807 1446 2846 unum
1464 2792 1553 2848 solam
1570 2793 1706 2861 planetam

348 2872 403 2927 lrao
421 2871 584 2928 inconcinna
601 2875 738 2943 parvitate
760 2875 899 2944 laborare3
929 2876 993 2946 quin
1012 2890 1047 2929 na
1064 2873 1125 2930 fieri
1143 2869 1251 2942 quidem
1270 2869 1374 2938 potuit,
1401 2872 1465 2938 qnia
1483 2871 1597 2926 extremi
1613 2878 1705 2926 motus

348 2951 404 3009 troc
420 2960 505 3021 pacto
522 2954 699 3009 sumserit
715 2969 733 3008 a
750 2953 818 3009 loeis
835 2955 991 3024 systemada
1009 2969 1058 3008 sen
1078 2951 1201 3007 clavibus
1220 2949 1310 3005 aoalse
1328 2950 1461 3020 musicae,
1476 2959 1582 3006 ¹oontra
1599 2967 1641 3020 pr.
1661 2951 1703 3006 22.

353 3031 451 3088 Minus
468 3031 551 3086 etiam
570 3032 727 3088 commodus
740 3031 858 3100 inisset,
883 3033 948 3103 quia
965 3040 1061 3088 sertae
1079 3031 1133 3086 illie
1153 3027 1341 3084 tantummodo
1359 3030 1502 3085 momentis
1521 3029 1700 3096 contigissent

349 3111 453 3179 quibua
472 3112 599 3181 planatae
616 3111 734 3168 iuuaent
750 3113 780 3168 in
796 3112 940 3168 contrariis
958 3110 1114 3182 opsidibua3
1134 3107 1209 3164 nulla
1227 3105 1326 3162 sunsei
1343 3106 1471 3176 latitudo,
1489 3122 1539 3178 per
1556 3123 1638 3176 qnam
1655 3107 1707 3164 lusa

349 3200 450 3248 sextae
473 3199 503 3246 et
524 3191 563 3246 sic
587 3191 754 3247 universales
772 3191 927 3248 harmoniae
947 3191 1099 3248 secundum
1121 3206 1168 3245 eae
1186 3187 1342 3255 contingere
1364 3189 1530 3257 potuisseut3
1554 3187 1708 3243 rarissimae

350 3275 441 3343 igitur
455 3271 586 3330 menas
602 3270 957 3340 nmuersalealarmonise,
983 3272 1051 3328 lucia
1068 3271 1241 3341 planetarum
1258 3265 1382 3321 omnibns
1406 3266 1441 3322 sd
1459 3274 1596 3322 cenorum
1619 3268 1647 3321 in
1666 3283 1708 3322 οι·-

351 3352 497 3407 bitiasuia
514 3357 543 3407 at
559 3350 702 3407 amicornm
718 3358 883 3419 punctorum
899 3351 1041 3419 angustias
1059 3349 1192 3415 redariis;
1211 3355 1308 3406 contra
1319 3349 1426 3403 axioma
1441 3349 1481 3403 19.
1518 3347 1616 3402 Restat
1627 3347 1710 3415 igitur

352 3431 454 3487 nodus
471 3430 584 3501 terfins,
602 3437 633 3487 ut
648 3439 765 3500 utaque
781 3429 891 3500 quidem
907 3429 1078 3498 plmetsrmn
1095 3445 1177 3483 suum
1192 3428 1332 3500 proprium
1348 3426 1436 3482 varim
1443 3432 1555 3496 motum,
1574 3426 1623 3482 sed
1641 3424 1711 3480 alter

354 3511 447 3598 alterp
462 3511 528 3580 pins
543 3527 595 3582 per
611 3527 694 3571 onan
709 3511 860 3580 pertentans
877 3508 965 3564 diesin
983 3508 1019 3564 sd
1035 3508 1183 3562 minimum.

446 3603 664 3681 Propoaltlo
688 3601 792 3664 XXV.
836 3601 1034 3674 Planeturmn,
1058 3619 1151 3677 geone
1174 3601 1345 3660 hermoniae
1367 3601 1555 3673 mutantium,
1579 3601 1712 3676 superior

357 3690 451 3752 debet
481 3691 590 3753 habere
619 3693 836 3769 proportionem
866 3697 998 3749 motuum
1034 3687 1217 3765 propriorum
1255 3689 1395 3748 minorem
1423 3695 1493 3746 tono
1524 3703 1616 3763 parvo
1643 3680 1710 3771 Ἀθ,
1765 3751 1773 3776 .

357 3779 481 3839 interior
501 3795 571 3849 vero
592 3780 734 3839 minorem
756 3779 911 3838 iemitoulo
937 3771 1019 3860 “lw

395 3893 401 3916 τ
431 3881 503 3936 liam
520 3889 569 3936 ant
580 3879 697 3951 apheliia
714 3878 832 3934 motibus
850 3877 952 3932 sacient
972 3879 1019 3946 Ἃ,
1037 3882 1085 3932 ant
1103 3875 1254 3946 periheliia,
1272 3889 1322 3944 per
1339 3873 1523 3944 praemissam.
1560 3871 1622 3927 lion
1640 3873 1712 3952 peri·

358 3961 452 4031 netur,
472 3968 547 4018 esset
564 3960 640 4016 enirn
652 3966 720 4014 tnnc
737 3957 907 4027 apheliornm
924 3959 1045 4010 motuum
1058 3957 1111 4024 is„
1135 3951 1246 4008 inferior
1263 3951 1346 4020 igitur
1364 3969 1418 4006 una
1437 3951 1504 4008 desi
1521 3950 1583 4020 plus
1600 3951 1714 4008 haberet

356 4046 385 4099 in
403 4041 584 4114 proportione
601 4039 712 4108 propria
729 4051 810 4105 qnam
830 4037 968 4104 superior,
993 4049 1044 4104 per
1060 4034 1175 4090 eandem
1193 4031 1378 4101 praemissam.
1416 4029 1448 4084 ld
1471 4043 1535 4084 vero
1558 4037 1600 4085 εει
1618 4039 1713 4086 conus

357 4124 471 4179 aione
490 4121 530 4176 10.
564 4118 683 4174 Faciunt
698 4117 784 4186 ipsun
798 4113 916 4184 spinellis
927 4114 959 4182 ii,
976 4111 1116 4184 perihelila
1129 4111 1162 4178 ll,
1180 4113 1277 4180 minna,
1296 4109 1444 4180 qnamiilic
1454 4125 1504 4180 per
1517 4109 1580 4178 ”tw
1610 4107 1713 4176 Quodsi

357 4201 465 4272 spiselii
481 4207 572 4256 notus
589 4197 695 4254 iaciunt
710 4194 929 4254 mandarun
947 4193 990 4262 *ιω
1008 4208 1072 4263 erpo
1089 4191 1240 4261 superioris
1259 4189 1385 4260 apheliua
1407 4203 1468 4244 cum
1490 4185 1628 4246 inferioris
1644 4185 1713 4254 pari·

356 4281 435 4338 irelio
453 4279 537 4336 iactet
552 4278 616 4348 pias
633 4293 718 4346 quan
740 4281 846 4332 sextam
864 4273 973 4343 duram,
1000 4272 1113 4340 adiiciet
1125 4272 1194 4328 enim
1212 4269 1324 4328 inferior
1341 4273 1426 4322 totam
1448 4266 1584 4336 propriam
1601 4280 1713 4334 propor-

357 4363 474 4420 tionem.
508 4358 614 4414 Eodem
632 4355 726 4422 modo,
745 4355 769 4409 ei
785 4352 912 4424 periheiii
928 4360 1018 4408 moins
1035 4351 1139 4406 inciunt
1157 4359 1263 4406 sertam
1280 4347 1390 4404 moilens
1408 4345 1454 4412 li„
1479 4344 1626 4414 superioris
1644 4343 1714 4413 peri-

357 4441 453 4497 iselins
471 4448 500 4495 et
516 4436 652 4497 inferioris
670 4434 793 4506 apheliue
812 4431 914 4488 facient
930 4432 1018 4486 minua
1036 4447 1119 4500 qnam
1135 4439 1243 4486 sextam
1259 4427 1385 4496 mollem;
1410 4422 1498 4480 aufert
1516 4421 1585 4476 enirn
1604 4419 1715 4478 inferior

358 4528 450 4576 totam
475 4535 552 4576 anan
574 4516 712 4588 propriam
737 4510 948 4584 proportionem.
992 4509 1098 4578 Quodsi
1125 4509 1260 4565 inferioris
1284 4503 1424 4578 proportio
1451 4500 1561 4572 propria
1585 4509 1715 4570 aequaret

359 4599 537 4656 semitonium
559 4598 628 4665 ¹⁶l„‚
651 4593 709 4662 jam
723 4595 827 4662 'posset
852 4597 962 4662 praeter
986 4597 1077 4645 sextas
1097 4589 1177 4644 etiam
1201 4588 1328 4658 diapente
1352 4581 1519 4652 contingere,
1547 4577 1611 4646 qnia
1637 4587 1716 4638 seria

360 4677 462 4746 mollia,
476 4674 608 4730 diminuta
619 4672 772 4738 semitonio,
790 4669 821 4725 fn
833 4669 971 4741 diapente3
983 4669 1036 4723 hoc
1049 4685 1112 4724 vero
1126 4675 1168 4723 esi
1180 4673 1275 4721 eontra
1287 4679 1363 4734 prop.
1373 4663 1415 4717 23.
1446 4657 1537 4713 Minus
1548 4657 1630 4725 igitur
1638 4657 1715 4713 serni·

358 4757 438 4812 tonio
456 4755 542 4810 tabes
558 4751 669 4821 plsnste
684 4749 796 4804 inferior
812 4751 841 4804 in
857 4749 998 4805 intenaiio
1009 4746 1068 4803 ‘sibi
1085 4744 1204 4815 proprio.
1241 4743 1278 4797 iit
1290 4742 1354 4809 quia
1366 4737 1512 4807 superioris
1529 4736 1640 4807 propria
1655 4754 1716 4806 pro.

358 4837 452 4906 portio
469 4833 559 4902 maior
575 4838 619 4885 eat
634 4827 746 4900 propria
762 4826 899 4884 interioria
916 4842 966 4898 per
983 4841 1064 4881 unam
1082 4823 1184 4886 diesim
1202 4821 1285 4876 diesis
1303 4833 1366 4872 uero
1380 4815 1473 4872 addita
1491 4815 1633 4872 semitonio
1651 4815 1717 4872 lacit

361 4925 459 4971 tonum
468 4914 601 4968 minoren
613 4912 676 4977 ’lm
693 4907 842 4978 superioria
853 4904 938 4977 igitur
954 4902 1065 4973 propria
1076 4900 1217 4971 proportio
1230 4906 1272 4956 est
1281 4897 1368 4952 minor
1380 4911 1459 4966 quam
1470 4901 1553 4952 tonus
1561 4896 1649 4952 minor
1659 4895 1716 4964 ⁹i„,.

450 5021 674 5098 Propositio
697 5016 818 5078 xxvi.
863 5014 1059 5085 Piauetarum,
1082 5017 1176 5088 genus
1198 5009 1570 5082 harmoniaemutantiom,
1586 5007 1718 5086 superior

363 5113 467 5176 debuit
498 5109 607 5172 nonme
639 5107 686 5167 uel
704 5105 810 5166 -dieain
843 5103 988 5183 duplIoem
1012 5093 1125 5182 mim,
1156 5097 1212 5158 ison
1242 5103 1286 5157 est
1311 5091 1379 5178 ¹¹²l„,
1401 5093 1476 5176 iere,
1505 5111 1557 5176 pro
1586 5101 1716 5154 motuum

1491 5199 1562 5259 20*
