4467 6192
930 635 973 723 lie
989 634 1112 690 Motibus
1130 635 1304 692 Planetansm
1322 633 1502 691 Harmonicis.

1113 906 1257 980 CAPUT
1284 907 1337 978 vl.

544 1023 879 1116 lnseatremitatibua
895 1035 1047 1106 motuum
1060 1051 1330 1120 planetariorum
1355 1015 1543 1121 expressos
1563 1063 1638 1104 case
1659 1037 1876 1117 quodammodo

975 1138 1091 1195 modos
1109 1154 1170 1195 seu
1188 1145 1284 1196 tonos
1303 1139 1465 1195 musicos.

629 1299 769 1378 Sequitur
791 1299 847 1360 hoc
869 1317 906 1362 ex
928 1298 1085 1362 antedictis
1107 1317 1162 1359 nec
1185 1317 1260 1378 opus
1282 1313 1327 1368 est
1348 1297 1459 1374 moltisv
1473 1295 1580 1370 verbis,
1603 1291 1711 1372 singuli
1732 1290 1805 1351 enim
1824 1286 1879 1365 pla·

543 1400 629 1449 netas
649 1386 770 1464 ¹singule
791 1383 1009 1463 quodammodo
1037 1388 1156 1462 signant
1181 1386 1248 1448 loce
1270 1387 1438 1465 systematis
1469 1392 1551 1443 motu
1574 1380 1731 1462 perihelio,
1754 1383 1880 1454 quatem

544 1473 644 1555 datum
675 1484 722 1536 eat
743 1473 882 1550 singolis,
914 1491 1081 1553 percurrere
1104 1483 1215 1536 certum
1237 1473 1357 1550 aliquod
1385 1471 1572 1532 intervallum
1603 1471 1633 1528 in
1662 1467 1744 1528 seele
1774 1467 1881 1534 musica,

544 1551 630 1623 eeitta
653 1558 720 1638 ejus
741 1556 875 1620 clavibus
896 1580 951 1622 seu
974 1552 1050 1622 locis
1072 1562 1241 1640 systematis
1257 1560 1507 1639 comprehensum,
1532 1557 1674 1636 cujusque
1695 1555 1734 1614 ab
1749 1549 1881 1610 illaelaee

543 1667 596 1712 seu
618 1649 684 1711 loco
709 1643 871 1726 inceptum,
896 1650 956 1726 ⁴1⁰¹
970 1650 1078 1727 ⁸capite
1097 1647 1285 1728 praecellenti
1312 1649 1435 1724 conligit
1457 1645 1536 1706 illios
1559 1645 1651 1704 motui
1674 1638 1805 1720 aphelio,
1834 1636 1882 1696 Sa·

540 1746 629 1820 temo
660 1733 779 1817 quidem
806 1743 836 1796 et
865 1735 973 1798 Terrae
992 1733 1033 1810 G,
1064 1735 1189 1818 atJovl
1211 1735 1247 1812 i,
1275 1752 1357 1814 quae
1385 1737 1415 1793 in
1441 1731 1468 1794 G
1490 1732 1579 1793 altius
1611 1729 1761 1808 transponi
1791 1729 1881 1802 potest,

544 1823 634 1886 Marti
654 1824 704 1901 sp,
728 1822 838 1884 Veneri
859 1821 891 1896 ε’,
913 1821 1059 1886 Mercurio
1082 1843 1104 1886 o
1125 1826 1155 1884 iri
1178 1823 1277 1883 altiori
1299 1830 1469 1902 systemate.
1514 1817 1592 1879 Vide
1615 1815 1747 1894 singulos
1768 1815 1797 1871 ln
1817 1810 1883 1870 notis

391 1902 396 1916 ’
501 1985 504 1990 ,
547 1911 671 1972 usitatis.
717 1909 783 1969 Non
800 1910 932 1988 {formant
954 1910 1073 1990 quidem
1095 1907 1283 1971 intermedloe
1305 1910 1395 1984 locos,
1421 1903 1496 1986 qnos
1518 1907 1566 1968 liic
1590 1905 1673 1965 vides
1694 1903 1772 1962 notis
1793 1898 1884 1975 imple·

548 2008 602 2070 tos,
626 1997 790 2073 mceolice,
813 1999 890 2079 {elcut
912 2005 1067 2072 extremos,
1089 2001 1161 2075 quia
1185 1998 1222 2058 ab
1235 2015 1293 2080 eno
1309 2004 1439 2059 extremo
1462 2012 1519 2055 non
1539 1991 1664 2053 saltibus
1686 1984 1884 2058 etintendit,

545 2083 600 2147 scd
629 2086 770 2150 continua
797 2085 931 2146 tensione
956 2088 1088 2145 nituntur
1110 2085 1149 2144 ad
1178 2086 1363 2162 oppositum,
1395 2081 1492 2144 media
1521 2081 1620 2142 omnla
1642 2077 1771 2158 (infinita
1791 2075 1819 2132 in
1838 2089 1885 2150 po·

545 2173 653 2251 tentia)
674 2177 859 2249 permeantes
881 2179 963 2247 ectu,
993 2171 1024 2234 it
1045 2171 1125 2250 quod
1148 2171 1233 2234 aliter
1255 2189 1273 2232 e
1296 2189 1342 2233 me
1364 2189 1422 2231 non
1453 2171 1550 2248 potuit
1572 2167 1710 2245 exprimi,
1738 2179 1823 2240 quam
1841 2175 1884 2238 pst

545 2261 714 2322 continuam
734 2262 840 2320 seriem
862 2257 998 2320 notarum
1019 2259 1267 2322 intermediamm.
1312 2259 1414 2319 Venus
1437 2259 1497 2318 lere
1519 2263 1619 2315 manet
1640 2255 1669 2312 ln
1683 2253 1815 2322 unisono,
1836 2263 1884 2306 noa

545 2365 678 2428 aequans
701 2348 843 2408 tensionis
864 2345 1057 2434 amplitucline
1078 2344 1129 2408 vel
1152 2349 1303 2408 minimum
1326 2365 1362 2408 ex
1385 2345 1536 2407 concinnis
1558 2337 1732 2402 intervallis.

1001 2713 1119 2786 Jupiter.
1238 2685 1262 2752 ,⁴

707 2904 725 2946 ³
771 2921 830 2948 -’-
982 2861 1718 3054 Ἑῖὲἕὲΐῐ-ΞῙΤ

695 3105 701 3115 0

708 3131 715 3145 Ο

974 3133 997 3203 ,’
1095 3137 1257 3197 llereoriut.

636 3359 727 3444 Atqni
749 3362 902 3437 algnetnra
924 3360 1048 3422 imnum
1069 3364 1099 3420 in
1123 3363 1269 3436 commoni
1291 3369 1451 3442 systemate
1473 3359 1602 3423 slaviam
1626 3367 1657 3420 et
1677 3360 1811 3423 lennatio
1831 3377 1886 3420 aee·

548 3447 601 3508 leti
632 3457 756 3508 octavae
783 3464 836 3525 per
865 3448 1153 3527 comprehensionem
1188 3441 1261 3510 certi
1288 3449 1434 3512 mtervslll
1465 3451 1597 3512 concinni
1629 3453 1675 3507 est
1705 3449 1887 3510 rudimentum

548 3531 699 3611 quodiam
730 3535 925 3595 distinctionis
957 3543 1092 3596 tonorum
1118 3553 1172 3596 seu
1200 3537 1371 3614 motorum,
1403 3547 1473 3598 sont
1494 3551 1563 3612 ergo
1592 3534 1672 3594 mooli
1693 3540 1799 3598 musici
1824 3537 1887 3594 iota

547 3621 683 3700 planetes
706 3621 857 3700 dispertiti.
900 3622 969 3683 Belo
992 3623 1136 3701 equidem,
1160 3623 1198 3684 acl
1220 3625 1423 3685 formationem
1444 3633 1475 3685 et
1488 3623 1687 3684 definitionem
1700 3624 1887 3684 dtansetonm

548 3706 702 3768 molemus
723 3713 830 3786 requiri
853 3709 946 3786 plora,
970 3727 1049 3788 qnae
1070 3719 1174 3772 cantas
1196 3711 1327 3784 humani,
1350 3715 1460 3791 quippe
1477 3711 1665 3787 immensitati,
1686 3711 1887 3789 aontpmprim

548 3797 649 3873 ltaque
671 3811 745 3857 rose
767 3797 991 3873 qnodmnmodo
1012 3816 1077 3858 sum
1098 3815 1180 3859 oses.
1241 3839 1244 3846 -

636 3883 774 3944 biberem
796 3897 894 3945 autem
916 3888 971 3945 erit
991 3885 1197 3960 lamentatae,
1220 3888 1393 3954 sententiam
1414 3885 1585 3966 depromere
1598 3901 1691 3961 suam,
1714 3904 1801 3964 quem
1815 3887 1886 3960 oub-

551 3985 608 4045 qne
629 3971 749 4047 planeta
770 3972 890 4032 modom
912 3975 1055 4050 exprimat
1077 3976 1211 4052 propios,
1240 3977 1376 4034 extremis
1397 3973 1446 4035 hle
1466 3975 1522 4052 lpsi
1545 3975 1711 4051 sampsatia.
1755 3975 1818 4049 Ego
1837 3971 1885 4032 aa·

549 4065 635 4118 tomo
657 4056 756 4118 darem
785 4077 822 4118 ex
843 4061 960 4119 usitatis
980 4063 1138 4138 septimum
1161 4060 1209 4122 vel
1231 4069 1385 4135 octavum,
1416 4061 1487 4138 quia
1515 4061 1543 4120 al
1563 4060 1722 4122 radicalem
1744 4061 1808 4138 ejus
1832 4057 1885 4117 ela·

550 4161 620 4204 vem
639 4161 734 4223 ponas
758 4144 800 4219 G,
829 4147 987 4225 periheliot
1009 4158 1107 4208 motos
1130 4147 1262 4210 ascendit
1283 4148 1321 4208 ad
1343 4150 1378 4224 ls3
1408 4147 1480 4209 Jovl
1506 4148 1632 4226 primum
1660 4149 1709 4208 vel
1730 4145 1885 4216 mmnlon,

453 4298 457 4304 ,
550 4235 622 4308 qnia
644 4233 762 4311 aphello
784 4233 848 4310 clos
861 4241 951 4311 ,moto
974 4234 1013 4295 sd
1036 4234 1065 4296 G
1087 4231 1324 4311 aeoemmodato,
1353 4236 1512 4314 penneltun
1534 4233 1573 4294 ed
1595 4237 1613 4295 t
1635 4238 1782 4312 persenit3
1810 4232 1885 4292 llmti

552 4321 685 4396 quintam
708 4319 756 4379 rel
778 4316 901 4397 sextrim,
924 4339 983 4382 noo
1006 4340 1042 4384 eo
1065 4331 1194 4398 tentum,
1218 4325 1288 4400 qaia
1309 4323 1368 4384 iere
1390 4323 1528 4401 diapente
1548 4325 1728 4400 sumator,
1751 4320 1828 4399 qood
1847 4322 1885 4378 in·

551 4406 706 4467 temallnm
727 4423 880 4470 commune
909 4417 956 4469 est
977 4411 1111 4471 omnibns
1133 4410 1243 4485 modis,
1274 4411 1326 4471 sed
1348 4409 1415 4474 lieo
1445 4412 1643 4489 potissimum,
1673 4413 1744 4486 quia
1765 4409 1885 4470 redactos

473 4552 477 4561 ,
553 4511 619 4554 com
632 4497 744 4555 ceteris
774 4497 812 4555 ad
834 4511 987 4557 commone
1009 4491 1148 4575 syat'ema,
1171 4498 1314 4576 perihelio
1334 4505 1416 4558 motu
1439 4517 1455 4558 e
1476 4500 1657 4574 assequitur,
1687 4497 1804 4576 spiratio
1823 4491 1889 4568 ati!

553 4579 665 4655 alludit,
689 4599 765 4658 quae
787 4583 877 4642 radix·
893 4591 938 4644 est
958 4586 1020 4644 toni
1042 4601 1095 4644 ecc
1116 4585 1195 4646 modi
1219 4587 1314 4662 quinti
1337 4585 1384 4646 vel
1405 4585 1499 4661 sexti3
1528 4584 1639 4646 ‘l'ellonl
1661 4584 1761 4646 darem
1782 4585 1884 4644 mcum

553 4667 602 4727 rel
625 4677 775 4743 quartum,
807 4671 879 4747 quis
900 4673 977 4732 intra
996 4674 1184 4738 semitonium
1215 4673 1279 4750 ejus
1301 4681 1398 4732 motus
1425 4679 1593 4746 venentur,
1622 4681 1654 4732 et
1675 4689 1746 4732 sero
1770 4673 1885 4749 primum

552 4753 669 4814 illomm
690 4763 825 4816 tonorum
846 4757 1032 4819 intervallum
1054 4767 1099 4819 eat
1119 4762 1304 4821 semitonium
1311 4766 1325 4836 ς’
1346 4759 1490 4822 Mercurio
1512 4776 1582 4820 sero
1612 4761 1652 4820 ob
1678 4757 1884 4837 amplitudinem

554 4840 700 4901 intervalli
727 4847 890 4919 promiscue
919 4863 1020 4907 omnes
1046 4847 1126 4906 modi
1155 4848 1202 4908 vel
1225 4851 1287 4907 tool
1310 4849 1500 4923 convenient,
1532 4846 1641 4907 Veneri
1672 4847 1710 4908 ob
1733 4847 1884 4924 mian

478 4986 484 5004 s
555 4927 702 4990 intemlll
722 4929 810 5006 plane
831 4932 937 5008 nullm,
960 4942 992 4994 at
1014 4933 1052 4995 ob
1075 4952 1226 4996 commune
1245 4941 1377 5013 systema
1399 4937 1486 4995 etiam
1508 4936 1610 4995 tertius
1633 4941 1663 4994 et
1677 4941 1805 5012 quartus,
1826 4931 1884 5009 qaia

556 5017 622 5094 ipsa
640 5025 774 5093 respectu
796 5025 954 5090 ceterorum
976 5020 1089 5089 obtinet
1110 5041 1142 5082 ο..
1173 5024 1706 5106 (lellirscanitlssfflstpllflmtrelex
1719 5025 1819 5098 syllaba
1831 5035 1883 5082 cor·

553 5107 640 5188 jimna,
656 5108 685 5164 in
702 5109 756 5182 hoc
771 5119 865 5169 nostro
883 5109 1017 5180 domicilio
1034 5113 1186 5177 Maeniam
1203 5120 1231 5172 et
1245 5113 1372 5178 ’ΠΜ
1391 5113 1538 5184 obtinere.)
