4467 6192
543 662 607 725 ποθ
978 656 1020 711 De
1037 655 1264 725 Propontionibus
1281 656 1460 715 Harmonicir.

544 837 623 898 bunc
653 855 708 913 ego
737 842 912 897 concentum
938 834 1140 896 harmonicum
1171 838 1282 895 auctori
1306 835 1421 899 Bodino
1446 834 1534 912 Gallo
1563 840 1695 913 remitt03
1725 854 1818 915 penes
1848 854 1895 898 nor

545 925 708 986 Germanos
735 924 849 1001 judicia
876 926 906 981 ln
935 925 1100 999 praecipuis
1132 924 1299 984 civitatibus
1331 932 1360 983 et
1388 926 1546 999 prouinciis
1575 925 1676 1001 procul
1698 934 1836 985 arcemur
1863 929 1895 986 ab

538 1012 725 1090 hujusmodi
746 1012 881 1071 sordibus
913 1028 969 1071 uec
1000 1010 1077 1070 ultra
1108 1010 1206 1085 legum
1240 1014 1448 1088 praescriptum
1479 1014 1637 1089 quicquam
1671 1013 1741 1073 licet
1775 1016 1896 1087 exigere.

545 1096 581 1182 8)
605 1099 827 1159 Haereditatum
857 1098 1023 1157 distributio
1056 1098 1221 1174 aequabilis
1259 1102 1288 1155 in
1321 1103 1420 1175 capita
1454 1117 1541 1161 sexus
1574 1103 1725 1176 utriusque
1759 1101 1896 1163 aritbme-

543 1192 611 1247 tiois
642 1188 758 1264 legibus
787 1188 951 1263 peragitur,
980 1194 1014 1245 nt
1036 1188 1147 1260 origine
1174 1185 1313 1260 aequales
1342 1188 1591 1266 proportionibus,
1606 1191 1693 1249 etiarn
1716 1189 1897 1247 substantiae

543 1277 581 1335 ab
606 1275 708 1335 eodem
730 1283 813 1352 patre
837 1273 954 1333 relictae
976 1281 1147 1349 aequentur.
1194 1275 1234 1331 At
1257 1274 1325 1331 dum
1340 1276 1411 1350 reip.
1434 1275 1605 1348 consulitur,
1628 1275 1751 1351 praedia
1765 1276 1806 1335 ad
1821 1294 1896 1335 mas-

544 1362 637 1437 culos,
662 1365 712 1439 qui
734 1362 855 1422 militiae
877 1363 1063 1421 necessariae
1085 1362 1144 1417 sint
1166 1363 1244 1439 apti,
1275 1363 1417 1436 pecuniae
1440 1361 1624 1425 adiemiuas
1648 1372 1677 1423 et
1699 1363 1736 1421 ad
1759 1379 1896 1439 personas

543 1451 609 1510 lieo
631 1460 817 1510 consecratas
847 1448 1044 1509 devolvuntur
1066 1447 1194 1523 dumque
1222 1449 1406 1525 primogeniti
1430 1451 1533 1509 ceteris
1557 1448 1603 1509 vel
1626 1450 1730 1525 majori
1753 1453 1895 1526 portione,

543 1537 591 1599 vel
614 1541 704 1597 totius
718 1541 794 1597 assis
807 1538 994 1614 possessione
1009 1536 1219 1612 praeferuntur,
1243 1535 1362 1611 reliquis
1380 1536 1426 1595 rel
1442 1538 1627 1613 portionibus
1646 1542 1721 1597 inter
1736 1555 1771 1597 se
1784 1556 1896 1613 aequa—

541 1625 627 1699 libus,
652 1625 698 1685 vel
719 1626 820 1701 legato
844 1624 890 1683 rel
913 1625 1063 1683 usuiructu
1086 1622 1150 1681 solo
1174 1623 1351 1699 providetur,
1377 1632 1408 1683 ιιι
1424 1626 1522 1700 imago
1537 1623 1682 1701 quaedam
1705 1628 1895 1703 principatus,

542 1713 624 1772 utilis
644 1716 717 1790 reip.
740 1717 768 1771 in
791 1712 927 1786 familiis,
952 1719 1111 1784 statuatur3
1144 1708 1172 1769 id
1195 1710 1228 1769 fit
1251 1712 1415 1774 rationibus
1436 1712 1626 1783 harmonicis,
1652 1730 1730 1788 quae
1753 1712 1896 1773 interdum

543 1800 633 1860 durae
654 1808 723 1859 sunt
745 1799 903 1861 admodum
925 1807 956 1859 et
977 1799 1171 1871 dissonantes,
1195 1797 1293 1873 quoad
1316 1798 1456 1874 singulos,
1485 1802 1594 1877 quippe
1618 1801 1734 1861 turbata
1758 1801 1897 1861 arithme-

544 1891 602 1948 tica
624 1888 814 1966 aequalitate,
836 1886 875 1945 ad
897 1887 1150 1950 conservationem
1175 1896 1271 1945 tamen
1296 1889 1449 1945 universae
1472 1889 1601 1949 civitatis
1625 1890 1803 1965 conspirant

627 1975 736 2035 XXII.
757 1975 792 2034 lu
815 1973 949 2054 populari
980 1975 1117 2050 imperio,
1148 1972 1227 2048 quod
1252 1991 1288 2033 ex
1316 1973 1499 2035 arithmetica
1528 1975 1707 2051 aequalitate
1731 1976 1897 2035 conturma-

444 2058 452 2073 ‘
541 2072 603 2122 tum
626 2071 679 2138 est,
704 2065 785 2123 etin
808 2065 992 2139 optinuisse,
1016 2059 1096 2137 quod
1119 2077 1155 2120 ex
1177 2063 1355 2137 geometrica
1376 2060 1580 2134 similitudine,
1604 2078 1693 2139 saepe
1716 2071 1817 2123 tamen
1842 2065 1898 2123 ali-

542 2167 601 2227 qua
623 2151 900 2229 contemperationis
911 2152 997 2219 ¹ratio
1019 2149 1152 2210 babetur.
1198 2145 1237 2207 Ut
1260 2164 1325 2207 cum
1339 2148 1468 2226 populus
1483 2152 1546 2225 ipse
1561 2166 1655 2209 rerum
1670 2159 1777 2226 potens
1793 2160 1896 2227 sponte

540 2256 596 2298 sua
617 2242 747 2315 patriciis
776 2239 961 2314 potissimum
991 2236 1134 2306 bonores,
1165 2238 1368 2311 magistratus,
1397 2236 1562 2297 sacerdotia
1588 2236 1725 2311 mandet,
1756 2247 1810 2298 aut
1833 2255 1897 2299 cnm

542 2328 697 2403 optimates
720 2326 835 2402 plebem
859 2325 1001 2386 bonorum
1023 2322 1229 2383 nonnullorum
1244 2325 1414 2400 participem
1433 2324 1554 2397 iaciunt,
1576 2324 1810 2385 fructuosissima
1833 2343 1898 2385 ruu-

538 2430 611 2472 nera
639 2414 710 2473 solis
736 2414 862 2490 plebejis
884 2410 1064 2480 concedunt,
1095 2411 1217 2484 iujurias
1247 2412 1288 2469 cis
1316 2412 1356 2470 ub
1379 2413 1569 2488 optimatibus
1592 2411 1691 2471 illatas
1718 2416 1895 2489 gravissime

539 2500 736 2575 ulciscuntur,
766 2500 929 2561 libertatem
958 2499 1090 2559 tribuunt
1111 2497 1296 2559 fruendarum
1320 2498 1521 2575 voluptatum,
1551 2517 1627 2575 quas
1657 2516 1709 2575 per
1731 2516 1763 2560 se
1787 2510 1897 2561 statum

539 2587 711 2665 popularem
732 2590 820 2665 sapit,
842 2587 972 2663 suffragii
996 2584 1146 2663 quoddam
1163 2586 1214 2660 jus
1229 2584 1311 2661 plcbi
1333 2590 1504 2661 permittunt
1526 2590 1555 2646 in
1572 2586 1736 2651 candidatis
1756 2606 1792 2647 ux
1808 2600 1897 2663 geute

540 2677 716 2755 optimatum
738 2684 816 2735 carto
840 2692 961 2736 numero
983 2670 1202 2750 nuncupandis,
1231 2690 1266 2733 ex
1290 2688 1350 2748 quo
1372 2690 1492 2736 numero
1523 2677 1580 2751 ipsi
1602 2683 1706 2750 postea
1729 2678 1913 2753 optimates,

531 2764 649 2839 quibus
677 2762 794 2838 volunt,
823 2765 1011 2839 magistratus
1043 2760 1172 2820 credunt.
1218 2757 1302 2833 Quae
1332 2765 1497 2823 commuuio
1527 2762 1671 2839 quamdiu
1696 2770 1803 2839 sponte
1834 2765 1898 2841 ejus

540 2851 659 2924 ordinis,
680 2868 772 2929 penes
793 2867 881 2926 quern
905 2864 1049 2909 summum
1073 2855 1118 2907 est
1140 2850 1306 2923 imperium,
1331 2851 1478 2922 consistit,
1502 2851 1697 2912 suavissimus
1719 2852 1898 2910 concordiae

541 2940 651 2997 civium
680 2946 840 2999 concentus
866 2937 967 3011 durat3
998 2946 1029 2997 at
1059 2938 1086 2995 sl
1115 2941 1283 3006 revocetur,
1315 2938 1439 3011 primum
1462 2937 1599 3013 querelae
1627 2947 1779 3013 emergunt
1802 2940 1897 3014 partis

538 3025 697 3101 multatae,
725 3024 831 3085 deinde
853 3024 1031 3096 discordiae,
1061 3026 1147 3098 qussi
1170 3022 1288 3095 turbato
1312 3031 1467 3097 concentu,
1498 3024 1623 3101 denique
1653 3024 1701 3084 vel
1723 3026 1900 3085 transfertur

539 3116 692 3190 imperium
715 3113 763 3173 rel
787 3120 849 3174 tota
871 3114 977 3173 civitas
999 3111 1135 3170 hostibus
1157 3110 1328 3171 succumbit.
1374 3111 1455 3173 Idem
1480 3111 1515 3171 de
1534 3114 1720 3187 regionam,
1743 3115 1790 3173 cui
1806 3113 1898 3173 lami·

538 3200 621 3259 liaris
643 3210 689 3261 est
709 3200 878 3261 harmonica
899 3201 983 3274 ratio,
1007 3196 1166 3259 tenendum
1188 3200 1249 3269 erit,
1273 3200 1302 3255 in
1327 3215 1386 3280 quo
1409 3216 1484 3259 unus
1507 3206 1647 3275 quantum
1671 3202 1776 3261 ceteris
1797 3204 1899 3261 omni-

540 3289 595 3347 bus
618 3296 762 3365 praestat,
791 3294 903 3349 tsuurm
932 3288 1020 3348 etiam
1047 3284 1130 3345 solus
1152 3302 1296 3345 summum
1322 3287 1372 3360 jus
1395 3288 1508 3362 imperii
1537 3286 1685 3365 possidct;
1717 3290 1805 3346 ceteri
1842 3288 1898 3347 sub

540 3375 591 3433 illo
614 3376 724 3453 degunt
746 3376 929 3435 arithmetica
950 3372 1140 3450 aequalitate.
1185 3372 1249 3433 Hac
1272 3375 1360 3448 igitur
1390 3376 1418 3431 iu
1441 3374 1561 3449 politiae
1586 3375 1678 3435 lorum
1708 3382 1805 3449 potest
1831 3392 1898 3435 esse

539 3462 722 3537 gubernandi
746 3465 820 3522 ratio
843 3465 930 3521 trium
951 3478 1099 3538 generum,
1124 3459 1203 3536 quod
1226 3477 1315 3537 supra
1337 3463 1426 3520 etiam
1448 3461 1504 3521 No.
1528 3461 1584 3521 IX.
1608 3463 1817 3537 tangebamus,
1844 3460 1897 3523 sed

540 3549 601 3609 illic
628 3550 666 3610 de
687 3568 734 3623 re,
761 3550 811 3610 bic
832 3550 868 3609 de
890 3550 1022 3627 personis
1052 3565 1104 3609 seu
1129 3546 1292 3621 ordinibus,
1324 3550 1392 3625 reip.
1418 3550 1568 3625 membris,
1600 3553 1724 3625 agimus.
1769 3550 1898 3610 Nomai

541 3638 640 3696 omnia
660 3640 761 3697 munia
782 3654 833 3697 rcx
855 3654 892 3697 ex
914 3653 1010 3712 aequo
1033 3638 1236 3708 communicet,
1259 3635 1340 3695 nulla
1363 3637 1548 3697 distinctione
1570 3636 1734 3697 nobilitatis
1755 3654 1775 3695 a
1797 3636 1898 3714 plebe,

427 3718 430 3726 '
540 3724 691 3800 popularis
713 3726 769 3783 erit
789 3731 818 3785 et
840 3724 1040 3785 arithmeticae
1062 3722 1165 3782 similis
1188 3722 1362 3794 moderatio,
1382 3740 1440 3782 non
1464 3723 1570 3786 decora
1588 3725 1735 3800 majestati
1750 3741 1898 3795 summae,

537 3815 650 3888 quippe
673 3827 803 3872 summus
826 3814 889 3888 ipse
911 3829 977 3871 cum
1000 3810 1100 3870 intima
1122 3812 1203 3871 lance
1225 3811 1421 3886 copulabitur,
1444 3812 1526 3871 nullo
1546 3811 1644 3872 medio
1667 3812 1821 3887 interjecto
1847 3830 1899 3871 or-

539 3898 616 3970 dine,
640 3898 720 3976 quod
742 3907 848 3959 natura
869 3908 966 3959 tamen
989 3907 1078 3959 amat.
1122 3896 1200 3973 Quin
1223 3899 1281 3960 imo
1304 3900 1384 3959 cives
1413 3914 1573 3973 generosae
1596 3898 1703 3961 indolis
1725 3916 1817 3974 regno
1843 3918 1899 3958 ex-

540 3986 653 4059 cedent,
677 3990 702 4045 si
725 3986 824 4047 nullus
846 3989 961 4064 generis
983 3992 1143 4063 respectus.
1189 3986 1240 4044 Sin
1254 3988 1351 4045 omnia
1367 3987 1495 4047 conteret
1516 3990 1545 4054 in
1561 3985 1754 4060 nobilitatem,
1778 3984 1900 4047 seclusa

538 4076 656 4151 penitus
677 4072 781 4150 plebe,
809 4076 988 4150 geometrica
1011 4073 1085 4134 hacc
1106 4073 1268 4148 impormdi
1291 4073 1383 4135 lorma
1406 4076 1474 4147 erit,
1504 4073 1557 4134 sed
1582 4074 1747 4151 periculosa
1772 4084 1803 4133 et
1825 4074 1900 4133 bar-

539 4164 656 4221 mouica
676 4164 823 4222 suauitate
846 4179 965 4237 carsus3
993 4162 1120 4238 populus
1150 4163 1227 4219 enim
1256 4160 1370 4237 pollens
1393 4161 1592 4237 magnitudine
1609 4158 1742 4221 ‘taudem
1762 4162 1899 4221 offensus

537 4248 721 4310 nobilitatem
743 4251 963 4326 magistratibus
986 4260 1016 4309 ιι
1038 4248 1209 4320 bonoribus,
1232 4264 1330 4322 regem
1354 4250 1448 4325 ipsum
1479 4250 1602 4327 imperio
1626 4248 1812 4325 exspoliabit
1861 4247 1902 4309 Et

537 4339 674 4414 quamvis
697 4340 828 4414 argutius
851 4336 1011 4413 distinguat
1033 4336 1200 4395 moderator
1222 4335 1337 4395 ordines
1361 4338 1391 4395 in
1412 4336 1511 4412 plures
1533 4336 1656 4411 gradus,
1680 4333 1844 4412 distinguat
1869 4346 1900 4395 et

536 4420 652 4499 muniat,
674 4426 702 4483 sl
724 4433 822 4485 tamen
845 4427 951 4501 cuique
973 4423 1067 4482 ordini
1089 4440 1145 4481 sua
1166 4420 1222 4485 soli
1245 4430 1407 4496 conservet,
1430 4431 1463 4483 ut
1478 4422 1591 4485 Rornae
1604 4424 1772 4483 tribunatus
1795 4424 1898 4501 plebis

536 4512 629 4573 solius
652 4519 731 4586 erat,
761 4511 931 4573 cumulatus
953 4512 1141 4586 patriciorum
1164 4516 1290 4584 tantum,
1319 4510 1524 4571 alienabuntur
1546 4513 1587 4573 ab
1608 4512 1736 4574 invicem
1766 4512 1900 4580 ordines,

536 4616 592 4660 uec
613 4599 696 4660 brus
723 4602 798 4661 iuter
818 4616 851 4661 se
873 4596 1028 4659 concordia
1056 4599 1086 4656 in
1113 4612 1205 4655 unuru
1233 4614 1336 4675 corpus
1366 4598 1541 4659 coalescent.
1586 4598 1662 4657 llam
1693 4601 1795 4657 munia
1817 4599 1899 4659 iute-

536 4689 647 4747 riorum
668 4690 820 4764 cumipse
845 4685 946 4746 ordine
968 4692 1197 4757 contemnentur,
1224 4683 1298 4743 adeo
1322 4691 1354 4743 ut
1377 4684 1488 4747 Romae
1511 4686 1690 4747 tribunatum
1713 4702 1814 4763 gerere
1835 4704 1899 4762 pa-

537 4775 636 4833 tricius
659 4790 715 4833 non
739 4777 876 4854 potnerit,
899 4776 954 4833 niel
976 4774 1091 4848 ejurata
1112 4771 1277 4843 nobilitate,
1302 4778 1330 4831 et
1353 4788 1419 4838 cum
1435 4776 1605 4833 extorsisset
1623 4771 1785 4849 aliquando
1809 4772 1898 4851 plebs

538 4860 740 4936 consulatum,
768 4869 867 4923 tamen
898 4861 1006 4940 plebeii
1037 4859 1171 4923 consules
1200 4861 1255 4938 ipsi
1286 4862 1371 4937 pauci
1400 4878 1520 4920 numero
1552 4860 1669 4938 plebem
1692 4860 1798 4921 exinde
1821 4878 1900 4921 cou-

536 4955 708 5009 temnerent.

625 5035 737 5097 Harum
759 5035 991 5114 disputationum
1012 5036 1109 5098 ideam
1132 5034 1264 5098 Bodinus
1287 5036 1316 5093 in
1339 5038 1467 5097 numeris
1489 5036 1639 5114 proponit,
1664 5044 1694 5095 et
1716 5037 1839 5113 primum
1866 5038 1897 5095 iu

537 5122 584 5183 lria
606 5126 641 5200 t,
673 5125 706 5199 6,
739 5125 768 5183 i.
813 5122 872 5183 Hic
893 5125 912 5181 4
935 5140 1033 5201 regem
1061 5130 1275 5199 repraesentat,
1307 5123 1550 5198 dnobilitstem,
1579 5125 1713 5200 interque
1743 5123 1797 5183 bos
1825 5140 1898 5183 esse
