<?xml version="1.0" encoding="UTF-8"?>
<!DOCTYPE html PUBLIC "-//W3C//DTD XHTML 1.0 Transitional//EN"
    "http://www.w3.org/TR/xhtml1/DTD/xhtml1-transitional.dtd">
<html xmlns="http://www.w3.org/1999/xhtml" xml:lang="en" lang="en">
 <head>
  <title>
</title>
<meta http-equiv="Content-Type" content="text/html;charset=utf-8" />
  <meta name='ocr-system' content='tesseract 3.04.00' />
  <meta name='ocr-capabilities' content='ocr_page ocr_carea ocr_par ocr_line ocrx_word'/>
</head>
<body>
  <div class='ocr_page' id='page_1' title='image "./joanniskepleria19frisgoog_0189.png"; bbox 0 0 4467 6192; ppageno 0'>
   <div class='ocr_carea' id='block_1_1' title="bbox 750 727 1683 819">
    <p class='ocr_par' dir='ltr' id='par_1_1' title="bbox 750 727 1683 819">
     <span class='ocr_line' id='line_1_1' title="bbox 750 727 1683 819; baseline 0.014 -38"><span class='ocrx_word' id='word_1_1' title='bbox 750 727 928 784; x_wconf 85' lang='lat' dir='ltr'><strong>Harmonicis.</strong></span> <span class='ocrx_word' id='word_1_2' title='bbox 965 729 1048 786; x_wconf 86' lang='lat' dir='ltr'><strong>Liber</strong></span> <span class='ocrx_word' id='word_1_3' title='bbox 1058 729 1107 819; x_wconf 75' lang='lat' dir='ltr'><strong>Ill.</strong></span> <span class='ocrx_word' id='word_1_4' title='bbox 1127 731 1215 800; x_wconf 81' lang='lat' dir='ltr'><strong>Caput</strong></span> <span class='ocrx_word' id='word_1_5' title='bbox 1226 729 1275 786; x_wconf 88' lang='lat' dir='ltr'><strong>XI.</strong></span> <span class='ocrx_word' id='word_1_6' title='bbox 1624 731 1683 794; x_wconf 77' lang='lat'><strong>1⁷1</strong></span> 
     </span>
    </p>
   </div>
   <div class='ocr_carea' id='block_1_2' title="bbox 345 904 1689 1687">
    <p class='ocr_par' dir='ltr' id='par_1_2' title="bbox 345 904 1686 1158">
     <span class='ocr_line' id='line_1_2' title="bbox 345 904 1685 988; baseline 0 -24"><span class='ocrx_word' id='word_1_7' title='bbox 345 922 400 978; x_wconf 88' lang='lat' dir='ltr'><strong>nus,</strong></span> <span class='ocrx_word' id='word_1_8' title='bbox 422 911 454 964; x_wconf 89' lang='lat' dir='ltr'><strong>nt</strong></span> <span class='ocrx_word' id='word_1_9' title='bbox 476 911 585 966; x_wconf 82' lang='lat' dir='ltr'><strong>octava</strong></span> <span class='ocrx_word' id='word_1_10' title='bbox 606 919 723 986; x_wconf 89' lang='lat' dir='ltr'><strong>propter</strong></span> <span class='ocrx_word' id='word_1_11' title='bbox 745 908 936 976; x_wconf 67' lang='lat' dir='ltr'><strong>identitatem.</strong></span> <span class='ocrx_word' id='word_1_12' title='bbox 949 917 1215 987; x_wconf 69' lang='lat' dir='ltr'><strong>repraesentaretur</strong></span> <span class='ocrx_word' id='word_1_13' title='bbox 1237 928 1256 969; x_wconf 94' lang='lat' dir='ltr'><strong>a</strong></span> <span class='ocrx_word' id='word_1_14' title='bbox 1277 910 1372 988; x_wconf 87' lang='lat' dir='ltr'><strong>prima</strong></span> <span class='ocrx_word' id='word_1_15' title='bbox 1393 908 1510 987; x_wconf 84' lang='lat' dir='ltr'><strong>syllaba</strong></span> <span class='ocrx_word' id='word_1_16' title='bbox 1525 907 1593 986; x_wconf 84' lang='lat' dir='ltr'><strong>Bo,</strong></span> <span class='ocrx_word' id='word_1_17' title='bbox 1614 904 1685 982; x_wconf 77' lang='lat' dir='ltr'><strong>euro</strong></span> 
     </span>
     <span class='ocr_line' id='line_1_3' title="bbox 346 992 1686 1139; baseline 0.001 -89"><span class='ocrx_word' id='word_1_18' title='bbox 346 1009 446 1068; x_wconf 81' lang='lat' dir='ltr'><strong>quaeso</strong></span> <span class='ocrx_word' id='word_1_19' title='bbox 466 992 617 1139; x_wconf 42' lang='lat' dir='ltr'><strong>&#39;desiderat</strong></span> <span class='ocrx_word' id='word_1_20' title='bbox 639 996 667 1051; x_wconf 90' lang='lat' dir='ltr'><strong>in</strong></span> <span class='ocrx_word' id='word_1_21' title='bbox 690 995 782 1060; x_wconf 88' lang='lat' dir='ltr'><strong>literis</strong></span> <span class='ocrx_word' id='word_1_22' title='bbox 805 1015 839 1072; x_wconf 87' lang='lat' dir='ltr'><strong>o,</strong></span> <span class='ocrx_word' id='word_1_23' title='bbox 871 997 908 1076; x_wconf 87' lang='lat' dir='ltr'><strong>b,</strong></span> <span class='ocrx_word' id='word_1_24' title='bbox 936 1015 966 1074; x_wconf 86' lang='lat' dir='ltr'><strong>e,</strong></span> <span class='ocrx_word' id='word_1_25' title='bbox 998 997 1035 1073; x_wconf 86' lang='lat' dir='ltr'><strong>d,</strong></span> <span class='ocrx_word' id='word_1_26' title='bbox 1058 1017 1088 1074; x_wconf 86' lang='lat' dir='ltr'><strong>r,</strong></span> <span class='ocrx_word' id='word_1_27' title='bbox 1108 999 1141 1075; x_wconf 65' lang='grc' dir='ltr'><strong>ί,</strong></span> <span class='ocrx_word' id='word_1_28' title='bbox 1169 1017 1207 1078; x_wconf 83' lang='lat' dir='ltr'><strong>p,</strong></span> <span class='ocrx_word' id='word_1_29' title='bbox 1233 998 1293 1074; x_wconf 87' lang='lat' dir='ltr'><strong>jam</strong></span> <span class='ocrx_word' id='word_1_30' title='bbox 1318 996 1426 1057; x_wconf 89' lang='lat' dir='ltr'><strong>dudum</strong></span> <span class='ocrx_word' id='word_1_31' title='bbox 1449 1000 1479 1055; x_wconf 89' lang='lat' dir='ltr'><strong>in</strong></span> <span class='ocrx_word' id='word_1_32' title='bbox 1501 995 1579 1056; x_wconf 89' lang='lat' dir='ltr'><strong>hunc</strong></span> <span class='ocrx_word' id='word_1_33' title='bbox 1601 1011 1686 1054; x_wconf 90' lang='lat' dir='ltr'><strong>usum</strong></span> 
     </span>
     <span class='ocr_line' id='line_1_4' title="bbox 346 1083 458 1158; baseline 0 -20"><span class='ocrx_word' id='word_1_34' title='bbox 346 1083 458 1158; x_wconf 79' lang='lat' dir='ltr'><strong>receptis</strong></span> 
     </span>
    </p>

    <p class='ocr_par' dir='ltr' id='par_1_3' title="bbox 346 1168 1689 1687">
     <span class='ocr_line' id='line_1_5' title="bbox 423 1168 1687 1249; baseline 0.001 -23"><span class='ocrx_word' id='word_1_35' title='bbox 423 1168 497 1228; x_wconf 89' lang='lat' dir='ltr'><strong>Cum</strong></span> <span class='ocrx_word' id='word_1_36' title='bbox 525 1170 614 1245; x_wconf 81' lang='lat' dir='ltr'><strong>igitur</strong></span> <span class='ocrx_word' id='word_1_37' title='bbox 642 1169 699 1229; x_wconf 91' lang='lat' dir='ltr'><strong>boc</strong></span> <span class='ocrx_word' id='word_1_38' title='bbox 721 1170 807 1231; x_wconf 93' lang='lat' dir='ltr'><strong>modo</strong></span> <span class='ocrx_word' id='word_1_39' title='bbox 836 1173 896 1231; x_wconf 89' lang='lat' dir='ltr'><strong>sint</strong></span> <span class='ocrx_word' id='word_1_40' title='bbox 913 1178 1011 1232; x_wconf 55' lang='lat' dir='ltr'><strong>&#39;natae</strong></span> <span class='ocrx_word' id='word_1_41' title='bbox 1039 1189 1092 1232; x_wconf 83' lang='lat' dir='ltr'><strong>sex</strong></span> <span class='ocrx_word' id='word_1_42' title='bbox 1112 1170 1247 1249; x_wconf 79' lang='lat' dir='ltr'><strong>syllabae</strong></span> <span class='ocrx_word' id='word_1_43' title='bbox 1276 1177 1396 1249; x_wconf 88' lang='lat' dir='ltr'><strong>propter</strong></span> <span class='ocrx_word' id='word_1_44' title='bbox 1428 1169 1571 1247; x_wconf 74' lang='lat' dir='ltr'><strong>triplicem</strong></span> <span class='ocrx_word' id='word_1_45' title='bbox 1592 1175 1687 1230; x_wconf 90' lang='lat' dir='ltr'><strong>tetra·</strong></span> 
     </span>
     <span class='ocr_line' id='line_1_6' title="bbox 348 1255 1688 1337; baseline 0.001 -23"><span class='ocrx_word' id='word_1_46' title='bbox 348 1255 435 1314; x_wconf 84' lang='lat' dir='ltr'><strong>rbordi</strong></span> <span class='ocrx_word' id='word_1_47' title='bbox 465 1256 604 1332; x_wconf 79' lang='lat' dir='ltr'><strong>formam,</strong></span> <span class='ocrx_word' id='word_1_48' title='bbox 635 1255 702 1317; x_wconf 92' lang='lat' dir='ltr'><strong>inde</strong></span> <span class='ocrx_word' id='word_1_49' title='bbox 731 1266 801 1318; x_wconf 90' lang='lat' dir='ltr'><strong>nata</strong></span> <span class='ocrx_word' id='word_1_50' title='bbox 831 1266 876 1318; x_wconf 89' lang='lat' dir='ltr'><strong>est</strong></span> <span class='ocrx_word' id='word_1_51' title='bbox 904 1258 1036 1318; x_wconf 89' lang='lat' dir='ltr'><strong>doctrina</strong></span> <span class='ocrx_word' id='word_1_52' title='bbox 1063 1261 1260 1324; x_wconf 78' lang='lat' dir='ltr'><strong>mutationum</strong></span> <span class='ocrx_word' id='word_1_53' title='bbox 1295 1277 1347 1337; x_wconf 86' lang='lat' dir='ltr'><strong>per</strong></span> <span class='ocrx_word' id='word_1_54' title='bbox 1379 1258 1488 1318; x_wconf 89' lang='lat' dir='ltr'><strong>scalam</strong></span> <span class='ocrx_word' id='word_1_55' title='bbox 1517 1255 1688 1318; x_wconf 87' lang='lat' dir='ltr'><strong>musicalem</strong></span> 
     </span>
     <span class='ocr_line' id='line_1_7' title="bbox 347 1343 1687 1426; baseline 0.001 -26"><span class='ocrx_word' id='word_1_56' title='bbox 347 1343 514 1417; x_wconf 82' lang='lat' dir='ltr'><strong>modernam,</strong></span> <span class='ocrx_word' id='word_1_57' title='bbox 541 1361 618 1420; x_wconf 87' lang='lat' dir='ltr'><strong>quae</strong></span> <span class='ocrx_word' id='word_1_58' title='bbox 641 1345 773 1405; x_wconf 89' lang='lat' dir='ltr'><strong>doctrina</strong></span> <span class='ocrx_word' id='word_1_59' title='bbox 793 1345 977 1406; x_wconf 91' lang='lat' dir='ltr'><strong>solummodo</strong></span> <span class='ocrx_word' id='word_1_60' title='bbox 1001 1349 1077 1406; x_wconf 90' lang='lat' dir='ltr'><strong>circa</strong></span> <span class='ocrx_word' id='word_1_61' title='bbox 1099 1347 1230 1426; x_wconf 83' lang='lat' dir='ltr'><strong>syllabas</strong></span> <span class='ocrx_word' id='word_1_62' title='bbox 1254 1347 1326 1425; x_wconf 89' lang='lat' dir='ltr'><strong>has,</strong></span> <span class='ocrx_word' id='word_1_63' title='bbox 1356 1347 1446 1406; x_wconf 90' lang='lat' dir='ltr'><strong>literis</strong></span> <span class='ocrx_word' id='word_1_64' title='bbox 1476 1347 1610 1423; x_wconf 86' lang='lat' dir='ltr'><strong>superius</strong></span> <span class='ocrx_word' id='word_1_65' title='bbox 1634 1361 1687 1404; x_wconf 84' lang='lat' dir='ltr'><strong>ex-</strong></span> 
     </span>
     <span class='ocr_line' id='line_1_8' title="bbox 346 1430 1689 1518; baseline 0.001 -31"><span class='ocrx_word' id='word_1_66' title='bbox 346 1430 456 1508; x_wconf 88' lang='lat' dir='ltr'><strong>plicatis</strong></span> <span class='ocrx_word' id='word_1_67' title='bbox 478 1432 638 1518; x_wconf 85' lang='lat' dir='ltr'><strong>aptandas,</strong></span> <span class='ocrx_word' id='word_1_68' title='bbox 672 1440 848 1512; x_wconf 88' lang='lat' dir='ltr'><strong>occupatur,</strong></span> <span class='ocrx_word' id='word_1_69' title='bbox 867 1434 1058 1511; x_wconf 68' lang='lat' dir='ltr'><strong>ostenditque</strong></span> <span class='ocrx_word' id='word_1_70' title='bbox 1086 1435 1247 1512; x_wconf 86' lang='lat' dir='ltr'><strong>superfluas</strong></span> <span class='ocrx_word' id='word_1_71' title='bbox 1270 1433 1400 1512; x_wconf 84' lang='lat' dir='ltr'><strong>syllabas</strong></span> <span class='ocrx_word' id='word_1_72' title='bbox 1424 1432 1494 1506; x_wconf 79' lang='lat' dir='ltr'><strong>Sol,</strong></span> <span class='ocrx_word' id='word_1_73' title='bbox 1522 1435 1555 1494; x_wconf 84' lang='lat' dir='ltr'><strong>le</strong></span> <span class='ocrx_word' id='word_1_74' title='bbox 1584 1433 1689 1507; x_wconf 87' lang='lat' dir='ltr'><strong>aequi-</strong></span> 
     </span>
     <span class='ocr_line' id='line_1_9' title="bbox 348 1517 1686 1599; baseline 0.001 -22"><span class='ocrx_word' id='word_1_75' title='bbox 348 1517 448 1595; x_wconf 88' lang='lat' dir='ltr'><strong>pollere</strong></span> <span class='ocrx_word' id='word_1_76' title='bbox 470 1519 615 1580; x_wconf 87' lang='lat' dir='ltr'><strong>interdum</strong></span> <span class='ocrx_word' id='word_1_77' title='bbox 637 1522 737 1598; x_wconf 88' lang='lat' dir='ltr'><strong>primis</strong></span> <span class='ocrx_word' id='word_1_78' title='bbox 758 1529 810 1597; x_wconf 79' lang='lat' dir='ltr'><strong>ut,</strong></span> <span class='ocrx_word' id='word_1_79' title='bbox 839 1539 886 1597; x_wconf 82' lang='lat' dir='ltr'><strong>re,</strong></span> <span class='ocrx_word' id='word_1_80' title='bbox 920 1521 1065 1581; x_wconf 87' lang='lat' dir='ltr'><strong>interdum</strong></span> <span class='ocrx_word' id='word_1_81' title='bbox 1095 1521 1337 1595; x_wconf 89' lang='lat' dir='ltr'><strong>succedentibus,</strong></span> <span class='ocrx_word' id='word_1_82' title='bbox 1369 1539 1417 1595; x_wconf 81' lang='lat' dir='ltr'><strong>rr,</strong></span> <span class='ocrx_word' id='word_1_83' title='bbox 1447 1524 1505 1594; x_wconf 85' lang='lat' dir='ltr'><strong>mi,</strong></span> <span class='ocrx_word' id='word_1_84' title='bbox 1535 1527 1568 1579; x_wconf 90' lang='lat' dir='ltr'><strong>ut</strong></span> <span class='ocrx_word' id='word_1_85' title='bbox 1593 1520 1686 1599; x_wconf 88' lang='lat' dir='ltr'><strong>possit</strong></span> 
     </span>
     <span class='ocr_line' id='line_1_10' title="bbox 347 1606 1472 1687; baseline 0.006 -25"><span class='ocrx_word' id='word_1_86' title='bbox 347 1606 480 1665; x_wconf 88' lang='lat' dir='ltr'><strong>interdum</strong></span> <span class='ocrx_word' id='word_1_87' title='bbox 503 1616 585 1668; x_wconf 84' lang='lat' dir='ltr'><strong>extra</strong></span> <span class='ocrx_word' id='word_1_88' title='bbox 608 1609 737 1670; x_wconf 86' lang='lat' dir='ltr'><strong>ordinem</strong></span> <span class='ocrx_word' id='word_1_89' title='bbox 760 1619 790 1668; x_wconf 87' lang='lat' dir='ltr'><strong>et</strong></span> <span class='ocrx_word' id='word_1_90' title='bbox 810 1610 873 1669; x_wconf 93' lang='lat' dir='ltr'><strong>sine</strong></span> <span class='ocrx_word' id='word_1_91' title='bbox 896 1612 1057 1670; x_wconf 89' lang='lat' dir='ltr'><strong>mutatione</strong></span> <span class='ocrx_word' id='word_1_92' title='bbox 1080 1617 1148 1687; x_wconf 92' lang='lat' dir='ltr'><strong>post</strong></span> <span class='ocrx_word' id='word_1_93' title='bbox 1170 1611 1229 1684; x_wconf 87' lang='lat' dir='ltr'><strong>sol,</strong></span> <span class='ocrx_word' id='word_1_94' title='bbox 1254 1611 1286 1671; x_wconf 86' lang='lat' dir='ltr'><strong>ia</strong></span> <span class='ocrx_word' id='word_1_95' title='bbox 1308 1609 1405 1669; x_wconf 88' lang='lat' dir='ltr'><strong>inierri</strong></span> <span class='ocrx_word' id='word_1_96' title='bbox 1426 1609 1472 1686; x_wconf 71' lang='lat' dir='ltr'><strong>f.</strong></span> 
     </span>
    </p>
   </div>
   <div class='ocr_carea' id='block_1_3' title="bbox 348 1725 1694 3494">
    <p class='ocr_par' dir='ltr' id='par_1_4' title="bbox 348 1725 1694 3494">
     <span class='ocr_line' id='line_1_11' title="bbox 1273 1725 1520 1774; baseline -0.008 -7"><span class='ocrx_word' id='word_1_97' title='bbox 1273 1729 1299 1774; x_wconf 83' lang='lat' dir='ltr'><strong>ut</strong></span> <span class='ocrx_word' id='word_1_98' title='bbox 1330 1737 1355 1768; x_wconf 85' lang='lat' dir='ltr'><strong>re</strong></span> <span class='ocrx_word' id='word_1_99' title='bbox 1387 1725 1417 1766; x_wconf 86' lang='lat' dir='ltr'><strong>ml</strong></span> <span class='ocrx_word' id='word_1_100' title='bbox 1442 1725 1465 1766; x_wconf 81' lang='lat' dir='ltr'><strong>ia</strong></span> <span class='ocrx_word' id='word_1_101' title='bbox 1490 1725 1520 1766; x_wconf 81' lang='lat' dir='ltr'><strong>ml</strong></span> 
     </span>
     <span class='ocr_line' id='line_1_12' title="bbox 500 1796 1379 1854; baseline 0.003 -5"><span class='ocrx_word' id='word_1_102' title='bbox 500 1798 525 1849; x_wconf 89' lang='lat'><strong>1.</strong></span> <span class='ocrx_word' id='word_1_103' title='bbox 570 1796 597 1850; x_wconf 81' lang='lat'><strong>2.</strong></span> <span class='ocrx_word' id='word_1_104' title='bbox 632 1797 659 1852; x_wconf 80' lang='lat'><strong>3.</strong></span> <span class='ocrx_word' id='word_1_105' title='bbox 701 1797 726 1850; x_wconf 79' lang='grc'><strong>4,</strong></span> <span class='ocrx_word' id='word_1_106' title='bbox 763 1798 787 1852; x_wconf 88' lang='grc'><strong>5.</strong></span> <span class='ocrx_word' id='word_1_107' title='bbox 824 1798 848 1851; x_wconf 85' lang='grc'><strong>6.</strong></span> <span class='ocrx_word' id='word_1_108' title='bbox 896 1797 921 1851; x_wconf 85' lang='grc'><strong>7.</strong></span> <span class='ocrx_word' id='word_1_109' title='bbox 970 1798 994 1851; x_wconf 83' lang='grc'><strong>6.</strong></span> <span class='ocrx_word' id='word_1_110' title='bbox 1098 1807 1379 1854; x_wconf 61' lang='lat' dir='ltr'><strong>:L</strong></span> 
     </span>
     <span class='ocr_line' id='line_1_13' title="bbox 493 1821 1541 1966; baseline -0.003 -32"><span class='ocrx_word' id='word_1_111' title='bbox 493 1867 538 1934; x_wconf 76' lang='lat' dir='ltr'><strong>Ut,</strong></span> <span class='ocrx_word' id='word_1_112' title='bbox 556 1883 598 1934; x_wconf 76' lang='lat' dir='ltr'><strong>re,</strong></span> <span class='ocrx_word' id='word_1_113' title='bbox 616 1869 668 1934; x_wconf 77' lang='lat' dir='ltr'><strong>mi,</strong></span> <span class='ocrx_word' id='word_1_114' title='bbox 685 1869 730 1937; x_wconf 76' lang='lat' dir='ltr'><strong>ta,</strong></span> <span class='ocrx_word' id='word_1_115' title='bbox 749 1868 799 1935; x_wconf 72' lang='lat'><strong>⁸0²,</strong></span> <span class='ocrx_word' id='word_1_116' title='bbox 824 1870 865 1935; x_wconf 76' lang='lat' dir='ltr'><strong>ia,</strong></span> <span class='ocrx_word' id='word_1_117' title='bbox 889 1868 937 1936; x_wconf 76' lang='lat' dir='ltr'><strong>fa,</strong></span> <span class='ocrx_word' id='word_1_118' title='bbox 968 1869 1003 1923; x_wconf 78' lang='lat' dir='ltr'><strong>ts.</strong></span> <span class='ocrx_word' id='word_1_119' title='bbox 1098 1821 1541 1966; x_wconf 46' lang='lat' dir='ltr'><strong>:ssssffi‘fflff</strong></span> 
     </span>
     <span class='ocr_line' id='line_1_14' title="bbox 494 1931 1167 2010; baseline 0.003 -18"><span class='ocrx_word' id='word_1_120' title='bbox 494 1937 544 2005; x_wconf 85' lang='lat' dir='ltr'><strong>Ut,</strong></span> <span class='ocrx_word' id='word_1_121' title='bbox 562 1954 606 2005; x_wconf 87' lang='lat' dir='ltr'><strong>re,</strong></span> <span class='ocrx_word' id='word_1_122' title='bbox 625 1940 676 2007; x_wconf 81' lang='lat' dir='ltr'><strong>mr&#39;,</strong></span> <span class='ocrx_word' id='word_1_123' title='bbox 694 1946 738 2005; x_wconf 81' lang='lat' dir='ltr'><strong>ut,</strong></span> <span class='ocrx_word' id='word_1_124' title='bbox 760 1955 802 2004; x_wconf 86' lang='lat' dir='ltr'><strong>re,</strong></span> <span class='ocrx_word' id='word_1_125' title='bbox 820 1940 874 2006; x_wconf 84' lang='lat' dir='ltr'><strong>mi,</strong></span> <span class='ocrx_word' id='word_1_126' title='bbox 896 1940 939 2010; x_wconf 78' lang='lat' dir='ltr'><strong>y&#39;o,</strong></span> <span class='ocrx_word' id='word_1_127' title='bbox 963 1939 1008 1993; x_wconf 80' lang='lat' dir='ltr'><strong>eri.</strong></span> <span class='ocrx_word' id='word_1_128' title='bbox 1043 1931 1167 1981; x_wconf 58' lang='grc' dir='ltr'><strong>’θ’</strong></span> 
     </span>
     <span class='ocr_line' id='line_1_15' title="bbox 1116 2009 1512 2054; baseline -0.005 -2"><span class='ocrx_word' id='word_1_129' title='bbox 1116 2011 1359 2054; x_wconf 77' lang='lat' dir='ltr'><strong>ntremidasei</strong></span> <span class='ocrx_word' id='word_1_130' title='bbox 1392 2009 1512 2051; x_wconf 74' lang='lat' dir='ltr'><strong>laisla</strong></span> 
     </span>
     <span class='ocr_line' id='line_1_16' title="bbox 413 2095 1688 2177; baseline 0.002 -22"><span class='ocrx_word' id='word_1_131' title='bbox 413 2095 476 2155; x_wconf 75' lang='lat' dir='ltr'><strong>&#39;nst</strong></span> <span class='ocrx_word' id='word_1_132' title='bbox 497 2115 567 2158; x_wconf 84' lang='lat' dir='ltr'><strong>vero</strong></span> <span class='ocrx_word' id='word_1_133' title='bbox 590 2107 621 2158; x_wconf 87' lang='lat' dir='ltr'><strong>et</strong></span> <span class='ocrx_word' id='word_1_134' title='bbox 642 2098 702 2159; x_wconf 88' lang='lat' dir='ltr'><strong>alia</strong></span> <span class='ocrx_word' id='word_1_135' title='bbox 724 2099 870 2177; x_wconf 89' lang='lat' dir='ltr'><strong>quaedam</strong></span> <span class='ocrx_word' id='word_1_136' title='bbox 886 2096 1037 2158; x_wconf 89' lang='lat' dir='ltr'><strong>dissimilis</strong></span> <span class='ocrx_word' id='word_1_137' title='bbox 1050 2103 1209 2164; x_wconf 86' lang='lat' dir='ltr'><strong>similitudo</strong></span> <span class='ocrx_word' id='word_1_138' title='bbox 1231 2100 1490 2176; x_wconf 87' lang='lat' dir='ltr'><strong>tetrachordorum,</strong></span> <span class='ocrx_word' id='word_1_139' title='bbox 1514 2098 1688 2160; x_wconf 80' lang='lat' dir='ltr'><strong>tundamen-</strong></span> 
     </span>
     <span class='ocr_line' id='line_1_17' title="bbox 349 2185 1688 2266; baseline 0.004 -26"><span class='ocrx_word' id='word_1_140' title='bbox 349 2191 403 2241; x_wconf 90' lang='lat' dir='ltr'><strong>tum</strong></span> <span class='ocrx_word' id='word_1_141' title='bbox 425 2185 642 2251; x_wconf 84' lang='lat' dir='ltr'><strong>assimilationis</strong></span> <span class='ocrx_word' id='word_1_142' title='bbox 666 2187 847 2247; x_wconf 86' lang='lat' dir='ltr'><strong>diversarum</strong></span> <span class='ocrx_word' id='word_1_143' title='bbox 868 2185 1102 2252; x_wconf 88' lang='lat' dir='ltr'><strong>modulationum</strong></span> <span class='ocrx_word' id='word_1_144' title='bbox 1124 2193 1199 2252; x_wconf 89' lang='lat' dir='ltr'><strong>inter</strong></span> <span class='ocrx_word' id='word_1_145' title='bbox 1214 2208 1245 2251; x_wconf 89' lang='lat' dir='ltr'><strong>se</strong></span> <span class='ocrx_word' id='word_1_146' title='bbox 1266 2191 1489 2262; x_wconf 89' lang='lat' dir='ltr'><strong>concinentium,</strong></span> <span class='ocrx_word' id='word_1_147' title='bbox 1514 2204 1588 2266; x_wconf 88' lang='lat' dir='ltr'><strong>ques</strong></span> <span class='ocrx_word' id='word_1_148' title='bbox 1603 2186 1688 2262; x_wconf 78' lang='lat' dir='ltr'><strong>fugas</strong></span> 
     </span>
     <span class='ocr_line' id='line_1_18' title="bbox 348 2269 1690 2353; baseline 0.002 -24"><span class='ocrx_word' id='word_1_149' title='bbox 348 2282 372 2335; x_wconf 85' lang='lat' dir='ltr'><strong>et</strong></span> <span class='ocrx_word' id='word_1_150' title='bbox 392 2269 560 2348; x_wconf 87' lang='lat' dir='ltr'><strong>phantasias</strong></span> <span class='ocrx_word' id='word_1_151' title='bbox 583 2273 680 2334; x_wconf 90' lang='lat' dir='ltr'><strong>solent</strong></span> <span class='ocrx_word' id='word_1_152' title='bbox 701 2276 860 2353; x_wconf 89' lang='lat' dir='ltr'><strong>appellare.</strong></span> <span class='ocrx_word' id='word_1_153' title='bbox 903 2274 979 2334; x_wconf 86' lang='lat' dir='ltr'><strong>Nam</strong></span> <span class='ocrx_word' id='word_1_154' title='bbox 1003 2279 1029 2335; x_wconf 86' lang='lat' dir='ltr'><strong>si</strong></span> <span class='ocrx_word' id='word_1_155' title='bbox 1051 2297 1151 2340; x_wconf 88' lang='lat' dir='ltr'><strong>sumas</strong></span> <span class='ocrx_word' id='word_1_156' title='bbox 1174 2277 1358 2340; x_wconf 86' lang='lat' dir='ltr'><strong>tetrachorda</strong></span> <span class='ocrx_word' id='word_1_157' title='bbox 1381 2279 1521 2352; x_wconf 86' lang='lat' dir='ltr'><strong>contigua</strong></span> <span class='ocrx_word' id='word_1_158' title='bbox 1549 2274 1690 2350; x_wconf 87' lang='lat' dir='ltr'><strong>nulloque</strong></span> 
     </span>
     <span class='ocr_line' id='line_1_19' title="bbox 348 2359 1690 2442; baseline 0.004 -28"><span class='ocrx_word' id='word_1_159' title='bbox 348 2359 498 2419; x_wconf 82' lang='lat' dir='ltr'><strong>interuallo</strong></span> <span class='ocrx_word' id='word_1_160' title='bbox 514 2380 534 2420; x_wconf 93' lang='lat' dir='ltr'><strong>a</strong></span> <span class='ocrx_word' id='word_1_161' title='bbox 556 2363 736 2423; x_wconf 84' lang='lat' dir='ltr'><strong>seinvicem</strong></span> <span class='ocrx_word' id='word_1_162' title='bbox 759 2363 923 2441; x_wconf 78' lang='lat' dir='ltr'><strong>disJunctu,</strong></span> <span class='ocrx_word' id='word_1_163' title='bbox 953 2364 996 2420; x_wconf 91' lang='lat' dir='ltr'><strong>sic</strong></span> <span class='ocrx_word' id='word_1_164' title='bbox 1017 2371 1050 2423; x_wconf 88' lang='lat' dir='ltr'><strong>nt</strong></span> <span class='ocrx_word' id='word_1_165' title='bbox 1072 2375 1159 2427; x_wconf 90' lang='lat' dir='ltr'><strong>tonus</strong></span> <span class='ocrx_word' id='word_1_166' title='bbox 1182 2365 1277 2442; x_wconf 80' lang='lat' dir='ltr'><strong>major</strong></span> <span class='ocrx_word' id='word_1_167' title='bbox 1304 2367 1430 2442; x_wconf 84' lang='lat' dir='ltr'><strong>supersit</strong></span> <span class='ocrx_word' id='word_1_168' title='bbox 1453 2364 1490 2424; x_wconf 90' lang='lat' dir='ltr'><strong>ad</strong></span> <span class='ocrx_word' id='word_1_169' title='bbox 1513 2361 1690 2440; x_wconf 81' lang='lat' dir='ltr'><strong>implendam</strong></span> 
     </span>
     <span class='ocr_line' id='line_1_20' title="bbox 348 2450 1691 2530; baseline 0.004 -27"><span class='ocrx_word' id='word_1_170' title='bbox 348 2455 474 2506; x_wconf 84' lang='lat' dir='ltr'><strong>octavam</strong></span> <span class='ocrx_word' id='word_1_171' title='bbox 495 2466 585 2527; x_wconf 87' lang='lat' dir='ltr'><strong>supra</strong></span> <span class='ocrx_word' id='word_1_172' title='bbox 606 2450 655 2510; x_wconf 85' lang='lat' dir='ltr'><strong>vel</strong></span> <span class='ocrx_word' id='word_1_173' title='bbox 678 2452 766 2525; x_wconf 83' lang='lat' dir='ltr'><strong>inira,</strong></span> <span class='ocrx_word' id='word_1_174' title='bbox 796 2457 928 2511; x_wconf 82' lang='lat' dir='ltr'><strong>occurret</strong></span> <span class='ocrx_word' id='word_1_175' title='bbox 959 2451 988 2506; x_wconf 94' lang='lat' dir='ltr'><strong>in</strong></span> <span class='ocrx_word' id='word_1_176' title='bbox 1013 2457 1098 2515; x_wconf 88' lang='lat' dir='ltr'><strong>certis</strong></span> <span class='ocrx_word' id='word_1_177' title='bbox 1123 2453 1299 2530; x_wconf 88' lang='lat' dir='ltr'><strong>quibusdam</strong></span> <span class='ocrx_word' id='word_1_178' title='bbox 1329 2461 1453 2514; x_wconf 82' lang='lat' dir='ltr'><strong>octavae</strong></span> <span class='ocrx_word' id='word_1_179' title='bbox 1481 2450 1691 2528; x_wconf 88' lang='lat' dir='ltr'><strong>systematibus</strong></span> 
     </span>
     <span class='ocr_line' id='line_1_21' title="bbox 856 2535 1691 2619; baseline -0.007 -17.415"><span class='ocrx_word' id='word_1_180' title='bbox 856 2568 941 2601; x_wconf 52' lang='lat' dir='ltr'><strong>ss—r-</strong></span> <span class='ocrx_word' id='word_1_181' title='bbox 990 2545 1124 2619; x_wconf 83' lang='lat' dir='ltr'><strong>utrinque</strong></span> <span class='ocrx_word' id='word_1_182' title='bbox 1147 2543 1236 2604; x_wconf 88' lang='lat' dir='ltr'><strong>series</strong></span> <span class='ocrx_word' id='word_1_183' title='bbox 1259 2540 1362 2600; x_wconf 85' lang='lat' dir='ltr'><strong>eadem</strong></span> <span class='ocrx_word' id='word_1_184' title='bbox 1388 2539 1607 2600; x_wconf 88' lang='lat' dir='ltr'><strong>intervallorum</strong></span> <span class='ocrx_word' id='word_1_185' title='bbox 1629 2535 1691 2596; x_wconf 86' lang='lat' dir='ltr'><strong>elc-</strong></span> 
     </span>
     <span class='ocr_line' id='line_1_22' title="bbox 846 2623 1691 2703; baseline -0.005 -15"><span class='ocrx_word' id='word_1_186' title='bbox 846 2688 945 2696; x_wconf 40' lang='grc' dir='ltr'><strong>ῌ</strong></span> <span class='ocrx_word' id='word_1_187' title='bbox 990 2632 1179 2703; x_wconf 76' lang='lat' dir='ltr'><strong>mensurium,</strong></span> <span class='ocrx_word' id='word_1_188' title='bbox 1207 2630 1264 2688; x_wconf 92' lang='lat' dir='ltr'><strong>hoc</strong></span> <span class='ocrx_word' id='word_1_189' title='bbox 1289 2634 1334 2688; x_wconf 88' lang='lat' dir='ltr'><strong>est</strong></span> <span class='ocrx_word' id='word_1_190' title='bbox 1361 2629 1596 2700; x_wconf 86' lang='lat' dir='ltr'><strong>semitoniorum,</strong></span> <span class='ocrx_word' id='word_1_191' title='bbox 1627 2623 1691 2684; x_wconf 92' lang='lat' dir='ltr'><strong>die·</strong></span> 
     </span>
     <span class='ocr_line' id='line_1_23' title="bbox 893 2710 1691 2791; baseline -0.006 -16"><span class='ocrx_word' id='word_1_192' title='bbox 893 2726 908 2731; x_wconf 77' lang='grc'><em>”</em></span> <span class='ocrx_word' id='word_1_193' title='bbox 990 2719 1067 2776; x_wconf 92' lang='lat' dir='ltr'><strong>sium</strong></span> <span class='ocrx_word' id='word_1_194' title='bbox 1089 2725 1119 2777; x_wconf 91' lang='lat' dir='ltr'><strong>et</strong></span> <span class='ocrx_word' id='word_1_195' title='bbox 1141 2715 1324 2791; x_wconf 67' lang='lat' dir='ltr'><strong>lemmatum</strong></span> <span class='ocrx_word' id='word_1_196' title='bbox 1354 2722 1383 2775; x_wconf 87' lang='lat' dir='ltr'><strong>ct</strong></span> <span class='ocrx_word' id='word_1_197' title='bbox 1406 2717 1563 2776; x_wconf 86' lang='lat' dir='ltr'><strong>assumitur</strong></span> <span class='ocrx_word' id='word_1_198' title='bbox 1585 2711 1623 2772; x_wconf 88' lang='lat' dir='ltr'><strong>nd</strong></span> <span class='ocrx_word' id='word_1_199' title='bbox 1645 2710 1691 2771; x_wconf 92' lang='lat' dir='ltr'><strong>al-</strong></span> 
     </span>
     <span class='ocr_line' id='line_1_24' title="bbox 992 2798 1691 2880; baseline -0.01 -17"><span class='ocrx_word' id='word_1_200' title='bbox 992 2811 1084 2864; x_wconf 88' lang='lat' dir='ltr'><strong>teram</strong></span> <span class='ocrx_word' id='word_1_201' title='bbox 1113 2812 1200 2864; x_wconf 88' lang='lat' dir='ltr'><strong>tonns</strong></span> <span class='ocrx_word' id='word_1_202' title='bbox 1221 2804 1328 2880; x_wconf 89' lang='lat' dir='ltr'><strong>major,</strong></span> <span class='ocrx_word' id='word_1_203' title='bbox 1348 2809 1394 2862; x_wconf 81' lang='lat' dir='ltr'><strong>m</strong></span> <span class='ocrx_word' id='word_1_204' title='bbox 1421 2818 1474 2878; x_wconf 89' lang='lat' dir='ltr'><strong>pro</strong></span> <span class='ocrx_word' id='word_1_205' title='bbox 1499 2807 1604 2878; x_wconf 88' lang='lat' dir='ltr'><strong>quarta</strong></span> <span class='ocrx_word' id='word_1_206' title='bbox 1626 2798 1691 2859; x_wconf 88' lang='lat' dir='ltr'><strong>eili-</strong></span> 
     </span>
     <span class='ocr_line' id='line_1_25' title="bbox 992 2885 1692 2969; baseline -0.003 -21"><span class='ocrx_word' id='word_1_207' title='bbox 992 2894 1084 2950; x_wconf 85' lang='lat' dir='ltr'><strong>ciatnr</strong></span> <span class='ocrx_word' id='word_1_208' title='bbox 1099 2894 1210 2969; x_wconf 91' lang='lat' dir='ltr'><strong>quinta,</strong></span> <span class='ocrx_word' id='word_1_209' title='bbox 1235 2899 1355 2968; x_wconf 85' lang='lat' dir='ltr'><strong>qtrartae</strong></span> <span class='ocrx_word' id='word_1_210' title='bbox 1372 2889 1455 2952; x_wconf 86' lang='lat' dir='ltr'><strong>altori</strong></span> <span class='ocrx_word' id='word_1_211' title='bbox 1476 2885 1692 2964; x_wconf 86' lang='lat' dir='ltr'><strong>quodammodo</strong></span> 
     </span>
     <span class='ocr_line' id='line_1_26' title="bbox 991 2975 1691 3053; baseline -0.013 -15"><span class='ocrx_word' id='word_1_212' title='bbox 991 2980 1112 3053; x_wconf 89' lang='lat' dir='ltr'><strong>similis,</strong></span> <span class='ocrx_word' id='word_1_213' title='bbox 1144 2987 1174 3042; x_wconf 90' lang='lat' dir='ltr'><strong>et</strong></span> <span class='ocrx_word' id='word_1_214' title='bbox 1200 2977 1345 3038; x_wconf 87' lang='lat' dir='ltr'><strong>melodiae</strong></span> <span class='ocrx_word' id='word_1_215' title='bbox 1373 2977 1463 3050; x_wconf 88' lang='lat' dir='ltr'><strong>dnae,</strong></span> <span class='ocrx_word' id='word_1_216' title='bbox 1493 2975 1586 3038; x_wconf 81' lang='lat' dir='ltr'><strong>altera</strong></span> <span class='ocrx_word' id='word_1_217' title='bbox 1612 2977 1691 3050; x_wconf 85' lang='lat' dir='ltr'><strong>prior</strong></span> 
     </span>
     <span class='ocr_line' id='line_1_27' title="bbox 992 3063 1693 3144; baseline -0.009 -20"><span class='ocrx_word' id='word_1_218' title='bbox 992 3074 1137 3144; x_wconf 86' lang='lat' dir='ltr'><strong>tempore,</strong></span> <span class='ocrx_word' id='word_1_219' title='bbox 1169 3065 1355 3125; x_wconf 87' lang='lat' dir='ltr'><strong>intervallum</strong></span> <span class='ocrx_word' id='word_1_220' title='bbox 1385 3064 1522 3140; x_wconf 90' lang='lat' dir='ltr'><strong>diapente</strong></span> <span class='ocrx_word' id='word_1_221' title='bbox 1549 3063 1693 3138; x_wconf 67' lang='lat' dir='ltr'><strong>superins*</strong></span> 
     </span>
     <span class='ocr_line' id='line_1_28' title="bbox 992 3147 1692 3232; baseline -0.011 -18"><span class='ocrx_word' id='word_1_222' title='bbox 992 3153 1085 3214; x_wconf 89' lang='lat' dir='ltr'><strong>altera</strong></span> <span class='ocrx_word' id='word_1_223' title='bbox 1106 3155 1249 3232; x_wconf 87' lang='lat' dir='ltr'><strong>posterior</strong></span> <span class='ocrx_word' id='word_1_224' title='bbox 1264 3161 1402 3230; x_wconf 87' lang='lat' dir='ltr'><strong>tempore,</strong></span> <span class='ocrx_word' id='word_1_225' title='bbox 1425 3149 1611 3210; x_wconf 85' lang='lat' dir='ltr'><strong>intervallum</strong></span> <span class='ocrx_word' id='word_1_226' title='bbox 1627 3147 1692 3206; x_wconf 93' lang='lat' dir='ltr'><strong>dia-</strong></span> 
     </span>
     <span class='ocr_line' id='line_1_29' title="bbox 429 3241 1693 3407; baseline -0.003 -21"><span class='ocrx_word' id='word_1_227' title='bbox 429 3291 738 3396; x_wconf 18' lang='lat' dir='ltr'><strong>m&amp;</strong></span> <span class='ocrx_word' id='word_1_228' title='bbox 992 3241 1693 3407; x_wconf 54' lang='lat' dir='ltr'><strong>fflfflwmc</strong></span> 
     </span>
     <span class='ocr_line' id='line_1_30' title="bbox 428 3401 1694 3494; baseline -0.009 -14"><span class='ocrx_word' id='word_1_229' title='bbox 428 3412 636 3480; x_wconf 62' lang='lat' dir='ltr'><strong>§eanimurum</strong></span> <span class='ocrx_word' id='word_1_230' title='bbox 789 3405 820 3473; x_wconf 61' lang='grc' dir='ltr'><strong>ἓξ</strong></span> <span class='ocrx_word' id='word_1_231' title='bbox 992 3426 1095 3494; x_wconf 91' lang='lat' dir='ltr'><strong>typum</strong></span> <span class='ocrx_word' id='word_1_232' title='bbox 1117 3417 1201 3477; x_wconf 83' lang='lat' dir='ltr'><strong>velut</strong></span> <span class='ocrx_word' id='word_1_233' title='bbox 1222 3401 1302 3475; x_wconf 90' lang='lat' dir='ltr'><strong>illins</strong></span> <span class='ocrx_word' id='word_1_234' title='bbox 1324 3412 1442 3475; x_wconf 87' lang='lat' dir='ltr'><strong>aemula</strong></span> <span class='ocrx_word' id='word_1_235' title='bbox 1457 3411 1602 3488; x_wconf 83' lang='lat' dir='ltr'><strong>quaedem</strong></span> <span class='ocrx_word' id='word_1_236' title='bbox 1625 3412 1694 3468; x_wconf 90' lang='lat' dir='ltr'><strong>imi-</strong></span> 
     </span>
    </p>
   </div>
   <div class='ocr_carea' id='block_1_4' title="bbox 347 3478 1068 3627">
    <p class='ocr_par' dir='ltr' id='par_1_5' title="bbox 347 3478 1068 3627">
     <span class='ocr_line' id='line_1_31' title="bbox 347 3478 1068 3627; baseline 0.003 -58"><span class='ocrx_word' id='word_1_237' title='bbox 347 3610 350 3627; x_wconf 42' lang='grc'>1</span> <span class='ocrx_word' id='word_1_238' title='bbox 429 3481 630 3620; x_wconf 47' lang='grc' dir='ltr'><strong>ξῗᾙῖῃῖᾙ</strong></span> <span class='ocrx_word' id='word_1_239' title='bbox 652 3526 740 3584; x_wconf 75' lang='lat' dir='ltr'><strong>major.</strong></span> <span class='ocrx_word' id='word_1_240' title='bbox 763 3618 766 3624; x_wconf 27' lang='grc' dir='ltr'><strong><em>Ι</em></strong></span> <span class='ocrx_word' id='word_1_241' title='bbox 788 3478 805 3537; x_wconf 60' lang='grc' dir='ltr'>Ξ</span> <span class='ocrx_word' id='word_1_242' title='bbox 993 3511 1068 3563; x_wconf 76' lang='lat' dir='ltr'><strong>tune.</strong></span> 
     </span>
    </p>
   </div>
   <div class='ocr_carea' id='block_1_5' title="bbox 911 3847 1133 3922">
    <p class='ocr_par' dir='ltr' id='par_1_6' title="bbox 911 3847 1133 3922">
     <span class='ocr_line' id='line_1_32' title="bbox 911 3847 1133 3922; baseline -0.018 0"><span class='ocrx_word' id='word_1_243' title='bbox 911 3849 1053 3922; x_wconf 84' lang='lat' dir='ltr'>CAPUT</span> <span class='ocrx_word' id='word_1_244' title='bbox 1079 3847 1133 3920; x_wconf 85' lang='lat' dir='ltr'><strong>xi.</strong></span> 
     </span>
    </p>
   </div>
   <div class='ocr_carea' id='block_1_6' title="bbox 721 3993 1313 4066">
    <p class='ocr_par' dir='ltr' id='par_1_7' title="bbox 721 3993 1313 4066">
     <span class='ocr_line' id='line_1_33' title="bbox 721 3993 1313 4066; baseline -0.003 -18"><span class='ocrx_word' id='word_1_245' title='bbox 721 3995 766 4050; x_wconf 90' lang='lat' dir='ltr'><strong>De</strong></span> <span class='ocrx_word' id='word_1_246' title='bbox 794 4002 1023 4066; x_wconf 89' lang='lat' dir='ltr'><strong>systematum</strong></span> <span class='ocrx_word' id='word_1_247' title='bbox 1050 3993 1313 4063; x_wconf 80' lang='lat' dir='ltr'><strong>compositione.</strong></span> 
     </span>
    </p>
   </div>
   <div class='ocr_carea' id='block_1_7' title="bbox 346 4162 1695 5216">
    <p class='ocr_par' dir='ltr' id='par_1_8' title="bbox 346 4162 1695 5216">
     <span class='ocr_line' id='line_1_34' title="bbox 428 4162 1693 4252; baseline 0.001 -23"><span class='ocrx_word' id='word_1_248' title='bbox 428 4170 491 4230; x_wconf 85' lang='lat' dir='ltr'><strong>Etsi</strong></span> <span class='ocrx_word' id='word_1_249' title='bbox 515 4174 603 4232; x_wconf 90' lang='lat' dir='ltr'><strong>unius</strong></span> <span class='ocrx_word' id='word_1_250' title='bbox 626 4172 752 4233; x_wconf 90' lang='lat' dir='ltr'><strong>bominis</strong></span> <span class='ocrx_word' id='word_1_251' title='bbox 771 4162 834 4234; x_wconf 77' lang='lat' dir='ltr'><strong>¹vox</strong></span> <span class='ocrx_word' id='word_1_252' title='bbox 856 4174 1027 4252; x_wconf 84' lang='lat' dir='ltr'><strong>plerumque</strong></span> <span class='ocrx_word' id='word_1_253' title='bbox 1050 4177 1125 4234; x_wconf 88' lang='lat' dir='ltr'><strong>iuter</strong></span> <span class='ocrx_word' id='word_1_254' title='bbox 1147 4176 1235 4234; x_wconf 91' lang='lat' dir='ltr'><strong>unius</strong></span> <span class='ocrx_word' id='word_1_255' title='bbox 1259 4179 1383 4232; x_wconf 76' lang='lat' dir='ltr'><strong>octavae</strong></span> <span class='ocrx_word' id='word_1_256' title='bbox 1405 4180 1536 4251; x_wconf 87' lang='lat' dir='ltr'><strong>systema</strong></span> <span class='ocrx_word' id='word_1_257' title='bbox 1564 4175 1693 4244; x_wconf 85' lang='lat' dir='ltr'><strong>vertitur,</strong></span> 
     </span>
     <span class='ocr_line' id='line_1_35' title="bbox 346 4255 1693 4338; baseline 0.004 -26"><span class='ocrx_word' id='word_1_258' title='bbox 346 4255 470 4332; x_wconf 92' lang='lat' dir='ltr'><strong>plurium</strong></span> <span class='ocrx_word' id='word_1_259' title='bbox 492 4265 590 4319; x_wconf 91' lang='lat' dir='ltr'><strong>tamen</strong></span> <span class='ocrx_word' id='word_1_260' title='bbox 613 4260 805 4321; x_wconf 89' lang='lat' dir='ltr'><strong>melodiarum</strong></span> <span class='ocrx_word' id='word_1_261' title='bbox 828 4273 984 4322; x_wconf 87' lang='lat' dir='ltr'><strong>concentus</strong></span> <span class='ocrx_word' id='word_1_262' title='bbox 1008 4261 1093 4322; x_wconf 87' lang='lat' dir='ltr'><strong>docet</strong></span> <span class='ocrx_word' id='word_1_263' title='bbox 1115 4270 1237 4322; x_wconf 87' lang='lat' dir='ltr'><strong>octavas</strong></span> <span class='ocrx_word' id='word_1_264' title='bbox 1260 4261 1357 4338; x_wconf 89' lang='lat' dir='ltr'><strong>plures</strong></span> <span class='ocrx_word' id='word_1_265' title='bbox 1375 4263 1528 4336; x_wconf 75' lang='lat' dir='ltr'><strong>contiguas</strong></span> <span class='ocrx_word' id='word_1_266' title='bbox 1550 4257 1693 4318; x_wconf 86' lang='lat' dir='ltr'><strong>ordinare.</strong></span> 
     </span>
     <span class='ocr_line' id='line_1_36' title="bbox 347 4343 1694 4435; baseline 0.003 -35"><span class='ocrx_word' id='word_1_267' title='bbox 347 4343 465 4435; x_wconf 78' lang='lat' dir='ltr'><strong>Veteres</strong></span> <span class='ocrx_word' id='word_1_268' title='bbox 494 4349 596 4424; x_wconf 86' lang='lat' dir='ltr'><strong>igitur,</strong></span> <span class='ocrx_word' id='word_1_269' title='bbox 627 4367 811 4410; x_wconf 87' lang='lat' dir='ltr'><strong>numerorum</strong></span> <span class='ocrx_word' id='word_1_270' title='bbox 840 4351 1043 4409; x_wconf 80' lang='lat' dir='ltr'><strong>affectionibus</strong></span> <span class='ocrx_word' id='word_1_271' title='bbox 1067 4353 1166 4409; x_wconf 92' lang='lat' dir='ltr'><strong>omnia</strong></span> <span class='ocrx_word' id='word_1_272' title='bbox 1189 4347 1373 4420; x_wconf 88' lang='lat' dir='ltr'><strong>definientes,</strong></span> <span class='ocrx_word' id='word_1_273' title='bbox 1405 4345 1547 4425; x_wconf 90' lang='lat' dir='ltr'><strong>diapason</strong></span> <span class='ocrx_word' id='word_1_274' title='bbox 1579 4345 1694 4423; x_wconf 86' lang='lat' dir='ltr'><strong>epidia-</strong></span> 
     </span>
     <span class='ocr_line' id='line_1_37' title="bbox 346 4435 1694 4516; baseline 0.001 -26"><span class='ocrx_word' id='word_1_275' title='bbox 346 4441 428 4506; x_wconf 87' lang='lat' dir='ltr'><strong>pente</strong></span> <span class='ocrx_word' id='word_1_276' title='bbox 451 4437 579 4495; x_wconf 90' lang='lat' dir='ltr'><strong>numeris</strong></span> <span class='ocrx_word' id='word_1_277' title='bbox 605 4438 635 4505; x_wconf 90' lang='lat' dir='ltr'><strong>l,</strong></span> <span class='ocrx_word' id='word_1_278' title='bbox 660 4440 697 4509; x_wconf 74' lang='lat'><strong>2,</strong></span> <span class='ocrx_word' id='word_1_279' title='bbox 722 4439 740 4496; x_wconf 86' lang='grc'><strong>3</strong></span> <span class='ocrx_word' id='word_1_280' title='bbox 764 4443 894 4515; x_wconf 89' lang='lat' dir='ltr'><strong>systema</strong></span> <span class='ocrx_word' id='word_1_281' title='bbox 917 4438 1075 4516; x_wconf 90' lang='lat' dir='ltr'><strong>perlectum</strong></span> <span class='ocrx_word' id='word_1_282' title='bbox 1099 4437 1308 4513; x_wconf 81' lang='lat' dir='ltr'><strong>definiverunt3</strong></span> <span class='ocrx_word' id='word_1_283' title='bbox 1330 4435 1416 4495; x_wconf 91' lang='lat' dir='ltr'><strong>nobis</strong></span> <span class='ocrx_word' id='word_1_284' title='bbox 1438 4451 1527 4511; x_wconf 88' lang='lat' dir='ltr'><strong>supra</strong></span> <span class='ocrx_word' id='word_1_285' title='bbox 1550 4435 1694 4494; x_wconf 86' lang='lat' dir='ltr'><strong>sectiones</strong></span> 
     </span>
     <span class='ocr_line' id='line_1_38' title="bbox 346 4518 1693 4603; baseline 0.001 -26"><span class='ocrx_word' id='word_1_286' title='bbox 346 4518 528 4582; x_wconf 84' lang='lat' dir='ltr'><strong>harmonicae</strong></span> <span class='ocrx_word' id='word_1_287' title='bbox 559 4523 693 4599; x_wconf 82' lang='lat' dir='ltr'><strong>singulae</strong></span> <span class='ocrx_word' id='word_1_288' title='bbox 723 4525 841 4601; x_wconf 81' lang='lat' dir='ltr'><strong>singula</strong></span> <span class='ocrx_word' id='word_1_289' title='bbox 868 4525 1057 4585; x_wconf 89' lang='lat' dir='ltr'><strong>reddiderunt</strong></span> <span class='ocrx_word' id='word_1_290' title='bbox 1084 4533 1259 4603; x_wconf 87' lang='lat' dir='ltr'><strong>systemata,</strong></span> <span class='ocrx_word' id='word_1_291' title='bbox 1292 4539 1413 4600; x_wconf 86' lang='lat' dir='ltr'><strong>quorum</strong></span> <span class='ocrx_word' id='word_1_292' title='bbox 1446 4529 1508 4580; x_wconf 89' lang='lat' dir='ltr'><strong>erat</strong></span> <span class='ocrx_word' id='word_1_293' title='bbox 1536 4521 1693 4579; x_wconf 85' lang='lat' dir='ltr'><strong>maximum</strong></span> 
     </span>
     <span class='ocr_line' id='line_1_39' title="bbox 347 4605 1695 4688; baseline 0.002 -25"><span class='ocrx_word' id='word_1_294' title='bbox 347 4605 726 4688; x_wconf 86' lang='lat' dir='ltr'><strong>disdiapasonepidiapente,</strong></span> <span class='ocrx_word' id='word_1_295' title='bbox 750 4614 877 4671; x_wconf 90' lang='lat' dir='ltr'><strong>numeris</strong></span> <span class='ocrx_word' id='word_1_296' title='bbox 904 4618 935 4685; x_wconf 89' lang='lat' dir='ltr'><strong>l,</strong></span> <span class='ocrx_word' id='word_1_297' title='bbox 960 4615 995 4684; x_wconf 81' lang='lat'><strong>5,</strong></span> <span class='ocrx_word' id='word_1_298' title='bbox 1022 4614 1056 4685; x_wconf 82' lang='lat'><strong>6,</strong></span> <span class='ocrx_word' id='word_1_299' title='bbox 1081 4615 1144 4670; x_wconf 75' lang='lat' dir='ltr'><strong>etsi·</strong></span> <span class='ocrx_word' id='word_1_300' title='bbox 1160 4615 1267 4671; x_wconf 90' lang='lat' dir='ltr'><strong>nostris</strong></span> <span class='ocrx_word' id='word_1_301' title='bbox 1290 4611 1492 4688; x_wconf 88' lang='lat' dir='ltr'><strong>componistis,</strong></span> <span class='ocrx_word' id='word_1_302' title='bbox 1520 4617 1553 4666; x_wconf 88' lang='lat' dir='ltr'><strong>ut</strong></span> <span class='ocrx_word' id='word_1_303' title='bbox 1575 4617 1695 4686; x_wconf 81' lang='lat' dir='ltr'><strong>vocant,</strong></span> 
     </span>
     <span class='ocr_line' id='line_1_40' title="bbox 346 4693 1694 4778; baseline 0.002 -28"><span class='ocrx_word' id='word_1_304' title='bbox 346 4694 423 4755; x_wconf 91' lang='lat' dir='ltr'><strong>limes</strong></span> <span class='ocrx_word' id='word_1_305' title='bbox 446 4697 545 4756; x_wconf 87' lang='lat' dir='ltr'><strong>nullus</strong></span> <span class='ocrx_word' id='word_1_306' title='bbox 568 4706 614 4757; x_wconf 90' lang='lat' dir='ltr'><strong>est</strong></span> <span class='ocrx_word' id='word_1_307' title='bbox 635 4701 761 4778; x_wconf 87' lang='lat' dir='ltr'><strong>positus,</strong></span> <span class='ocrx_word' id='word_1_308' title='bbox 794 4699 863 4758; x_wconf 92' lang='lat' dir='ltr'><strong>dum</strong></span> <span class='ocrx_word' id='word_1_309' title='bbox 886 4699 1029 4759; x_wconf 90' lang='lat' dir='ltr'><strong>melodias</strong></span> <span class='ocrx_word' id='word_1_310' title='bbox 1052 4702 1239 4759; x_wconf 87' lang='lat' dir='ltr'><strong>concinentes</strong></span> <span class='ocrx_word' id='word_1_311' title='bbox 1262 4695 1472 4773; x_wconf 81' lang='lat' dir='ltr'><strong>multiplicant3</strong></span> <span class='ocrx_word' id='word_1_312' title='bbox 1503 4693 1694 4771; x_wconf 82' lang='lat' dir='ltr'><strong>quodetiam</strong></span> 
     </span>
     <span class='ocr_line' id='line_1_41' title="bbox 346 4783 1693 4865; baseline 0.003 -27"><span class='ocrx_word' id='word_1_313' title='bbox 346 4783 463 4841; x_wconf 85' lang='lat' dir='ltr'><strong>Creator</strong></span> <span class='ocrx_word' id='word_1_314' title='bbox 486 4785 566 4844; x_wconf 87' lang='lat' dir='ltr'><strong>Deus</strong></span> <span class='ocrx_word' id='word_1_315' title='bbox 589 4787 618 4841; x_wconf 93' lang='lat' dir='ltr'><strong>in</strong></span> <span class='ocrx_word' id='word_1_316' title='bbox 642 4790 909 4865; x_wconf 86' lang='lat' dir='ltr'><strong>contemperatione</strong></span> <span class='ocrx_word' id='word_1_317' title='bbox 931 4797 1063 4847; x_wconf 88' lang='lat' dir='ltr'><strong>motuum</strong></span> <span class='ocrx_word' id='word_1_318' title='bbox 1086 4785 1256 4847; x_wconf 89' lang='lat' dir='ltr'><strong>coelestium</strong></span> <span class='ocrx_word' id='word_1_319' title='bbox 1279 4785 1413 4864; x_wconf 73' lang='lat' dir='ltr'><strong>praeivit,</strong></span> <span class='ocrx_word' id='word_1_320' title='bbox 1433 4790 1595 4858; x_wconf 85' lang='lat' dir='ltr'><strong>systemate</strong></span> <span class='ocrx_word' id='word_1_321' title='bbox 1615 4784 1693 4842; x_wconf 87' lang='lat' dir='ltr'><strong>iacto</strong></span> 
     </span>
     <span class='ocr_line' id='line_1_42' title="bbox 347 4871 1693 4959; baseline 0.001 -33"><span class='ocrx_word' id='word_1_322' title='bbox 347 4886 377 4926; x_wconf 85' lang='lat' dir='ltr'><strong>er</strong></span> <span class='ocrx_word' id='word_1_323' title='bbox 398 4879 511 4949; x_wconf 87' lang='lat' dir='ltr'><strong>septem</strong></span> <span class='ocrx_word' id='word_1_324' title='bbox 536 4872 680 4949; x_wconf 87' lang='lat' dir='ltr'><strong>diapason</strong></span> <span class='ocrx_word' id='word_1_325' title='bbox 703 4883 740 4959; x_wconf 49' lang='lat' dir='ltr'><strong>,et</strong></span> <span class='ocrx_word' id='word_1_326' title='bbox 768 4891 803 4934; x_wconf 91' lang='lat' dir='ltr'><strong>eo</strong></span> <span class='ocrx_word' id='word_1_327' title='bbox 834 4874 970 4954; x_wconf 88' lang='lat' dir='ltr'><strong>amplius.</strong></span> <span class='ocrx_word' id='word_1_328' title='bbox 1016 4875 1216 4934; x_wconf 87' lang='lat' dir='ltr'><strong>Veruntamen</strong></span> <span class='ocrx_word' id='word_1_329' title='bbox 1247 4874 1317 4952; x_wconf 84' lang='lat' dir='ltr'><strong>quia</strong></span> <span class='ocrx_word' id='word_1_330' title='bbox 1338 4871 1387 4930; x_wconf 90' lang='lat' dir='ltr'><strong>bic</strong></span> <span class='ocrx_word' id='word_1_331' title='bbox 1410 4874 1611 4948; x_wconf 86' lang='lat' dir='ltr'><strong>componimus</strong></span> <span class='ocrx_word' id='word_1_332' title='bbox 1641 4889 1693 4948; x_wconf 90' lang='lat' dir='ltr'><strong>sy-</strong></span> 
     </span>
     <span class='ocr_line' id='line_1_43' title="bbox 346 4957 1694 5039; baseline 0.002 -26"><span class='ocrx_word' id='word_1_333' title='bbox 346 4964 450 5034; x_wconf 85' lang='lat' dir='ltr'><strong>stema,</strong></span> <span class='ocrx_word' id='word_1_334' title='bbox 474 4968 507 5017; x_wconf 91' lang='lat' dir='ltr'><strong>nt</strong></span> <span class='ocrx_word' id='word_1_335' title='bbox 529 4977 629 5020; x_wconf 90' lang='lat' dir='ltr'><strong>omnes</strong></span> <span class='ocrx_word' id='word_1_336' title='bbox 653 4963 769 5021; x_wconf 91' lang='lat' dir='ltr'><strong>omnino</strong></span> <span class='ocrx_word' id='word_1_337' title='bbox 795 4965 1001 5024; x_wconf 90' lang='lat' dir='ltr'><strong>consonantias</strong></span> <span class='ocrx_word' id='word_1_338' title='bbox 1023 4959 1223 5039; x_wconf 88' lang='lat' dir='ltr'><strong>speculemur,</strong></span> <span class='ocrx_word' id='word_1_339' title='bbox 1251 4957 1411 5038; x_wconf 85' lang='lat' dir='ltr'><strong>perlectas,</strong></span> <span class='ocrx_word' id='word_1_340' title='bbox 1435 4959 1631 5036; x_wconf 81' lang='lat' dir='ltr'><strong>imperfectas,</strong></span> <span class='ocrx_word' id='word_1_341' title='bbox 1656 4959 1694 5016; x_wconf 84' lang='lat' dir='ltr'><strong>ad</strong></span> 
     </span>
     <span class='ocr_line' id='line_1_44' title="bbox 347 5043 1693 5128; baseline 0.003 -28"><span class='ocrx_word' id='word_1_342' title='bbox 347 5043 397 5103; x_wconf 87' lang='lat' dir='ltr'><strong>boc</strong></span> <span class='ocrx_word' id='word_1_343' title='bbox 419 5063 496 5126; x_wconf 89' lang='lat' dir='ltr'><strong>opus</strong></span> <span class='ocrx_word' id='word_1_344' title='bbox 517 5046 665 5107; x_wconf 87' lang='lat' dir='ltr'><strong>sufficiunt</strong></span> <span class='ocrx_word' id='word_1_345' title='bbox 688 5050 773 5110; x_wconf 92' lang='lat' dir='ltr'><strong>nobis</strong></span> <span class='ocrx_word' id='word_1_346' title='bbox 797 5049 855 5110; x_wconf 88' lang='lat' dir='ltr'><strong>dno</strong></span> <span class='ocrx_word' id='word_1_347' title='bbox 880 5049 1022 5128; x_wconf 89' lang='lat' dir='ltr'><strong>diapason</strong></span> <span class='ocrx_word' id='word_1_348' title='bbox 1045 5049 1073 5106; x_wconf 93' lang='lat' dir='ltr'><strong>in</strong></span> <span class='ocrx_word' id='word_1_349' title='bbox 1097 5065 1186 5114; x_wconf 86' lang='lat' dir='ltr'><strong>unum</strong></span> <span class='ocrx_word' id='word_1_350' title='bbox 1210 5048 1373 5126; x_wconf 87' lang='lat' dir='ltr'><strong>composita</strong></span> <span class='ocrx_word' id='word_1_351' title='bbox 1396 5045 1592 5118; x_wconf 85' lang='lat' dir='ltr'><strong>intervallum,</strong></span> <span class='ocrx_word' id='word_1_352' title='bbox 1614 5045 1693 5122; x_wconf 87' lang='lat' dir='ltr'><strong>quod</strong></span> 
     </span>
     <span class='ocr_line' id='line_1_45' title="bbox 346 5131 1692 5216; baseline -0.001 -24"><span class='ocrx_word' id='word_1_353' title='bbox 346 5137 427 5194; x_wconf 87' lang='lat' dir='ltr'><strong>etiam</strong></span> <span class='ocrx_word' id='word_1_354' title='bbox 450 5133 637 5196; x_wconf 88' lang='lat' dir='ltr'><strong>Ptolemaeus</strong></span> <span class='ocrx_word' id='word_1_355' title='bbox 659 5137 819 5214; x_wconf 81' lang='lat' dir='ltr'><strong>perlectum</strong></span> <span class='ocrx_word' id='word_1_356' title='bbox 835 5144 964 5216; x_wconf 89' lang='lat' dir='ltr'><strong>systema</strong></span> <span class='ocrx_word' id='word_1_357' title='bbox 977 5133 1148 5214; x_wconf 85' lang='lat' dir='ltr'><strong>appellarit,</strong></span> <span class='ocrx_word' id='word_1_358' title='bbox 1171 5137 1200 5194; x_wconf 92' lang='lat' dir='ltr'><strong>in</strong></span> <span class='ocrx_word' id='word_1_359' title='bbox 1223 5136 1309 5209; x_wconf 87' lang='lat' dir='ltr'><strong>hrrnc,</strong></span> <span class='ocrx_word' id='word_1_360' title='bbox 1334 5134 1383 5211; x_wconf 90' lang='lat' dir='ltr'><strong>qni</strong></span> <span class='ocrx_word' id='word_1_361' title='bbox 1400 5135 1539 5210; x_wconf 88' lang='lat' dir='ltr'><strong>sequitur,</strong></span> <span class='ocrx_word' id='word_1_362' title='bbox 1563 5131 1692 5192; x_wconf 88' lang='lat' dir='ltr'><strong>modurn.</strong></span> 
     </span>
    </p>
   </div>
   <div class='ocr_carea' id='block_1_8' title="bbox 0 0 2253 6192">
    <p class='ocr_par' dir='ltr' id='par_1_9' title="bbox 0 0 2253 6192">
     <span class='ocr_line' id='line_1_46' title="bbox 0 0 2253 6192; baseline 0 0"><span class='ocrx_word' id='word_1_363' title='bbox 0 0 2253 6192; x_wconf 95' lang='lat' dir='ltr'><strong> </strong></span> 
     </span>
    </p>
   </div>
  </div>
 </body>
</html>
