4467 6192
475 721 514 781 10
1051 722 1221 783 Prooemium

471 913 629 974 earumque
658 898 752 959 latera
780 901 853 959 inter
882 915 914 959 se
944 901 1091 976 componit
1120 917 1155 960 ex
1183 903 1229 973 vi,
1262 918 1350 976 quam
1379 900 1508 960 habeant
1539 908 1570 961 ut
1596 901 1756 964 rationales
1786 909 1816 962 et

470 985 652 1046 irrationales
675 988 861 1064 quantitates,
884 995 1067 1063 comparatae
1091 1004 1158 1046 cum
1178 943 1261 1048 radio
1284 990 1491 1063 circumscripti
1514 976 1624 1051 5155515.
1664 1014 1667 1020 ’

571 1073 681 1132 Liber
710 1073 887 1134 secundus
914 1074 1023 1132 orditur
1051 1091 1069 1132 5
1092 1073 1308 1135 delinitionibus
1335 1079 1605 1150 congruentias.
1650 1076 1732 1136 Voce
1759 1075 1816 1136 hac

469 1157 554 1218 aliter
583 1163 673 1220 utitur
702 1179 790 1236 quam
820 1162 893 1220 alias
923 1164 967 1220 nti
999 1161 1051 1220 illa
1080 1161 1179 1220 solent
1205 1163 1414 1222 mathematici.
1459 1161 1658 1238 Congruentes
1689 1165 1717 1224 ei
1744 1171 1816 1222 sunt

469 1246 591 1322 figurae,
620 1249 643 1306 si
668 1265 734 1306 cum
756 1248 870 1324 angulis
893 1251 953 1306 suis
977 1250 1102 1324 spatium
1126 1258 1233 1324 puncto
1256 1250 1471 1339 circumjectum
1494 1258 1546 1308 aut
1568 1253 1598 1310 in
1619 1250 1742 1327 planitie
1762 1260 1816 1310 aut

468 1337 497 1391 in
521 1337 616 1410 spatio
640 1336 765 1412 explent.
819 1336 968 1411 Exemplis
990 1335 1135 1410 ejusmodi
1157 1326 1304 1412 perlectae
1327 1344 1378 1397 aut
1399 1338 1585 1412 imperfectae
1607 1340 1814 1414 congrbentiae

468 1423 559 1480 utitur
580 1422 679 1481 multis
701 1423 816 1499 liguris,
845 1439 918 1499 quae
945 1431 997 1482 aut
1020 1433 1052 1482 ut
1075 1440 1196 1499 corpora
1218 1433 1270 1483 aut
1292 1440 1391 1483 eoram
1414 1422 1588 1484 lineamenta
1610 1422 1707 1505 (retes)
1736 1423 1815 1484 loliis

468 1511 592 1585 propriis
608 1510 737 1588 depictas
753 1509 842 1569 addit.
876 1510 937 1569 Nos
960 1526 1025 1570 eum
1040 1520 1188 1571 auctorem
1202 1514 1294 1570 secuti
1311 1511 1365 1570 has
1379 1511 1486 1570 formas
1501 1511 1592 1588 lapidi
1609 1511 1815 1588 imprimendas

468 1599 633 1657 curavimus
656 1606 686 1658 et
707 1604 889 1670 annotamus,
919 1597 1027 1674 rigaras
1055 1600 1085 1656 in
1108 1597 1249 1658 lateribus
1273 1600 1301 1658 5
1321 1598 1497 1674 regularium
1524 1616 1677 1674 corporum
1698 1599 1813 1676 Pytha·

466 1686 581 1760 goritos
602 1685 750 1762 symbolos
780 1684 894 1755 referre,
925 1684 1170 1760 quemadmodum
1192 1685 1249 1745 hoo
1270 1703 1289 1744 a
1310 1685 1438 1762 Keplero
1461 1683 1537 1746 thesi
1559 1688 1612 1746 55.
1634 1685 1812 1762 explicatam

467 1772 612 1832 estiis
640 1771 956 1864 555515755515555
986 1771 1023 1831 ad
1054 1772 1241 1848 inquirendas
1262 1772 1498 1848 semiregulares
1495 1773 1616 1833 formas
1641 1789 1814 1849 progressus

467 1857 604 1918 tredecim
626 1875 748 1936 corpora
770 1854 959 1918 Achimedica
981 1859 1115 1940 explicat.
1168 1859 1396 1959 Quaestionibus
1417 1859 1474 1918 boc
1495 1858 1570 1919 libro
1592 1861 1678 1920 iactis
1701 1877 1736 1920 eo
1759 1860 1814 1919 de··

467 1945 593 2018 ducitur,
627 1953 658 2006 ut
682 1947 774 2020 dieat,
807 1963 949 2022 congruas
972 1963 1036 2006 csse
1059 1947 1169 2024 figuras
1192 1933 1360 2020 duodecim,
1390 1964 1430 2008 sc.
1452 1946 1561 2024 figuras
1589 1948 1813 2024 comprehensas

465 2034 505 2092 15
499 2035 657 2106 5555558
679 2036 708 2106 4,
730 2034 758 2106 5,
782 2034 809 2107 6,
832 2035 860 2106 8,
886 2033 933 2105 10,
958 2037 994 2094 15
1011 2041 1040 2093 55
1056 2036 1097 2094 50
1121 2034 1265 2111 („ligurae
1286 2032 1429 2095 radicales
1450 2049 1505 2095 sen
1526 2030 1682 2117 primoo‘ffl)
1705 2034 1813 2112 quibus

466 2120 658 2180 accedenti
688 2118 806 2180 stellae:
844 2125 1052 2198 pentagonica,
1089 2124 1275 2198 octogonica,
1315 2120 1494 2199 decagoniea
1528 2129 1558 2184 55
1594 2121 1814 2199 dodsoagoniea

465 2205 607 2288 (,‚figorae
631 2205 776 2286 auctae“).
892 2251 896 2260 .

572 2293 680 2359 115855
702 2296 834 2354 tertius
856 2294 942 2353 reiert
960 2296 1053 2354 iactas
1076 2294 1111 2356 de
1133 2296 1245 2355 musica
1268 2304 1297 2353 ct
1318 2296 1399 2354 sonis
1420 2293 1595 2354 harmonicis
1618 2297 1811 2371 quaestiones.

464 2381 498 2440 In
523 2382 703 2457 praelatione
726 2379 966 2458 deprehendimus
990 2383 1071 2441 varia
1091 2381 1127 2442 de
1141 2389 1271 2443 veterum
1286 2381 1811 2459 musicaproditaethrhagorioam

384 2501 389 2510 -
464 2471 591 2545 mapime
621 2476 763 2546 tetraotyn
794 2471 998 2529 examinatam.
1043 2469 1188 2545 Keplerus
1216 2469 1379 2546 profitetur,
1411 2470 1468 2528 sibi
1498 2486 1592 2545 neque
1614 2466 1812 2547 Pythagorica

466 2573 561 2631 neque
595 2555 708 2616 meliori
741 2557 904 2616 Ptolemaei
936 2556 1101 2630 harmonia,
1136 2555 1202 2616 dom
1234 2566 1357 2637 raraque
1390 2556 1544 2633 disciplina
1579 2557 1698 2616 auditus
1725 2557 1811 2632 justo

465 2645 606 2704 minorem
628 2645 772 2706 rationem
793 2643 952 2718 habuisset,
978 2661 1042 2704 esse
1063 2644 1253 2707 satisfactum.
1284 2642 1380 2717 Quam
1403 2644 1441 2704 oh
1464 2661 1584 2704 causam
1602 2661 1633 2703 se
1652 2661 1688 2704 ex
1706 2645 1812 2720 viginti

466 2731 550 2790 annis
573 2729 603 2790 id
625 2734 730 2808 egisse,
754 2739 793 2789 ut.
809 2749 845 2791 ea
867 2733 995 2791 musicae
1018 2731 1207 2790 fundamenta
1228 2737 1357 2807 poneret,
1388 2747 1463 2806 quae
1483 2748 1542 2792 non
1565 2731 1661 2790 solnm
1682 2732 1811 2793 nummis
1861 2798 1869 2810 ,

463 2819 618 2878 abstractis
648 2820 820 2894 niterentur,
849 2817 901 2878 sed
928 2820 960 2876 irt
989 2816 1055 2878 aliis
1083 2834 1199 2894 quoque
1229 2818 1390 2877 5551551555
1421 2825 1451 2879 55
1478 2819 1692 2899 quantitatibus
1712 2817 1811 2878 locam

464 2904 606 2966 haherent
628 2913 658 2966 et
680 2906 793 2966 auditui
814 2906 1025 2966 satisfacerent.
1070 2904 1155 2966 Haec
1177 2903 1366 2965 fundamenta
1387 2906 1416 2961 in
1438 2909 1599 2982 geometria
1624 2906 1722 2984 posita
1743 2923 1809 2965 csse

463 2999 557 3066 ratus,
588 2995 756 3070 primarium
786 2995 889 3054 statuit
916 2993 1111 3070 propositum,
1145 2991 1316 3052 diametrum
1346 2991 1445 3052 circuli
1476 3001 1505 3053 et
1532 2992 1625 3055 latera
1651 2993 1810 3071 figurarum

465 3080 655 3157 ,codicellum
679 3083 832 3141 terminare
853 3087 966 3157 partem
988 3079 1088 3140 circuli
1110 3086 1320 3140 consonantem
1334 3097 1401 3140 cum
1416 3086 1478 3139 toto
1493 3081 1620 3140 circulo“
1639 3083 1809 3158 pariterque

463 3167 579 3228 chordis
606 3166 644 3229 ad
673 3167 796 3228 eandem
815 3169 964 3228 rationem
992 3167 1095 3227 divisis
1123 3166 1206 3227 reddi
1232 3184 1321 3227 sonos
1348 3166 1543 3237 harmonicos.
1594 3168 1641 3227 De
1662 3167 1708 3229 his
1731 3166 1810 3227 diri-

463 3250 596 3316 sionibus
626 3255 802 3316 harmonicis
834 3263 895 3315 tom
916 3255 1048 3332 pluribus
1070 3257 1168 3331 agitor
1189 3262 1220 3315 st
1240 3253 1297 3315 555
1318 3262 1402 3313 55555
1438 3250 1472 3335 l)
1496 3255 1627 3328 hiseotlo,
1659 3251 1695 3336 5)
1717 3257 1810 3317 55555

462 3345 493 3400 55
515 3344 628 3404 ratione
654 3346 668 3403 l
694 3343 733 3404 ad
755 3343 784 3418 2,
809 3339 846 3424 8)
869 3345 1033 3402 iuratione
1058 3345 1072 3401 l
1099 3341 1189 3417 558,
1214 3337 1400 3423 4)1551,
1425 3341 1459 3417 5)
1485 3340 1555 3401 iad
1577 3343 1607 3415 5,
1631 3337 1667 3424 6)
1691 3341 1810 3416 5553,

463 3435 492 3490 55
519 3426 554 3512 7)
577 3431 668 3490 555515
691 3433 720 3489 55
742 3432 856 3490 5555555
881 3430 898 3490 5
922 3429 1012 3488 553.
1066 3429 1170 3490 Plures
1192 3446 1281 3505 quam
1302 3436 1415 3505 septem
1436 3429 1509 3487 istas
1538 3427 1709 3490 chordarum
1732 3430 1811 3489 diri·

462 3520 560 3578 aiones
587 3534 645 3577 non
672 3535 737 3578 esea
766 3520 796 3576 in
827 3518 987 3576 5555555555
1040 3515 1104 3575 Has
1131 3531 1202 3576 vero
1230 3515 1401 3589 divisiones,
1433 3515 1580 3591 Keplerus
1607 3517 1707 3590 refert,
1737 3534 1811 3577 ase

461 3605 585 3682 primum
608 3601 710 3664 auditu
732 3605 827 3664 indice
849 3607 994 3676 inventas,
1017 3611 1046 3663 et
1061 3602 1250 3664 fundamenta
1263 3621 1364 3666 aarum
1378 3603 1471 3670 multo
1486 3603 1585 3664 labore
1600 3621 1636 3664 ex
1650 3606 1811 3689 geometria

464 3699 547 3752 eruta
569 3709 642 3767 esse,
666 3695 899 3767 sententiamque
921 3709 1006 3750 suam
1028 3694 1056 3750 in
1079 3688 1242 3751 Prodromo
1262 3692 1293 3761 (Ι.
1314 3693 1376 3760 139)
1399 3693 1586 3750 capaciorem
1607 3691 1722 3752 55151155

541 3778 641 3846 Ι1551
670 3780 707 3840 55
737 3781 882 3840 continuis
907 3778 1144 3855 proportionibus
1174 3772 1349 3839 harmonicis
1377 3795 1469 3853 agens
1497 3778 1682 3854 reprehendit
1703 3795 1811 3855 vagam

424 3885 427 3892 ¹
463 3831 705 3943 signilioationem
727 3878 757 3933 55
770 3899 801 3908 -
814 3869 851 3923 5·
845 3911 852 3923 .
864 3869 882 3924 5
896 3899 927 3916 η
942 3885 1003 3924 53
1017 3883 1052 3922 55
1068 3877 1105 3938 5),
1135 3882 1191 3925 neo
1212 3867 1268 3925 nisi
1291 3881 1351 3940 eos,
1374 3867 1425 3937 515,
1447 3882 1583 3925 numeros
1604 3866 1713 3926 habero
1734 3869 1811 3926 inter

462 3969 495 4012 55
523 3957 739 4030 proportionem
774 3954 985 4028 harmonicam,
1020 3954 1049 4010 in
1081 3953 1189 4029 quibas
1220 3953 1334 4012 medias
1367 3969 1434 4012 cnm
1468 3947 1574 4012 exteris
1607 3953 1751 4013 ambobus
1780 3960 1810 4014 ct

464 4040 641 4102 differentiae
663 4042 857 4114 membrorum
879 4042 953 4100 inter
974 4056 1006 4100 se
1027 4041 1157 4104 5555555
1170 4039 1311 4115 forment,
1335 4054 1410 4117 qnae
1425 4041 1500 4099 inter
1513 4047 1626 4117 septem
1640 4040 1809 4116 divisiones,

463 4144 540 4205 quae
563 4126 751 4203 5155555555,
776 4135 930 4189 occurrant
951 4135 1003 4186 aut
1026 4126 1261 4204 comprehendi
1253 4131 1289 4186 555
1310 4129 1433 4203 possint
1463 4127 1542 4188 Vere
1555 4130 1764 4188 contisuame.
1781 4144 1807 4188 c.

461 4213 640 4277 intercedere
661 4219 879 4296 proportionem
900 4217 975 4274 inter
996 4230 1132 4274 numeros
1155 4215 1207 4289 50,
1233 4215 1280 4287 15,
1309 4217 1364 4289 555
1387 4230 1453 4274 esse
1475 4217 1551 4274 enim
1573 4220 1650 4276 50-
1668 4219 1807 4274 15515-

462 4309 549 4364 123
514 4307 624 4364 -205
646 4308 731 4364 123
747 4310 789 4364 5.
808 4306 956 4363 eatae:
977 4307 1061 4360 ¹5=
1079 4306 1122 4360 15
1140 4305 1515 4375 35515153551,
1544 4308 1810 4362 numeroscoulra

464 4393 513 4466 85,
533 4393 583 4464 50,
603 4393 641 4450 11
663 4407 721 4451 non
731 4389 840 4451 5515555
855 4387 1072 4467 proportionem
1095 4386 1302 4461 harmonicam,
1326 4389 1461 4463 quamvis
1477 4392 1556 4447 35-
1567 4393 1621 4448 bo:
1633 4392 1713 4448 20-
1729 4392 1809 4446 113

463 4475 916 4556 3551135555555555555
937 4477 1065 4556 regulae,
1089 4482 1191 4537 555555
1212 4479 1437 4537 35550375
1455 4477 1593 4534 aare:
1614 4477 1809 4534 1131057

393 4601 404 4615 -
462 4581 520 4625 non
543 4572 712 4625 consonent.

566 4649 677 4726 Quarto
708 4654 804 4730 capite
834 4651 902 4713 11555
932 4653 1010 4712 terti
1036 4649 1183 4728 Keplerus
1212 4652 1308 4727 pergit
1335 4649 1373 4710 ad
1401 4649 1556 4708 discrimen
1586 4648 1661 4707 inter
1689 4654 1809 4718 acptum

462 4744 492 4799 ot
509 4755 608 4814 grave,
631 4739 722 4800 altum
745 4749 774 4802 et
796 4738 980 4816 protundum,
1004 4741 1079 4800 55555
1100 4736 1257 4820 intervalla
1278 4741 1421 4798 concinna
1442 4743 1471 4794 55
1492 4751 1623 4794 consona
1644 4735 1674 4792 in
1695 4736 1809 4794 musica

463 4832 493 4886 ct
513 4825 587 4886 haec
608 4830 734 4888 numeris
761 4845 814 4904 per
841 4827 967 4889 tabellas
995 4833 1159 4904 comparat,
1189 4824 1226 4885 ad
1255 4843 1331 4900 quac
1352 4821 1553 4884 annotandum
1574 4827 1632 4896 est,
1663 4820 1808 4882 hocloco

463 4920 493 4974 et
506 4914 728 4989 insequentibus
743 4932 831 4976 vocas
846 4915 985 4992 duplum,
1003 4911 1177 4982 dimidiam,
1191 4912 1364 4989 subtractio,
1385 4910 1501 4970 555155
1527 4912 1556 4968 in
1571 4908 1809 4986 proportionibus

461 5003 577 5078 signare
600 4998 756 5075 quadrare,
778 5002 906 5062 radicem
929 5000 1101 5078 quadratam
1123 5000 1283 5073 extrahere,
1312 4996 1450 5072 dividere,
1479 4995 1684 5074 multiplicare.
1708 5028 1749 5039 —
1772 4995 1807 5054 In

463 5088 520 5149 hoc
547 5091 643 5166 capite
673 5087 832 5165 explicatae
858 5092 947 5150 etiam
973 5089 1107 5150 videmus
1130 5104 1236 5148 rocas:
1264 5091 1483 5174 5555555555
1510 5087 1620 5159 maior,
1648 5084 1807 5160 5555555555,

463 5179 573 5252 minor,
594 5178 797 5252 555511οηί555,
819 5175 914 5250 diesis,
937 5195 1064 5251 5555555.
