4467 6192
548 642 611 703 aot
740 685 744 696 .
981 642 1024 698 De
1040 642 1460 713 Propertionibusflarmouicis.

547 835 673 903 quarum
699 836 765 879 cunr
791 822 831 880 sit
861 824 1001 897 verbius,
1030 821 1118 881 nullis
1145 841 1274 899 unquam
1304 820 1419 900 legibus
1447 824 1515 883 illae
1539 823 1744 900 comprehendi
1767 819 1891 900 possunt

547 907 660 967 Neutra
681 908 770 983 igitur
791 911 865 967 ratio
886 927 939 986 par
954 910 1062 969 sesola
1078 917 1176 969 tuetur
1191 911 1382 987 respublicas,
1406 911 1458 970 sed
1473 911 1639 971 miscendas
1659 912 1746 971 docet
1761 912 1892 982 Bodinns,

548 1003 582 1052 ut
605 1003 634 1053 et
656 993 736 1071 legas
759 997 826 1069 siut,
848 996 902 1056 sed
924 1014 1044 1073 paneae,
1069 1000 1139 1073 quia
1160 997 1259 1073 legum
1282 998 1439 1058 multitudo
1461 1016 1546 1075 seges
1570 1007 1618 1063 est
1638 999 1782 1063 uberrima
1797 999 1893 1065 litium,

548 1090 579 1141 et
601 1081 693 1141 multa
721 1086 909 1159 magistratus
936 1086 1055 1144 arbitrio
1083 1077 1284 1159 reserrentur,
1314 1101 1371 1144 non
1400 1088 1479 1145 laeta
1501 1094 1615 1146 tantrrm
1642 1086 1819 1171 singularia,
1849 1086 1895 1161 sed

549 1172 638 1230 etiaru
668 1172 799 1246 integrae
830 1172 988 1232 nonnullae
1018 1163 1161 1233 lectorum
1181 1176 1302 1251 speeies
1331 1181 1486 1249 certaeque
1514 1173 1590 1233 aliae
1619 1174 1717 1250 legum
1749 1176 1895 1244 materiae,

549 1257 689 1335 imprimis
717 1275 875 1335 poenarum
906 1262 1030 1320 intensio
1059 1266 1089 1319 et
1116 1262 1248 1321 remissio
1279 1261 1436 1337 legumque
1472 1262 1600 1338 ipsarum
1639 1264 1839 1338 interpretatio
1869 1270 1895 1320 et

549 1345 587 1405 ad
617 1345 687 1404 laeti
717 1347 949 1407 circumstantias
976 1347 1145 1425 applicatio.
1191 1348 1248 1408 Hic
1279 1365 1336 1407 uon
1367 1350 1403 1407 de
1425 1349 1531 1424 triplici
1554 1351 1625 1426 reip.
1649 1347 1758 1424 forma,
1789 1350 1842 1409 sed
1864 1348 1896 1407 de

548 1433 779 1510 uuiuscujusque
796 1435 978 1509 gubsmandi
1005 1434 1099 1495 iorma
1122 1436 1227 1513 triplici
1251 1438 1363 1513 agitur3
1392 1454 1472 1496 mera
1501 1437 1659 1512 aequitatis
1682 1438 1774 1510 ratio,
1805 1436 1898 1496 soluta

549 1521 674 1597 legibus,
698 1530 743 1580 est
766 1524 967 1582 aristocratiae
989 1524 1172 1599 gnbemandi
1192 1524 1277 1596 ratio,
1302 1525 1390 1583 etiam
1409 1526 1443 1582 in·
1452 1522 1588 1601 populari
1611 1526 1699 1599 inque
1713 1526 1798 1600 regio
1813 1532 1897 1584 atuor.

550 1608 663 1683 Legum
685 1609 803 1669 vincula
819 1609 1066 1686 ,gubernationem
1074 1610 1252 1687 popularem
1275 1612 1394 1684 laeinnt,
1419 1614 1508 1672 etiarn
1528 1614 1558 1669 in
1573 1614 1664 1687 regio.
1709 1613 1749 1669 At
1772 1613 1799 1670 si
1823 1612 1898 1688 leges

552 1694 669 1771 quidem
691 1698 760 1770 sint,
783 1698 819 1755 iis
844 1715 912 1757 vero
936 1697 1090 1774 derogetur
1111 1699 1142 1756 ln
1165 1698 1230 1757 loco
1254 1706 1435 1776 attempero
1463 1716 1516 1776 pro
1539 1699 1659 1758 arbitrio
1687 1700 1899 1773 gubernatoris,

549 1799 704 1843 asumma
726 1793 872 1862 potestate
896 1788 1064 1866 constituti,
1087 1786 1263 1862 gubernator
1286 1788 1356 1859 iate,
1380 1787 1449 1845 licet
1471 1804 1490 1845 a
1511 1784 1623 1863 populo
1647 1785 1745 1858 detur,
1769 1787 1899 1863 regulum

550 1870 792 1949 quandam-agit.
838 1871 928 1932 Talea
950 1871 1121 1949 plerumque
1143 1873 1292 1950 praesides
1314 1876 1541 1949 provinciarum.
1585 1873 1615 1931 Is
1637 1875 1726 1949 igitur
1746 1882 1801 1933 aut
1823 1874 1900 1949 legas

547 1959 702 2032 observat,
731 1967 784 2020 aut
805 1977 841 2018 ex
863 1978 960 2036 aequo
981 1960 1108 2036 judicat,
1139 1969 1275 2041 eatenus,
1307 1960 1376 2019 dum
1398 1964 1470 2037 reip.
1494 1960 1575 2021 salus
1596 1962 1722 2037 patitnr3
1754 1964 1780 2019 si
1807 1979 1900 2031 secus,

547 2064 605 2107 nou
629 2046 746 2106 dubitat
773 2047 946 2107 exorbitare.
993 2046 1033 2108 Ut
1059 2051 1085 2107 si
1113 2050 1179 2124 qnis
1212 2051 1583 2125 proportionnm'species,
1614 2064 1689 2123 qnae
1718 2047 1900 2108 barmoniaru

548 2135 668 2206 laeluut,
692 2134 836 2208 admittat,
861 2144 894 2194 ut
917 2139 946 2208 3,
971 2138 1000 2209 3,
1023 2137 1052 2207 4,
1077 2134 1125 2195 rel
1151 2139 1177 2209 l,
1202 2140 1232 2207 3,
1257 2138 1284 2210 t,
1309 2153 1386 2212 quae
1409 2136 1638 2208 dissonantiam,
1663 2153 1713 2195 eas
1736 2137 1837 2195 turbet
1859 2138 1902 2193 iu-

547 2240 605 2299 qua
629 2230 1012 2293 consonantes‘eommutet,
1037 2226 1126 2297 art-i,
1151 2227 1187 2294 3,
1212 2225 1230 2283 3
1254 2226 1283 2281 in
1309 2228 1340 2296 l,
1366 2227 1400 2295 3,
1427 2225 1445 2282 8
1469 2232 1499 2283 et
1522 2225 1559 2295 3,
1584 2223 1619 2300 5,
1644 2226 1660 2279 l
1686 2224 1715 2280 in
1739 2226 1778 2295 3,
1813 2226 1850 2291 5,
1874 2226 1900 2281 8.

634 2308 676 2367 X.
700 2308 742 2367 ln'
758 2308 874 2386 legibus
897 2312 978 2387 ipsis,
1001 2327 1076 2388 quae
1100 2319 1169 2370 sunt
1192 2310 1227 2371 du
1251 2310 1366 2370 mulctis
1388 2312 1573 2387 pecuniariis,
1597 2310 1810 2386 utplurimum
1837 2314 1903 2386 qui·

547 2397 614 2460 dem
636 2397 820 2457 arithmetica
842 2404 976 2458 serretur
998 2397 1173 2474 aequalitas,
1197 2405 1230 2457 ut
1252 2390 1391 2459 mulctam
1414 2399 1529 2475 legibus
1551 2404 1692 2457 statutam
1715 2398 1815 2457 solvat
1841 2398 1905 2473 qni·

547 2502 663 2561 cunque
679 2484 822 2561 deliquit,
851 2487 915 2545 sire
939 2485 1022 2545 diras
1044 2488 1109 2557 sira
1131 2502 1251 2563 pauper.
1298 2486 1404 2545 Videre
1435 2493 1532 2545 tamen
1553 2492 1614 2557 est,
1640 2485 1696 2543 ubi
1726 2494 1756 2544 et
1783 2502 1905 2562 geome-

549 2574 622 2631 trica
644 2567 805 2631 similitudo
828 2574 881 2646 sit,
912 2580 945 2632 ut
966 2574 991 2631 si
1015 2572 1125 2632 mulcta
1148 2574 1254 2649 cuique
1276 2590 1335 2650 pro¹
1352 2575 1466 2633 ratione
1489 2563 1594 2633 census
1617 2574 1771 2647 irrogetur,
1803 2582 1861 2631 aut
1882 2574 1904 2631 si

548 2662 656 2719 temere
686 2659 805 2736 litigans
833 2659 995 2737 aliquotam
1022 2668 1135 2737 partem
1166 2665 1282 2720 amittat
1309 2663 1481 2721 aestimatae
1509 2660 1579 2718 litis.
1625 2659 1684 2719 Sin·
1700 2668 1800 2719 autem
1833 2663 1906 2719 inter

548 2746 710 2823 locupletes
733 2764 835 2808 omues
857 2748 952 2824 major
972 2747 1074 2824 aliqua
1095 2747 1207 2807 mulcta
1229 2755 1425 2825 nuncupetur,
1449 2750 1524 2809 inter
1546 2754 1649 2807 tenues
1672 2747 1783 2815 levior,
1808 2764 1905 2824 eaque

547 2833 712 2910 asingulls
735 2836 879 2911 cujusque
909 2834 1019 2895 ordinis
1042 2837 1177 2910 exigatur
1206 2836 1383 2912 aequaliter,
1413 2842 1674 2911 temperamentum
1704 2832 1734 2893 id
1758 2837 1813 2895 erit
1830 2853 1907 2915 pro·
1974 2850 1976 2859 ⁴

415 2972 425 2989 ,
546 2924 711 3000 portionis,
725 2922 839 2982 Bodlno
862 2923 957 2983 dictae
979 2922 1175 2982 harmonicae.
1205 2917 1286 2983 ‘uon
1310 2930 1460 2982 mutantur
1474 2923 1522 2982 bie
1544 2924 1767 2998 proportionum
1782 2925 1906 3000 species,

548 3009 602 3071 ssd
626 3019 849 3086 componuntur,
871 3018 924 3072 aut
946 2996 1158 3069 distribuuntur
1181 3014 1279 3087 potius
1297 3012 1326 3069 in
1343 3010 1481 3073 distincta
1496 3000 1638 3085 subjecta,
1665 3008 1703 3069 ad
1718 3010 1796 3069 idem
1812 3018 1907 3069 totum

546 3100 731 3175 pertinentia.
762 3136 771 3162 s
795 3120 799 3131 ·
1138 3138 1142 3147 ·

633 3184 691 3246 Xl.
716 3185 812 3261 begea
843 3186 999 3245 vestiariae
1028 3184 1184 3261 plurimum
1216 3182 1325 3244 babent
1363 3184 1398 3244 de
1427 3185 1615 3261 proportione
1643 3183 1842 3259 geometrica,
1877 3190 1909 3243 nt

546 3279 660 3348 quanto
682 3272 927 3349 quisquealtiori
951 3272 1103 3349 diguitatis
1126 3271 1220 3349 g‘radu
1244 3273 1389 3354 consistit,
1419 3278 1500 3331 tauto
1524 3264 1680 3347 pretiosior
1701 3272 1729 3331 ei
1752 3274 1909 3346 permitta-

542 3368 594 3420 tur
616 3368 736 3420 omatus
758 3363 902 3436 restium3
924 3360 1089 3437 aequalitas
1110 3359 1295 3420 arithmetica
1318 3360 1512 3435 intolerabilis
1537 3359 1587 3417 bic
1610 3366 1663 3419 est.
1709 3356 1785 3433 Quia
1809 3366 1908 3417 tarsen

546 3464 644 3523 nequa
664 3446 730 3508 sola
752 3450 880 3508 varietas
903 3446 1037 3506 ordinum
1059 3450 1089 3506 in
1114 3449 1222 3507 vestitu
1245 3442 1461 3506 distinctionem
1489 3444 1634 3524 postolat,
1662 3444 1713 3505 sed
1736 3444 1838 3521 aliqua
1863 3447 1909 3504 bic

546 3536 623 3594 ratio
644 3534 785 3601 habenda
804 3537 969 3611 copiarum,
1004 3534 1106 3610 aliqua
1135 3537 1315 3607 meritorum,
1349 3552 1444 3610 nsque
1468 3533 1555 3593 lacile
1584 3550 1685 3592 omues
1709 3531 1826 3592 ordines
1852 3551 1910 3592 una

546 3621 613 3699 lega
635 3630 760 3699 possunt
782 3623 949 3681 enunciari:
972 3615 1233 3699 temperamentum
1256 3621 1374 3697 aliquod
1399 3623 1551 3697 utriusque
1579 3622 1776 3697 proportionis
1798 3623 1909 3695 partim

547 3710 663 3786 legibus
690 3710 763 3785 ipsis
788 3712 876 3769 inseri
902 3708 992 3782 solet,
1026 3712 1130 3786 prurtim
1162 3710 1281 3771 arbitrio
1305 3709 1519 3773 moderatorum
1544 3710 1728 3785 permittitur.
1774 3707 1809 3765 ld
1832 3716 1909 3767 tem-

546 3804 746 3873 peramentum
770 3796 904 3856 Bodiuus
930 3791 1129 3856 harmonicum
1152 3805 1262 3869 censet,
1287 3799 1356 3872 quia
1371 3796 1539 3855 barmoniae
1564 3796 1769 3871 conjunctione
1785 3794 1909 3854 duarum

546 3886 708 3961 specierum
730 3886 926 3963 proportionis
949 3884 1058 3969 delinit.
1091 3884 1177 3943 'Mihi
1200 3884 1400 3944 harmonicum
1422 3900 1480 3944 non
1496 3890 1551 3943 est,
1577 3900 1643 3942 cum
1661 3882 1816 3943 effectetur
1837 3900 1909 3959 pro·

547 3973 644 4049 portio
666 3970 727 4031 alia
749 3980 779 4030 et
800 3975 1010 4049 exprimeretur
1031 3972 1173 4048 perlecta,
1197 3974 1222 4030 si
1244 3978 1354 4049 posset.
1593 3963 1596 3969 ’

590 4081 592 4090 ·
634 4058 708 4123 ΧΠ.
734 4058 815 4119 idern
837 4061 898 4120 lere
920 4059 957 4119 de
980 4060 1018 4119 iis
1040 4058 1157 4130 legibus
1179 4058 1348 4129 dicendum,
1374 4076 1449 4134 qnae
1474 4076 1540 4118 cum
1562 4058 1599 4117 de
1621 4058 1723 4134 poenis
1746 4059 1818 4129 sint,
1842 4074 1909 4133 par-

549 4162 639 4206 souas
662 4144 789 4207 illustres
813 4147 943 4223 periculo
967 4147 1080 4223 eapitis,
1104 4146 1218 4211 nobiles
1242 4146 1402 4223 suspendio
1425 4149 1556 4207 eximunt
1578 4161 1798 4224 poenarumque
1814 4162 1909 4219 genua

426 4304 436 4319 ἢ
549 4241 745 4307 commutant,
777 4252 856 4295 more
879 4252 897 4293 a
920 4233 1052 4311 plurimis
1074 4235 1211 4310 gentibus
1234 4242 1362 4312 recepto.
1410 4234 1485 4293 Nam
1508 4252 1590 4306 reus,
1622 4232 1794 4307 dignitatem
1820 4249 1908 4307 quam

550 4321 681 4381 babebat
702 4326 866 4394 amittens,
885 4323 1005 4397 gravius
1028 4321 1088 4381 hoc
1107 4321 1249 4381 dedecore
1271 4324 1390 4397 punitur
1413 4317 1608 4401 (geometrica
1630 4319 1696 4395 lege
1724 4320 1907 4392 obseruata),

550 4426 638 4485 quarn
660 4411 702 4482 si,
724 4412 775 4487 qui
798 4412 827 4469 iu
851 4407 995 4486 dignitate
1018 4408 1099 4468 nulla
1121 4410 1193 4482 luit,
1218 4410 1308 4485 virgis
1331 4408 1471 4469 caedatur
1491 4402 1627 4485 publice;
1655 4408 1755 4481 itaque
1778 4406 1908 4466 dissimi-

548 4496 619 4556 lium
642 4514 801 4573 poenamm
823 4495 987 4571 aequalitas
1010 4495 1152 4571 quaedam
1176 4514 1241 4557 esse
1264 4503 1361 4573 potest
1383 4504 1414 4555 et
1436 4495 1601 4556 distributio
1625 4494 1797 4553 harmonica
1819 4511 1906 4554 sensu

549 4584 666 4656 Bodini,
690 4587 741 4660 qni
765 4584 812 4644 bic
835 4581 1023 4643 Aristotelem
1047 4583 1150 4658 rejicit,
1174 4587 1224 4659 qui
1247 4586 1276 4644 iu
1291 4585 1437 4660 ‚praemiis
1460 4582 1578 4659 quidem
1597 4583 1811 4658 geometricam
1838 4598 1907 4658 pro-

553 4673 729 4750 portionem,
752 4674 782 4731 in
804 4674 908 4749 poenis
932 4687 1000 4731 raro
1024 4671 1237 4732 arithmeticam
1259 4671 1433 4731 servandam
1458 4671 1605 4730 docuerat.

540 4798 545 4809 ·
636 4758 725 4820 Xlll.
749 4759 802 4818 list
829 4767 859 4819 et
885 4757 947 4818 alia
973 4759 1002 4815 in
1035 4756 1152 4834 legibus
1183 4758 1358 4835 poenalibus
1391 4756 1584 4818 observabilis
1617 4756 1767 4833 proportio
1802 4754 1905 4815 eodem

548 4853 794 4922 temperamento,
825 4844 1224 4924 quaeum-delinquentem
1247 4847 1369 4919 attinet,
1401 4845 1454 4905 sed
1476 4862 1620 4922 personae
1642 4845 1741 4905 laesae
1766 4844 1905 4905 bonorem

548 4941 578 4993 ct
601 4931 769 4995 vindictam.
816 4933 944 4994 Granius
966 4934 1044 4993 enirn
1066 4936 1199 5010 punitur,
1232 4937 1283 5010 qui
1307 4935 1464 5010 principem
1487 4934 1633 5006 civitatis,
1665 4932 1754 5006 quire
1777 4948 1905 4991 unume

551 5019 858 5098 eollegloelcetorum
881 5020 1001 5092 occidit,
1032 5037 1120 5096 quam
1144 5024 1194 5099 qui
1218 5022 1393 5098 agricolam3
1425 5022 1545 5097 grarim
1574 5020 1624 5097 qul
1638 5018 1789 5092 liberum,
1819 5034 1905 5095 quam

550 5110 601 5184 qai
624 5124 751 5169 mrum.
785 5109 871 5169 diam
898 5111 954 5169 etsi
976 5107 1204 5169 macariotes
1231 5110 1268 5169 ad
1290 5110 1497 5187 geometricam
1528 5114 1573 5168 est
1595 5104 1747 5167 relsraods
1767 5107 1905 5167 similitu-
