4467 6192
793 687 877 742 luber
892 687 942 743 111.
958 686 1099 755 DigressIo
1115 684 1233 755 politica
1344 746 1348 753 ,
1626 692 1688 752 eet

334 864 522 925 harmoniam
544 873 652 942 monet,
677 870 694 925 'l
719 884 790 927 vern
812 866 944 945 plebem,
961 882 1062 943 ouem
1082 878 1236 926 nnmerum
1257 872 1334 926 recte
1358 860 1482 925 affirmat
1504 867 1542 925 ab
1565 874 1691 942 auoque

332 955 464 1029 priorum
484 954 663 1014 discordare.
707 954 857 1013 Potuisset
877 954 985 1014 melius
1006 956 1050 1012 nti
1072 954 1152 1014 hlsce
1176 957 1210 1029 4,
1242 955 1273 1027 6,
1304 954 1342 1029 93
1373 970 1443 1011 nam
1473 963 1506 1013 ut
1538 955 1688 1014 boemii

269 1042 272 1048 '
333 1040 520 1101 harmoniam
542 1043 621 1116 lacit,
644 1045 663 1100 4
686 1059 753 1101 cnm
776 1042 880 1101 eodem
904 1046 922 1101 9
946 1040 1055 1100 nullam
1078 1042 1158 1115 lacit,
1183 1044 1223 1100 ita
1246 1040 1393 1100 nobilitati
1415 1041 1529 1101 facilior
1550 1050 1596 1100 est
1618 1056 1691 1101 con-

327 1131 461 1189 sociatio
485 1146 553 1191 cum
576 1128 671 1207 plebe,
697 1146 786 1205 quam
809 1132 888 1206 regi3
908 1138 940 1189 et
961 1138 995 1186 ut
1019 1130 1036 1187 b
1065 1137 1111 1187 est
1137 1130 1265 1189 medium
1288 1132 1493 1203 geometricam
1522 1130 1597 1188 inter
1616 1131 1645 1187 4
1662 1136 1693 1188 et

335 1218 363 1285 1,
386 1217 573 1277 concerdans
596 1220 730 1293 utrique,
760 1220 803 1275 sic
824 1216 963 1276 nobilitas
985 1234 1037 1291 pro
1061 1216 1179 1276 vinculo
1202 1217 1355 1292 interjecta
1378 1224 1423 1275 est
1444 1218 1639 1293 interregem
1661 1224 1691 1275 et

333 1302 453 1379 plebem
475 1304 616 1363 infimam.
662 1306 901 1364 Aristocraticam
930 1320 999 1361 vero
1028 1306 1109 1379 regni
1132 1302 1312 1381 gubernandi
1338 1304 1461 1371 sormam
1489 1311 1692 1381 repraesentat

332 1394 464 1451 numeris
486 1394 684 1469 proportionis
699 1394 895 1467 geometricae
918 1385 1127 1467 disiunctae'il,
1154 1393 1182 1465 6,
1206 1394 1235 1465 b,
1263 1392 1310 1451 10.
1356 1390 1692 1466 Disjuuctioncmcom·

333 1486 421 1555 parat
443 1479 575 1538 dissidiis
597 1482 628 1560 in
649 1481 778 1552 civitate,
801 1497 837 1538 ea
861 1478 995 1538 ordinum
1009 1479 1174 1539 seclusione
1190 1482 1310 1538 nimium
1327 1490 1477 1554 accurata3
1500 1496 1558 1539 nou
1582 1482 1689 1555 inepte.

335 1570 374 1624 At
396 1567 458 1625 hec
479 1570 572 1641 male,
603 1567 681 1643 quod
709 1567 787 1625 banc
814 1565 1038 1641 disiunctionem
1066 1566 1280 1627 discordantias
1309 1584 1388 1627 reem
1414 1569 1484 1642 egit
1530 1565 1639 1627 Omnes
1661 1585 1690 1627 n.

333 1653 363 1712 bi
386 1659 504 1713 numeri
529 1659 564 1728 3,
590 1657 623 1730 6,
648 1656 681 1728 5,
707 1654 1300 1714 10111111111111111111111111
1345 1654 1425 1713 Nihil
1449 1656 1525 1713 enim
1559 1653 1596 1713 ad
1619 1655 1690 1714 har·

333 1744 453 1801 maniae
476 1742 660 1801 abactionem
683 1744 788 1801 attinet
809 1740 947 1818 analogia
969 1743 1161 1817 geometrica,
1193 1750 1227 1800 ut
1248 1758 1337 1818 saepe
1360 1740 1484 1818 dictum3
1515 1742 1586 1800 nihil
1610 1740 1689 1800 illius

335 1829 497 1905 analogiae
520 1829 691 1902 differentia,
716 1827 882 1905 disjunctio.
906 1829 971 1887 -Αο
994 1830 1166 1889 tametsise
1182 1829 1273 1888 veluti
1296 1832 1443 1906 corrigens
1465 1828 1568 1890 cadem
1583 1832 1693 1906 pagina

335 1916 418 1975 eliud
447 1934 635 1976 numerorum
665 1917 830 1992 exemplum
858 1916 997 1992 subjiciat
1024 1916 1189 1993 disJunetae
1211 1918 1424 1994 proportionis,
1452 1917 1548 1977 eldam
1579 1921 1692 1976 intento

335 2004 527 2077 destinatum,
550 2005 614 2063 scil.
638 2006 668 2079 2,
692 2005 721 2077 4,
747 2005 775 2078 9,
803 2006 852 2076 18,
885 2007 914 2061 11
937 2004 1045 2079 quibus
1067 2020 1136 2063 rere
1167 2003 1309 2064 dissident
1332 2006 1396 2063 soni
1428 2022 1479 2081 per
1502 2009 1531 2079 2,
1556 2006 1575 2063 4
1598 2007 1692 2065 notati
1786 2029 1791 2040 ·

335 2109 352 2150 a
374 2094 461 2150 sonis
487 2094 524 2165 b,
550 2093 605 2155 111.
633 2109 693 2151 111
716 2099 761 2150 eat
783 2100 881 2151 tamen
903 2091 976 2151 haec
999 2090 1198 2151 discordantia
1220 2094 1333 2151 musica
1361 2093 1399 2151 ah
1422 2092 1474 2150 illa
1496 2092 1692 2169 disjunctione

334 2181 534 2256 geometrica,
564 2178 616 2238 sed
639 2197 657 2238 a
678 2176 861 2238 auraicensis
882 2180 1022 2255 propriis,
1045 2197 1083 2238 ex
1105 2195 1142 2239 eo
1164 2196 1220 2252 sc,
1250 2178 1328 2256 quod
1351 2179 1428 2239 latus
1450 2181 1610 2258 noncnguli
1633 2196 1693 2239 non

299 2311 301 2314 -
335 2277 381 2325 est
403 2269 484 2325 inter
504 2264 651 2344 dummoc
696 2266 833 2342 Denique
860 2274 1122 2342 temperamentum
1152 2268 1302 2343 utriusque
1325 2266 1507 2343 gubernandi
1528 2268 1638 2328 iormae
1662 2271 1691 2326 11
1783 2274 1789 2281 ’

335 2364 415 2412 statu
440 2356 539 2430 regio,
572 2362 604 2412 ut
626 2370 667 2414 sc.
690 2353 853 2413 nubilitatis
875 2355 1183 2413 muniismisceantur
1209 2356 1300 2431 aliqui
1324 2354 1446 2434 plebeii,
1475 2354 1528 2414 sed
1551 2357 1639 2431 pauci
1662 2365 1699 2415 et·

335 2444 430 2520 copiis
454 2443 536 2501 oneri
559 2459 653 2518 pares,
676 2450 728 2501 aut
750 2444 857 2500 vincte
879 2441 977 2501 aliare
999 2458 1030 2501 re
1053 2441 1257 2514 commendati,
1280 2448 1371 2518 utque
1392 2442 1536 2501 interdum
1551 2440 1692 2501 nobilium

334 2531 504 2588 tenuiorum
527 2546 602 2587 unus
622 2525 758 2606 plebejae
779 2530 948 2588 fructuosae
970 2528 1111 2587 functioni
1135 2530 1309 2605 praelectus,
1333 2529 1422 2589 decus
1439 2528 1479 2591 illi
1503 2531 1693 2607 circumjicitur

334 2616 495 2692 splendore
516 2618 639 2691 generis,
663 2634 723 2692 qno
744 2618 841 2691 magis
862 2614 892 2675 id
914 2617 1003 2673 sitin
1025 2624 1175 2692 posterum
1197 2616 1235 2675 ed
1250 2617 1365 2695 plebem
1387 2617 1638 2694 commendabile3
1660 2626 1694 2677 ert

268 2776 274 2785 ³
336 2703 543 2763 duumviratus
567 2720 602 2762 ex
624 2703 715 2763 nobili
739 2711 768 2762 et
789 2703 907 2780 plebejo
930 2704 1134 2778 constituetur,
1157 2702 1265 2764 solatio
1279 2708 1395 2780 utrique
1411 2704 1515 2778 ordini,
1540 2714 1572 2765 nt
1594 2708 1693 2765 curiae
1799 2696 1804 2717 ‘

335 2794 553 2850 constituantur
581 2808 616 2849 ex
648 2793 776 2849 omnium
807 2789 941 2850 ordinum
969 2793 1120 2867 personis,
1150 2800 1184 2850 ut
1205 2795 1234 2849 11
1265 2792 1524 2852 deliberationibus
1554 2792 1592 2852 de
1614 2794 1693 2853 bono

335 2879 459 2957 publico
482 2887 587 2937 tenues
610 2878 806 2955 locupletibus
828 2879 1017 2951 misceantur,
1048 2886 1080 2937 ut
1102 2894 1159 2937 non
1183 2882 1254 2938 merl
1286 2881 1415 2939 virtutis·
1434 2888 1464 2939 et
1485 2882 1603 2957 pietatis
1627 2880 1693 2941 eul-

336 2976 416 3026 tores
439 2965 572 3025 babeant
594 2968 702 3039 omnia,
724 2966 776 3025 sad
797 2965 899 3042 aliqua
916 2968 1010 3024 etiam
1030 2966 1165 3040 fortibus,
1188 2966 1289 3043 aliqua
1305 2968 1474 3043 ingeniosis,
1498 2967 1598 3044 aliqua
1621 2983 1693 3045 pru-

336 3053 613 3134 dentibus,jnliqua
636 3054 816 3130 experientia
836 3051 1014 3130 pollentibus
1036 3061 1228 3127 reserventur,
1253 3056 1358 3130 cuique
1379 3054 1441 3129 illa,
1464 3054 1593 3131 adquae
1610 3054 1693 3113 detes

337 3150 426 3218 aptas
449 3150 482 3199 ct
505 3140 642 3217 praesidii
664 3140 820 3217 plurimum
843 3140 939 3212 effert,
971 3140 1027 3200 hec
1049 3143 1169 3217 iuquam
1192 3150 1452 3217 temperamentum
1475 3145 1610 3218 exprimit
1633 3142 1694 3201 Bo·

336 3228 426 3288 dinus
449 3230 580 3286 numeria
602 3229 638 3303 4,
663 3230 698 3301 6,
724 3229 760 3301 8,
787 3230 836 3301 12,
859 3236 940 3287 ratus
961 3244 1002 3301 se,
1026 3238 1059 3285 ut
1080 3231 1144 3305 ipse
1166 3229 1302 3305 inquiner,
1332 3231 1507 3288 continentis
1529 3230 1693 3305 analogiae,

336 3325 370 3375 ut
391 3323 564 3393 geometrae
587 3332 673 3389 vero,
703 3317 858 3375 continuae
886 3316 1085 3391 proportionis
1106 3320 1254 3391 specimen
1281 3316 1375 3377 edere.
1420 3316 1547 3375 Rursum
1569 3316 1694 3392 lallitur3

334 3420 395 3462 non
420 3412 467 3463 cst
490 3404 568 3463 enim
591 3404 610 3459 4
634 3403 672 3462 ad
696 3404 730 3475 6,
754 3411 787 3461 nt
810 3404 828 3461 6
852 3402 890 3461 ad
914 3404 949 3476 8,
972 3411 1005 3461 at
1026 3402 1083 3461 boc
1105 3410 1220 3475 rernm,
1245 3406 1373 3463 omnium
1396 3411 1522 3480 quatuor
1544 3405 1580 3479 4,
1604 3404 1639 3477 6,
1665 3406 1694 3480 8,

339 3493 379 3549 12
404 3489 455 3549 rel
479 3493 509 3547 11
532 3492 659 3549 minimis
681 3493 718 3564 2,
742 3491 778 3564 3,
802 3492 840 3565 4,
865 3492 898 3563 6,
928 3508 1109 3549 communem
1132 3508 1197 3551 esse
1220 3491 1474 3566 concordantiam,
1504 3494 1694 3569 quantumvis
1797 3496 1802 3503 '

334 3576 480 3647 1111112,
504 3580 522 3636 3
547 3585 716 3648 consonent,
739 3578 825 3637 aliter
847 3580 935 3637 etiam
958 3580 988 3651 3,
1012 3580 1041 3651 4,
1065 3579 1150 3638 aliter
1172 3578 1297 3655 denique
1320 3582 1348 3652 2,
1373 3581 1392 3637 4
1416 3579 1463 3639 rel
1480 3581 1509 3653 d,
1535 3581 1564 3639 6.
1603 3578 1695 3656 Quie-

335 3664 411 3741 qnid
434 3666 526 3740 igitur
546 3664 747 3723 similitudinis
770 3672 814 3722 cst
836 3667 866 3722 11
888 3667 1015 3725 11111111
1039 3682 1105 3726 cum
1127 3683 1201 3743 rep,
1225 3667 1255 3725 id
1270 3667 1329 3726 illis
1344 3669 1427 3741 inest,
1453 3675 1597 3743 qnatenus
1612 3684 1695 3727 seor·

294 3805 299 3818 ,
335 3755 394 3811 sim
420 3754 575 3811 amonica
596 3754 781 3826 geometricis
805 3752 852 3811 rel
875 3753 1063 3811 arithmeticis
1085 3756 1339 3830 progressionibus
1363 3758 1524 3814 consociati
1544 3764 1622 3826 sunt,
1646 3754 1694 3815 vel
1729 3822 1732 3829 ,

333 3842 468 3897 mixtura
491 3848 689 3917 utrarumque.
735 3842 796 3898 Aut
818 3840 964 3915 vicissim,
992 3842 1017 3898 si
1044 3858 1132 3916 quem
1155 3841 1251 3903 lucem
1280 3842 1391 3919 politiia
1414 3842 1626 3919 cognoscendis
1649 3844 1695 3903 ai·
1817 3831 1853 3917 J

333 3928 436 3985 ierunt
456 3928 662 4003 proportiones
684 3943 868 3986 numerorum
892 3927 1093 4001 harmonicae,
1123 3929 1232 3988 iaciunt
1255 3930 1283 3988 id
1311 3944 1431 4005 perse,
1460 3932 1583 3989 seorsim
1605 3947 1695 3999 are-
1731 3972 1733 3977 -

333 4021 443 4091 spectu
466 4017 690 4090 proportionum
710 4017 960 4091 geometricorum.

428 4104 529 4178 Atque
553 4117 608 4178 ego
630 4120 716 4175 sane,
747 4104 772 4161 si
794 4104 866 4178 reip.
890 4103 1025 4162 notitiam
1052 4102 1125 4162 mihi
1146 4120 1363 4179 comparassem
1391 4111 1420 4163 ct
1441 4103 1498 4165 hec
1519 4102 1594 4164 libro
1617 4104 1695 4183 poli·

333 4191 430 4247 ticum
454 4206 590 4264 agerem,
613 4188 801 4248 distinctione
822 4207 917 4248 rerum
941 4206 1028 4264 usus,
1052 4198 1147 4249 totum
1169 4191 1274 4251 Bodini
1297 4190 1392 4250 locum
1416 4192 1459 4251 sic
1480 4190 1694 4269 interpolarem,

333 4286 370 4334 ut
393 4284 426 4335 ct
447 4275 601 4336 Aristoteli
623 4294 679 4335 sna
700 4275 811 4353 placita
832 4284 983 4337 insument
1003 4280 1187 4353 inconcusse,
1211 4287 1240 4339 et
1256 4278 1387 4338 Bodinus
1409 4294 1445 4341 ex
1467 4282 1534 4339 mea
1555 4279 1611 4337 hac
1626 4278 1695 4337 har·

332 4367 469 4436 monica,
491 4366 613 4423 seorsim
633 4365 672 4424 ab
695 4364 756 4434 illo,
780 4364 905 4425 disceret
926 4364 1032 4424 melius
1060 4366 1218 4443 inpolitis
1241 4366 1452 4444 philosophari.
1497 4365 1586 4424 Aliud
1614 4364 1695 4429 dice-

333 4468 399 4510 rem
425 4467 491 4509 esae
513 4458 621 4510 sutum
645 4453 774 4510 ciuitatis
797 4452 922 4529 ejusque
942 4452 1123 4528 gubernandi
1147 4454 1285 4526 lornram,
1313 4453 1393 4513 aliud
1412 4453 1547 4529 justitiae
1568 4451 1695 4511 admini-

332 4540 530 4611 auctiones,
559 4538 695 4598 differunt
717 4542 795 4598 euim
822 4550 857 4598 nt
877 4558 945 4617 pars
968 4547 998 4598 et
1019 4548 1129 4615 totum;
1162 4540 1406 4617 quemadmodum
1436 4543 1465 4598 in
1487 4540 1695 4599 mathematica

332 4624 425 4685 alind
457 4616 527 4684 sunt
555 4630 750 4702 geometricae
772 4628 1032 4702 arithmeticaeqne
1055 4644 1240 4689 numerorum
1261 4629 1481 4704 proportiones,
1512 4626 1592 4687 aliud
1623 4644 1696 4687 cen·

287 4744 291 4747 ·
332 4722 445 4774 centua
460 4715 562 4773 musici
578 4717 705 4775 numeris
722 4717 861 4791 expressi.
905 4712 1025 4773 Judicia
1039 4730 1111 4775 sane
1134 4718 1322 4788 constituunt,
1347 4716 1396 4791 qui
1418 4730 1512 4773 rernm
1535 4716 1696 4790 potiuntur,

332 4805 404 4860 aire
430 4816 507 4859 unus
527 4804 582 4875 sit,
614 4804 680 4862 sire
701 4804 803 4880 pauci,
831 4803 897 4862 sire
926 4818 1043 4875 omnes,
1070 4810 1102 4861 at
1125 4801 1212 4861 iidem
1239 4802 1332 4861 tutela
1354 4804 1425 4877 relp.
1452 4800 1523 4861 'sunt
1550 4805 1695 4879 occupati,

329 4889 455 4965 judicia
476 4905 543 4947 raro
564 4892 621 4965 ipsi
644 4898 789 4962 exercent,
823 4890 879 4947 nisi
902 4906 969 4948 cum
990 4888 1060 4947 licet
1081 4888 1202 4948 arbitrio
1225 4890 1268 4948 uti
1298 4889 1397 4947 soluto
1418 4886 1555 4965 legibus·
1588 4891 1697 4951 (1111111

329 4975 491 5051 judicibus
511 4992 577 5035 raro
599 4977 751 5053 superiora
771 4978 872 5035 munia
892 4975 1075 5047 mandantur,
1099 4974 1181 5051 leges
1202 4976 1301 5052 potius
1315 4977 1512 5053 praescriptae
1527 4984 1603 5052 sunt,
1628 4980 1696 5055 qni·

332 5066 394 5122 bus
430 5070 575 5122 tenentur.
619 5063 725 5140 Itaque
754 5066 962 5140 geometricam
985 5062 1255 5139 arithmeticamque
1278 5064 1497 5142 progressiones
1526 5064 1564 5123 ad
1583 5064 1696 5141 judicia

332 5152 506 5226 relegarem
534 5168 601 5211 cum
625 5151 798 5226 Aristotele,
826 5168 885 5210 non
913 5149 1043 5211 admixto
1076 5152 1210 5227 respectu
1237 5157 1430 5213 concentuum
1453 5151 1694 5229 harmonicorum,
