4467 6192
928 673 1019 732 Notae
1034 672 1166 732 iiiitorie.
1544 713 1547 724 ·
1656 679 1719 740 iot

375 852 505 902 exteriorie
523 856 548 903 et
565 850 677 914 vulgaria
694 857 832 916 reapeotum
851 866 904 902 οοοο
922 853 1083 918 laudabilem,
1100 865 1148 902 nae
1159 865 1209 902 uon
1226 851 1383 901 inventionee
1401 864 1444 901 eeu
1463 851 1650 902 obaerretionee
1662 866 1720 902 enee

372 924 475 972 minime
493 924 659 986 epernendee;
686 923 721 972 ud
737 924 861 972 matheein
883 937 940 972 vero
958 922 1086 972 formalem
1111 927 1136 972 et
1152 923 1300 984 originalem
1311 923 1349 969 itu
1366 935 1421 970 eam
1444 936 1471 972 ee
1488 921 1579 972 habere
1597 921 1665 989 dico,
1693 927 1721 971 ut

371 994 408 1042 rei
427 994 517 1042 umbre
534 994 566 1042 ed
584 997 638 1055 ojua
655 992 807 1045 reelitetem:
826 994 916 1042 umbra
933 999 971 1043 eet
987 993 1114 1058 veritetle,
1133 992 1178 1042 eed
1195 1003 1245 1054 nor
1263 993 1320 1054 ipen
1336 991 1429 1040 veritae
1456 1029 1619 1044 .......

461 1062 542 1112 liuita
560 1061 612 1112 alia
629 1067 657 1112 tu
675 1064 717 1112 lio
734 1062 829 1125 proiera
856 1076 906 1112 non
932 1065 1015 1125 meni
1030 1063 1166 1129 momenti,
1194 1076 1258 1126 quee
1281 1063 1367 1110 omniu
1392 1061 1424 1110 ad
1441 1062 1562 1111 emueeim
1580 1061 1721 1112 examinare

372 1133 448 1182 nimie
473 1132 588 1182 iorteeeie
605 1132 740 1183 lectoribua
765 1131 870 1196 longum
896 1134 960 1183 iuret
986 1139 1060 1196 atque
1084 1132 1239 1198 taediorum,
1267 1145 1344 1194 quare
1369 1133 1440 1196 ipeoa
1466 1131 1501 1180 nd
1516 1145 1586 1182 meae
1604 1132 1726 1194 inelyein

259 1270 266 1279 .
373 1204 583 1253 ominationem
601 1206 709 1253 remitto,

460 1304 504 1370 iio)
521 1321 578 1370 pag.
597 1310 655 1358 iot).
693 1307 851 1358 Finddiue
874 1310 901 1358 in
922 1309 1074 1370 „llieouran'¹
1103 1310 1166 1359 lreeo
1184 1309 1259 1361 dixit:
1282 1308 1354 1358 Nunc
1371 1308 1481 1359 Jorunee
1503 1309 1544 1358 hic
1561 1311 1646 1358 notior
1663 1323 1720 1358 cnm

373 1379 475 1439 egregie
490 1391 552 1426 enee
569 1379 690 1426 victorine
708 1379 879 1440 publicatione
897 1379 1031 1443 appendici
1049 1381 1108 1429 hoio
1130 1393 1189 1430 euee
1207 1381 1282 1430 duom
1298 1381 1425 1444 imponere
1442 1379 1532 1442 pectit,
1555 1379 1647 1442 inquo
1664 1377 1722 1430 inu-

372 1445 447 1497 dibue
465 1449 518 1496 euie
534 1460 643 1510 perenne
661 1444 808 1515 (exietimet)
825 1455 1014 1498 monumentum
1032 1450 1137 1500 condere
1156 1451 1296 1510 romamque
1314 1463 1407 1514 meam,
1430 1449 1513 1510 quelle
1531 1445 1615 1514 quulie
1632 1451 1677 1512 eit,
1695 1451 1723 1498 in

372 1515 502 1567 dedecoria
525 1518 645 1578 obpeaum
670 1517 800 1568 detrudere
827 1523 903 1580 utque
926 1522 954 1568 iu
978 1520 1136 1580 ignorantiae
1159 1521 1325 1581 inecitleeque
1351 1521 1473 1580 gurgitem
1490 1520 1656 1583 praecipitare
1673 1519 1723 1568 eibi

260 1621 267 1668 ζ
371 1589 502 1651 proponit,
526 1593 556 1634 ut
572 1589 609 1636 ita
626 1587 729 1637 fortune
753 1602 809 1637 mee
825 1590 958 1650 giorioeior
979 1589 1097 1639 videatur
1122 1590 1215 1640 mundo
1234 1592 1287 1651 eiua
1305 1591 1453 1653 triumphus.
1488 1589 1522 1637 Et
1540 1602 1599 1637 eene
1617 1590 1722 1655 ituatur,

371 1658 394 1704 ei
409 1659 517 1719 poterit,
543 1662 660 1720 tropaeo,
682 1659 751 1733 quod
776 1661 851 1720 figere
880 1660 1000 1723 epotavit.
1037 1661 1130 1709 Verum
1155 1673 1263 1726 aequum
1281 1661 1340 1724 erit,
1366 1665 1394 1708 ut
1415 1660 1507 1708 veritoa
1528 1657 1611 1707 locum
1630 1659 1723 1707 irobmt

368 1727 527 1798 pictaeque
545 1727 576 1776 ud
594 1729 711 1778 tenebrua
727 1726 827 1791 polurea
845 1729 872 1777 in
890 1729 993 1778 exilium
1010 1731 1133 1791 relegetur
1134 1766 1247 1782 .....
1268 1729 1335 1778 liena
1353 1729 1454 1795 quidem
1472 1729 1646 1793 proportiones
1664 1730 1721 1778 irar-

373 1798 491 1846 monioee
517 1798 548 1846 ab
566 1799 757 1847 accuratieeime
783 1797 1023 1848 demonstrationum
1048 1801 1279 1862 mathematiourum
1306 1800 1454 1850 certitudine
1472 1799 1602 1849 receeaiere
1618 1799 1722 1864 judicat,

373 1868 494 1928 quoniam
512 1869 540 1915 in
558 1868 663 1916 metheei
680 1869 778 1930 vulgari
795 1875 920 1930 vereatur3
945 1869 975 1918 de
992 1869 1040 1918 ilia
1056 1884 1114 1919 vero
1132 1871 1242 1919 naturali
1265 1875 1290 1919 et
1306 1883 1363 1919 vere
1382 1867 1490 1922 iorruuli¹
1503 1875 1632 1929 nunquum
1649 1882 1722 1931 pruo-
1826 1861 1833 1872 “

260 1991 267 2024 i
371 1935 468 1985 libeaee
484 1936 592 1989 ridotur.
629 1936 704 1998 Quod
727 1953 783 1987 cum
801 1939 839 1986 ita
855 1941 901 2001 ait,
924 1939 1080 2002 impoeeibile
1103 1941 1253 2004 eSapieuie
1275 1941 1460 2004 eaetinrebitur,
1486 1943 1515 1987 ut
1532 1939 1674 1990 courcero
1692 1938 1723 1988 de

372 2005 500 2056 coloribue
515 2007 624 2070 judicet,
649 2021 723 2070 quern
739 2006 804 2058 lucia
822 2014 847 2057 et
864 2011 1021 2058 tenebrarum
1043 2010 1070 2058 in
1087 2011 1203 2060 machine
1219 2009 1348 2061 mundone
1372 2011 1472 2062 eiiectue
1490 2022 1541 2058 non
1558 2008 1632 2058 modo
1649 2010 1723 2070 iguo-

371 2090 438 2142 rere,
458 2091 544 2127 rerum
563 2079 640 2128 etiem
657 2092 698 2128 ore
716 2077 778 2128 duro
796 2081 921 2140 abnegere
938 2092 990 2128 non
1007 2081 1084 2142 piget.

460 2176 504 2245 iit)
521 2193 579 2242 peg.
598 2182 657 2230 iol.
694 2182 848 2232 iiluddiue
865 2197 923 2247 pag.
942 2185 983 2237 38.
1003 2189 1028 2233 et
1045 2187 1087 2236 iiii.
1107 2186 1148 2234 aui
1166 2185 1315 2246 ,Diecnroue
1327 2182 1472 2246 inciperem
1493 2199 1615 2234 enormem
1638 2198 1723 2234 eorum

258 2209 265 2305 ἑ
372 2251 501 2311 proponit,
519 2264 584 2316 qnae
600 2251 629 2299 in
646 2249 788 2314 praemieeie
806 2259 893 2303 contre
910 2254 1046 2317 iieplerum
1070 2260 1095 2304 et
1117 2269 1163 2317 pro
1181 2269 1228 2304 erre
1247 2255 1414 2316 „Harmonie“
1434 2253 1568 2305 multorum
1593 2257 1725 2304 verborum

372 2319 445 2381 copia
475 2319 581 2372 diaeret.
617 2321 750 2383 lnaoriprit
773 2322 839 2372 lianc
862 2329 969 2385 partem:
1000 2324 1160 2397 Comparptio
1178 2325 1330 2374 Harmonice
1350 2339 1420 2374 meae
1437 2325 1581 2374 Mundanee
1607 2339 1663 2375 cum
1679 2325 1725 2374 ille

371 2388 481 2437 loannis
498 2389 625 2452 Keppieri,
643 2392 688 2439 uhi
707 2390 853 2459 declaratur,
871 2396 899 2442 in
915 2395 1007 2455 quibua
1020 2397 1168 2445 conveniant
1186 2401 1211 2445 et
1227 2397 1254 2444 in
1267 2397 1358 2458 quibua
1379 2395 1500 2445 diiierant.
1534 2396 1595 2458 Peg.
1608 2397 1724 2446 id—ile.

371 2459 442 2507 eiiert
472 2461 633 2519 ,teetimonie
658 2466 684 2510 et
709 2465 870 2524 auotoritatee
896 2469 948 2512 tarn
974 2465 1160 2530 philosophicae
1186 2477 1263 2531 quarn
1291 2460 1402 2532 divinis,
1429 2466 1591 2516 Hermonieor
1618 2466 1724 2516 Joannia

262 2582 265 2586 A
370 2527 496 2590 Keppleri
514 2531 687 2580 coniirmontie
703 2530 744 2580 vel
761 2532 924 2583 refellentia⁴¹
961 2535 1019 2597 Peg.
1038 2538 1139 2585 it-iii
1159 2535 1375 2601 deniqueprodit:
1395 2536 1724 2602 ,Teatimouieternphilo-

259 2628 265 2645 .
371 2601 481 2661 eopiice
498 2613 576 2666 quam
593 2601 742 2669 memoria,
760 2605 922 2654 Harmoniam
940 2611 1052 2656 noatrem
1068 2605 1224 2656 liundorum
1242 2605 1456 2657 etetnrninantia.“
