4467 6192
557 688 620 748 ddi
712 732 716 738 .
886 638 890 646 Ι
1026 675 1193 747 appendicis
1210 675 1435 734 Harmonicorum

556 863 654 934 uuae,
677 860 764 920 nitor
783 855 866 917 illam
895 858 925 914 is
946 855 1053 920 melius
1075 855 1240 918 emendare.
1286 858 1378 934 Atqui
1409 849 1602 921 con'tradlotlo
1632 862 1712 923 nulla
1733 873 1792 936 est,
1822 881 1894 942 quse

559 949 703 1008 lectorem
727 945 883 1024 impediat,
913 959 978 1002 cum
1002 954 1134 1019 constet,
1157 961 1217 1021 quo
1239 955 1372 1022 respectu
1395 945 1548 1022 quodlibet
1568 964 1670 1009 eorum
1691 952 1895 1012 affirmaverim

643 1035 712 1093 Alio
735 1043 822 1111 capto
845 1033 956 1107 impetu
987 1034 1019 1090 ia
1040 1035 1204 1108 spatiosum
1234 1035 1331 1111 operis
1352 1037 1409 1094 mei
1432 1053 1534 1110 agrurn
1563 1042 1705 1110 excurris,
1734 1042 1894 1099 vastitatem

555 1129 705 1198 atcunque
733 1131 764 1180 et
783 1119 897 1180 damna
923 1118 1058 1178 illaturus
1088 1120 1242 1182 hostiliter.
1288 1119 1440 1194 Mundus,
1472 1125 1535 1193 ais,
1558 1129 1647 1185 tertie
1668 1126 1716 1184 dle
1743 1128 1896 1204 comicum

554 1212 633 1287 fuit,
656 1211 807 1268 demenda
829 1207 995 1280 ordinatis,
1026 1207 1156 1267 remando
1178 1209 1266 1282 coeli,
1298 1225 1369 1266 nrm
1388 1210 1528 1270 nondum
1552 1221 1646 1271 emeat
1665 1214 1773 1273 sidero.
1820 1214 1896 1290 Erpa

557 1298 648 1357 Plato
669 1304 699 1355 et
720 1296 912 1372 Pythoporos
934 1294 1121 1369 applicando
1141 1295 1258 1370 fipuros
1280 1297 1432 1356 ιιιιιισιιιιι
1458 1315 1522 1357 nott
1546 1302 1720 1374 capitumet
1744 1303 1782 1360 de
1803 1302 1897 1360 suus-

555 1403 628 1443 rum
648 1383 809 1443 diauauia
854 1380 969 1441 Selicit
990 1385 1172 1442 recensuisse
1194 1393 1407 1459 argumentum,
1431 1385 1571 1444 namhoc
1591 1388 1653 1462 jem
1673 1387 1738 1466 plus
1751 1399 1801 1448 est
1815 1405 1897 1464 quam

556 1473 696 1549 reimaro,
726 1483 895 1546 qumquam
918 1467 956 1528 de
978 1469 1166 1529 conclusione
1189 1487 1247 1529 non
1271 1487 1387 1548 pugno,
1418 1472 1498 1548 quod
1526 1481 1671 1532 metantur
1700 1492 1788 1536 voces
1811 1493 1896 1546 mue

554 1560 642 1636 sorte,
663 1560 751 1636 forte,
775 1565 808 1615 ut
829 1559 896 1616 cavi
918 1555 957 1615 ad
979 1555 1115 1633 analysin
1142 1559 1190 1616 15.
1235 1556 1377 1634 Sequitur
1398 1559 1478 1620 haud
1501 1561 1592 1635 paulo
1615 1562 1771 1622 violentius
1796 1564 1896 1622 telum:

559 1645 732 1722 inconpms
760 1643 912 1720 Kepierue
939 1644 977 1702 de
1004 1644 1252 1719 philosophorum
1280 1647 1513 1717 interitionibus,
1546 1665 1643 1724 quare
1661 1651 1759 1710 ualde
1794 1651 1897 1710 debitio

552 1734 759 1813 [mammea
779 1731 961 1796 harmoniae
986 1733 1053 1804 ήιιιι
1079 1732 1276 1805 mundanae,
1311 1749 1377 1792 cum
1407 1749 1464 1809 ego
1494 1734 1735 1812 philosophorum
1759 1741 1897 1798 memine-

528 1825 612 1905 'rim
629 1822 746 1894 'obiter,
769 1836 823 1879 uec
845 1819 939 1877 ullum
960 1821 997 1877 iis
1019 1817 1117 1877 locum
1141 1819 1259 1878 leceriru
1282 1821 1311 1876 in
1335 1820 1532 1880 fundamentis
1553 1826 1637 1882 mois.

643 1909 691 1968 De
712 1916 782 1966 tuae
803 1907 987 1965 harmonicas
1010 1907 1140 1982 epitoma
1163 1906 1236 1965 ninii
1258 1919 1346 1966 antea
1370 1907 1444 1981 dixi,
1470 1909 1544 1968 nihil
1566 1913 1655 1987 igitur
1677 1929 1713 1970 ne
1735 1928 1816 1970 nune
1836 1913 1898 1986 qni·

557 1995 624 2059 mm
645 1995 684 2055 ad
706 2012 753 2054 me
776 1995 919 2073 pertinere
940 2001 1024 2071 puto,
1046 1994 1195 2069 quomodo
1211 2003 1242 2053 tu
1259 1995 1389 2071 applices
1403 1995 1513 2072 figuras
1531 1997 1698 2073 regularem
1720 1998 1794 2056 illud
1809 1999 1897 2058 solum

557 2083 730 2155 carendum,
754 2099 791 2142 ne
813 2089 844 2141 tu
868 2083 940 2141 meis
963 2082 1086 2140 abutaue
1109 2083 1214 2140 verbis.
1253 2082 1363 2161 Accipe
1378 2099 1504 2143 sensum.
1543 2085 1644 2144 (lubus
1664 2089 1777 2146 ratione
1795 2086 1898 2162 Quies

556 2173 747 2250 primigenius
770 2177 815 2228 cst
841 2177 871 2228 et
893 2170 1036 2228 rationem
1066 2170 1158 2231 totius
1180 2169 1286 2243 habet,
1316 2179 1545 2231 cousentaneum
1574 2175 1664 2248 igitur
1693 2181 1770 2247 erat,
1803 2183 1837 2232 ut
1860 2175 1896 2232 illl

498 2262 501 2268 “
556 2262 645 2320 etiam
673 2258 757 2318 locus
787 2259 913 2317 extimus
944 2265 975 2316 et
1004 2255 1204 2332 amplissimus
1226 2259 1342 2331 (eorum
1370 2259 1497 2328 scilimt,
1531 2265 1608 2336 quoe
1630 2261 1742 2336 figurae
1774 2263 1896 2320 named

556 2340 697 2427 possunt)
718 2346 925 2420 assignaretur.
971 2341 1049 2418 Quid
1071 2343 1137 2416 hoe,
1161 2346 1274 2420 inquis,
1301 2344 1340 2404 sd
1363 2345 1542 2405 murnum?
1587 2345 1713 2407 Omnino
1737 2347 1896 2425 plurimum

557 2431 632 2494 llam
654 2436 785 2509 quinque
807 2431 918 2507 figurae
939 2448 992 2495 rex
1013 2429 1157 2490 dederam
1178 2433 1325 2504 circuitus,
1349 2433 1442 2493 cubus
1464 2436 1553 2510 igitur
1575 2433 1656 2494 dedit
1677 2437 1819 2509 extimos,
1846 2435 1897 2496 s·-

556 2531 674 2580 tumum
703 2531 733 2580 et
760 2518 881 2579 Jorsm.
924 2520 1020 2595 Atqui
1049 2515 1170 2598 (reperis
1201 2518 1245 2592 ιιι)
1276 2519 1433 2580 Saturnus
1462 2530 1504 2580 est
1532 2526 1664 2581 minimo
1693 2541 1771 2598 pers
1806 2528 1895 2583 totius

558 2607 636 2685 Quid
659 2607 746 2667 tomi
791 2605 960 2666 Dumntodo
981 2607 1022 2664 sit
1042 2606 1108 2681 ejus
1130 2608 1210 2682 regio
1234 2606 1415 2684 amplissima
1438 2612 1528 2672 totius
1552 2611 1651 2669 mundi
1678 2610 1813 2686 mobilis;
1836 2627 1897 2670 uum

556 2713 648 2756 causa
669 2704 748 2768 erat,
777 2711 828 2754 eur
857 2711 915 2753 non
939 2695 1049 2767 omnis,
1080 2709 1139 2752 non
1162 2701 1258 2756 totum
1281 2695 1369 2766 illud,
1401 2695 1454 2756 sed
1479 2697 1546 2756 sola
1566 2715 1635 2775 pars
1663 2698 1765 2757 mundi
1789 2697 1897 2758 motus

556 2801 592 2843 ex
614 2785 795 2860 praescripto
817 2781 975 2857 figurarum
997 2780 1249 2859 multiplicaretur.

642 2872 687 2930 iis
701 2869 892 2945 Trismegtsto
907 2879 940 2928 tu
955 2868 1010 2928 tibi
1025 2869 1131 2928 rideris
1147 2870 1297 2947 probasse,
1314 2867 1394 2944 quod
1404 2872 1529 2946 spiritur
1538 2873 1643 2946 lyricus
1658 2875 1765 2946 mium,
1781 2873 1897 2930 dormo-

554 2960 642 3018 aiom
665 2965 693 3016 et
714 2965 891 3018 mesentana
912 2957 963 3016 det
982 2957 1134 3014 duumuir
1156 2964 1247 3032 otqroe
1268 2958 1466 3032 eloamtatis,
1495 2965 1523 3016 et
1544 2977 1744 3035 nequequam
1764 2961 1898 3036 pisanae

554 3063 609 3105 use
629 3060 737 3105 eorum
757 3052 865 3104 matter.
912 3045 1005 3119 Atqui
1026 3059 1085 3107 nou
1108 3043 1177 3116 dixi,
1201 3043 1250 3104 vel
1272 3044 1406 3121 planetas
1437 3043 1484 3104 rel
1506 3057 1603 3105 motus
1625 3048 1814 3122 planetarum
1837 3047 1897 3105 dare

557 3133 605 3194 rel
631 3131 783 3194 elementis
805 3131 854 3191 vel
875 3130 1061 3191 elementatis
1081 3139 1256 3192 concentum
1279 3140 1309 3191 et
1323 3131 1530 3205 harmoniam,
1554 3133 1606 3192 sed
1628 3134 1685 3193 lroc
1699 3133 1788 3212 'dico‚
1808 3135 1897 3193 Deum

556 3221 728 3280 conciliasse
750 3237 804 3280 seu
826 3218 944 3280 dedisse
966 3220 1038 3294 ipsis
1060 3220 1190 3278 motibus
1212 3218 1398 3297 planetarum
1428 3224 1633 3297 proportiones
1659 3221 1796 3294 easdem,
1829 3237 1897 3298 qme

555 3315 624 3366 sorrt
646 3309 677 3366 in
699 3308 890 3368 concentibus
912 3306 1057 3366 inmanis.

643 3394 700 3454 Ad
729 3396 953 3464 testimonia
981 3400 1017 3452 et
1041 3393 1307 3452 auctoritates
1336 3402 1465 3453 coutra
1496 3393 1697 3470 Keplerum
1723 3395 1896 3472 jactatas

556 3482 702 3544 Distiacta
723 3484 749 3541 si
771 3499 831 3540 ιιοιι
853 3483 1008 3558 resipuisti,
1040 3479 1146 3541 saltam
1170 3477 1268 3539 adnuo
1289 3495 1356 3543 mea
1377 3484 1522 3559 percipias
1553 3482 1650 3542 velim.
1697 3483 1745 3542 Ad
1770 3493 1897 3543 ornatum

557 3568 707 3631 coelorum
729 3568 931 3629 harmonicum
956 3568 1045 3627 tado
1074 3584 1133 3643 ego
1152 3570 1322 3628 mistis
1344 3585 1434 3632 cauea
1464 3567 1575 3628 nullam
1608 3573 1636 3628 in
1664 3571 1814 3648 ipsissimo
1835 3569 1897 3629 reali

558 3655 667 3717 umas
687 3667 770 3716 motu
792 3659 890 3732 origo,
913 3657 1019 3715 trustra
1040 3654 1111 3713 milri
1136 3654 1192 3715 lroc
1215 3656 1303 3714 etiarn
1326 3671 1416 3732 supra
1431 3656 1545 3734 analyei
1561 3656 1633 3715 ΧΠ.
1652 3658 1815 3735 imputasti,
1838 3675 1897 3716 nam

557 3753 589 3803 ut
616 3746 658 3804 ibi
686 3745 804 3822 scripsi,
834 3744 907 3803 milri
928 3743 1037 3802 eutlioit
1067 3742 1116 3802 vel
1139 3757 1285 3820 apparens
1316 3740 1366 3801 ille
1397 3761 1433 3804 ex
1456 3743 1526 3804 Sole
1556 3754 1652 3803 motus
1675 3743 1820 3818 Telluris,
1853 3747 1896 3820 qul

555 3830 730 3909 relinquitur
752 3835 843 3892 etiam
864 3849 884 3890 a
897 3830 1050 3908 Tyctrone,
1073 3847 1140 3890 cum
1155 3829 1247 3889 Terra
1269 3832 1384 3890 interim
1407 3830 1450 3888 llil
1472 3847 1503 3890 re
1527 3848 1597 3892 vera
1619 3832 1760 3908 quiescat.
1809 3833 1897 3891 Multo

556 3922 652 3979 minus
673 3919 869 3979 rsrliatioaum
892 3935 949 3995 ego
970 3918 1175 3994 proportiones
1198 3917 1267 3976 ltulo
1290 3918 1354 3978 basi
1375 3927 1474 3978 motus
1497 3918 1606 3978 Terrae
1626 3931 1815 3996 superstrne;
1837 3937 1897 3979 nam

555 4024 696 4084 expresse
717 4007 810 4066 doceo
832 4006 908 4066 lilrro
929 4005 983 4080 IV,
1013 4015 1148 4065 naturum
1177 4005 1365 4064 sublunarem
1388 4007 1432 4066 sle
1453 4023 1472 4065 a
1494 4005 1578 4066 coelo
1606 4011 1795 4081 commoveri,
1821 4005 1896 4068 otii

557 4102 680 4171 apparet
701 4097 730 4152 iu
753 4093 865 4168 umis,
888 4110 949 4153 non
969 4101 1004 4152 ut
1025 4103 1124 4154 estre
1147 4109 1218 4153 vera
1239 4093 1270 4150 lu
1292 4111 1324 4152 se
1348 4095 1412 4169 ipso
1435 4101 1646 4170 comparatum.
1739 4123 1744 4132 ·

642 4182 779 4257 Denique
801 4181 883 4259 quod
904 4180 1012 4241 Terrae
1035 4182 1163 4240 animam
1187 4179 1421 4257 qualemcunque
1444 4181 1557 4255 tribuo,
1581 4197 1640 4240 nou
1663 4181 1731 4241 ideo
1754 4183 1849 4256 laeio,
1870 4189 1897 4239 nt

556 4263 654 4330 aalma
676 4269 751 4329 haee
771 4269 824 4328 liat
846 4271 986 4329 terminus
1011 4268 1060 4327 rel
1081 4267 1248 4346 sublectum
1270 4269 1467 4346 proportionis
1490 4268 1568 4329 illius
1592 4269 1790 4335 harmonicae,
1816 4287 1896 4346 qnam

555 4365 655 4436 statuo
669 4359 707 4416 in
730 4356 833 4431 radiis,
862 4356 919 4418 aed
942 4364 976 4414 ut
995 4357 1071 4416 istae
1093 4347 1242 4415 radiorum
1266 4358 1468 4434 proportiones
1490 4359 1605 4434 possint
1627 4375 1692 4416 csse
1715 4353 1896 4417 eldcseesiu

555 4447 704 4506 meteoria.
747 4443 826 4504 Huic
845 4446 923 4521 parti
946 4442 1150 4521 philosophiae
1175 4451 1205 4501 tu
1228 4447 1330 4502 nescio
1351 4442 1422 4519 quid
1442 4443 1609 4520 obloqueris
1631 4447 1748 4505 serlone
1769 4443 1895 4504 anulini

541 4551 646 4608 ,ageas
667 4536 769 4609 tuique
790 4527 926 4592 'oblitust
956 4534 992 4590 ia
1018 4534 1176 4608 scriptasit
1203 4533 1297 4590 iamir
1318 4531 1407 4610 uallo
1434 4533 1570 4590 muniri
1594 4541 1794 4608 urpumsnto,
1825 4529 1898 4608 qued

554 4621 687 4681 moro
707 4613 747 4680 ‹ir›
770 4621 938 4696 meditus
956 4622 1134 4679 ammaus.
1179 4617 1213 4676 ld
1236 4617 1372 4692 equidem
1395 4619 1492 4678 sciunt
1511 4635 1601 4695 quam
1624 4621 1743 4697 optime,
1767 4623 1896 4696 quisunt

522 4747 526 4754 ·
555 4708 783 4795 aphilosopiia
811 4702 900 4784 quam
921 4708 1048 4770 mammo
1070 4707 1168 4766 vacui.
1213 4705 1291 4780 Quid
1319 4721 1389 4765 vero
1413 4713 1444 4764 tu
1467 4706 1556 4766 iudo?
1600 4706 1676 4765 Num
1710 4705 1776 4767 ideo
1800 4723 1895 4784 asper-

431 4831 437 4838 =
467 4841 472 4852 .
530 4804 618 4858 ·tus·
634 4794 727 4862 nihil*
740 4795 852 4855 lacirmt
883 4794 922 4854 ad
953 4793 1057 4854 cienda
1089 4791 1246 4854 meteora‘i
1289 4793 1352 4854 Nec
1380 4793 1483 4853 stellae
1514 4794 1581 4869 plus
1608 4793 1720 4854 habent
1747 4795 1893 4862 facultatis,

426 4933 437 4957 .,
556 4878 645 4959 quam
666 4873 1079 4959 esri1tpssm,·uistrogtrsndt
1102 4891 1235 4958 tempora
1258 4881 1358 4957 sigula,
1381 4881 1419 4940 ad
1443 4897 1531 4958 quam
1553 4883 1748 4959 inscriptura
1770 4882 1895 4942 dicuntur

555 4972 651 5030 metae
680 4971 725 5030 sl»
747 4969 884 5044 oliqinei
929 4968 1141 5044 Argumeotsre
1170 4971 1269 5044 ltaque
1300 4967 1440 5042 ulterius,
1471 4970 1500 5026 in
1530 4972 1673 5046 scriptura
1692 4969 1813 5034 ,nullam
1841 4969 1893 5028 deri

397 5038 402 5048 ⁹
494 5058 500 5070 '
526 5049 534 5060 ⁶
555 5061 733 5119 mcutimrem
746 5054 931 5117 discriminis
952 5060 1028 5116 inter
1049 5051 1151 5117 stellas
1173 5065 1304 5117 errantes
1326 5064 1355 5116 et
1378 5056 1461 5130 irus,
1484 5055 1582 5114 nullos
1597 5059 1687 5132 igita-
1707 5073 1773 5116 eeee
1788 5071 1894 5118 ersom

450 5147 462 5224 ⁴.
555 5163 610 5205 eeu
631 5141 774 5226 planetae.
821 5142 957 5203 Olinem
979 5144 1050 5204 milri
1080 5148 1233 5222 contingat
1255 5142 1354 5204 videre
1381 5143 1614 5204 taediosissimae
1642 5143 1794 5207 lectionis!
1839 5145 1891 5204 lion
