4467 6192
519 648 582 707 220
929 642 971 696 De
989 638 1254 712 Contipnrhtionibns
1275 642 1453 713 Hsrmoulcis.

517 818 757 896 monstrationibus
775 816 997 875 universaliorum
1016 826 1045 873 et
1061 818 1255 888 simpliciorum
1272 818 1440 889 specierum?
1474 818 1600 878 Dicimus
1625 818 1708 886 anim,
1737 816 1869 887 adque.

519 886 587 951 ιιιιι
604 896 643 956 ιιι
661 896 893 965 investigationem
913 898 1015 968 ubique
1032 899 1165 969 principia
1183 906 1210 957 et
1227 898 1428 969 propositiones
1449 914 1510 957 esse
1528 892 1807 953 demonstrationibus
1826 912 1872 952 seu

518 973 735 1030 conclusionibus
758 984 895 1044 cognatas
933 976 961 1031 Si
985 978 1068 1050 igitur
1088 978 1239 1051 singularia
1263 978 1473 1046 universalibus,
1499 992 1523 1058 u
1546 976 1656 1031 sensilia
1678 974 1871 1029 ratiocinativis

516 1058 596 1111 sant
601 1058 711 1124 citreae,
717 1056 865 1127 quomodo
883 1054 942 1112 fieri
958 1064 1064 1129 potest,
1089 1067 1120 1114 ut
1138 1056 1375 1115 demonstrationis
1394 1056 1525 1111 terminus
1543 1054 1577 1109 ad
1595 1054 1680 1124 magis
1698 1052 1871 1123 universalia,

518 1140 573 1207 nori
590 1132 624 1188 ad
643 1134 768 1202 partialis
785 1136 919 1189 referatur
937 1145 1020 1204 astque
1038 1137 1262 1194 intellectualium
1281 1151 1361 1212 quarn
1374 1136 1512 1191 sensilium
1525 1133 1670 1188 essentiam
1687 1131 1871 1203 cognationem

518 1198 793 1271 demonstrationibus
811 1214 975 1283 probemus?
1013 1218 1057 1271 Sic
1082 1218 1336 1285 enirnloquuntnr:
1361 1215 1464 1271 nansi
1489 1214 1549 1284 quis
1565 1206 1754 1281 demonstrat,
1782 1212 1872 1280 aequi·

519 1308 627 1347 crurum
651 1290 752 1344 habere
775 1292 889 1358 angulos
907 1292 1013 1354 duobus
1032 1298 1113 1353 rectis
1132 1297 1273 1366 aequales,
1301 1296 1372 1351 idem
1397 1294 1607 1363 aequilateram,
1633 1292 1704 1348 idem
1719 1291 1871 1357 scalam,

518 1372 571 1426 hoc
588 1372 657 1426 scire
676 1380 719 1426 ιιι
734 1370 898 1441 legitimum,
921 1374 997 1428 sed
989 1376 1169 1431 nescientiam
1190 1375 1299 1444 proprie
1317 1374 1416 1429 dictam
1433 1372 1559 1439 habebit,
1579 1372 1626 1439 qui
1643 1370 1677 1427 de
1694 1369 1770 1425 omni
1788 1371 1871 1425 trias·

484 1460 488 1469 ·
519 1441 583 1509 gulo
603 1442 760 1510 simpliciter
776 1444 831 1497 hoe
848 1442 1081 1503 demonstraverit.
1119 1448 1200 1501 Item:
1222 1444 1385 1504 universalia
1402 1444 1515 1505 meliora
1532 1458 1593 1505 csse
1611 1441 1647 1498 ad
1665 1440 1873 1497 demonstratio

518 1536 587 1588 nem,
606 1537 688 1589 quam
704 1522 886 1591 particularia
924 1524 1063 1593 Amplius:
1084 1525 1169 1589 mauis
1189 1522 1380 1579 universalium
1398 1538 1460 1579 esse
1479 1521 1734 1590 demonstrationes
1760 1538 1798 1579 es
1815 1521 1874 1591 atti·

519 1598 570 1653 bus
588 1614 652 1651 vero
676 1608 802 1655 constant
820 1600 1078 1668 demonstrationes,
1107 1604 1154 1659 illa
1179 1606 1272 1674 priora
1291 1619 1350 1658 esse
1375 1607 1523 1657 sanatura
1545 1599 1708 1668 praecedere
1726 1598 1875 1667 singularis

518 1686 551 1747 ιι,
563 1694 659 1735 causas
677 1695 738 1734 0⁸⁸0
757 1696 858 1751 eorum,
877 1698 947 1750 quae
965 1686 1123 1753 praibantur.
1160 1682 1277 1739 Multum
1291 1681 1375 1751 igitur
1392 1684 1492 1737 absunt
1505 1680 1634 1735 scientiae
1652 1680 1824 1750 apodicticae
1843 1678 1874 1732 ab

518 1758 578 1827 hoc,
598 1762 628 1811 ut
646 1757 717 1813 circa
733 1759 886 1828 posteriora
905 1770 967 1821 artu
985 1770 1013 1817 et
1031 1762 1189 1818 obscuriora
1208 1760 1317 1817 sensilia
1335 1759 1536 1831 propositiones
1553 1776 1619 1817 suas
1644 1760 1798 1815 mendicato
1819 1758 1873 1813 col-

519 1838 614 1906 ligant.
650 1836 745 1893 Dicam
763 1838 875 1907 insuper
894 1847 922 1893 et
940 1838 992 1895 hoc
1011 1841 1133 1895 tertium:
1158 1840 1219 1895 illos
1237 1839 1353 1895 animam
1380 1839 1499 1894 viliorem
1518 1839 1609 1896 facere
1632 1840 1697 1910 ipsis
1718 1838 1875 1909 speciebus.

520 1913 566 1986 qni
583 1916 652 1974 haec
670 1917 772 1975 dicssnt.
808 1918 879 1975 liam
898 1919 921 1974 si
939 1921 1051 1977 materia
1069 1920 1182 1991 suscipit
1201 1927 1333 1975 enatura
1351 1920 1410 1985 illa,
1429 1935 1498 1992 quae
1518 1925 1581 1973 saint
1599 1918 1755 1981 essentialia
1772 1924 1802 1971 et
1821 1931 1874 1971 ma·

520 1996 561 2065 gis
580 1996 653 2055 entia
671 2005 699 2054 et
716 1996 892 2063 evidentiora,
908 1999 998 2055 anima
1016 2016 1079 2054 vero
1097 2000 1243 2070 posteriori
1255 2006 1317 2055 actu
1338 1999 1436 2067 accipit
1455 1997 1488 2053 ab
1501 1996 1554 2051 illis
1567 1996 1744 2067 exemplaque
1763 2000 1793 2049 et
1810 1994 1875 2049 ima·

517 2072 593 2142 gines
612 2083 674 2130 ortu
692 2078 837 2146 posteriori
858 2077 936 2146 fingit
959 2078 986 2132 in
1006 2095 1035 2132 se
1053 2081 1127 2148 ipsa,
1155 2080 1303 2148 respiciens
1321 2076 1356 2135 ad
1375 2078 1508 2136 essentias
1533 2072 1642 2131 viliores
1665 2082 1692 2130 et
1711 2074 1875 2131 abstrahens

517 2155 671 2224 amateria,
689 2171 759 2226 quae
779 2158 926 2225 secundum
944 2157 1030 2225 ipsius
1049 2166 1174 2213 naturam
1193 2164 1257 2213 sunt
1275 2156 1476 2227 inseparabilia,
1497 2172 1587 2212 nonne
1601 2154 1716 2216 animam
1736 2155 1799 2223 ipsa
1818 2169 1874 2208 nsa-

517 2234 585 2288 teria
603 2233 786 2291 obscuriorem
804 2234 1064 2305 indigentioremqne
1081 2236 1203 2293 iaciunt?
1239 2238 1309 2293 Nam
1328 2244 1356 2291 et
1373 2236 1487 2291 materia
1504 2236 1581 2291 locus
1600 2241 1643 2288 ιιι
1660 2233 1812 2289 materiatis
1832 2249 1873 2287 ra·

516 2312 648 2382 tionibus,
676 2314 747 2370 sicut
769 2310 859 2370 anima
881 2314 1022 2384 speciebus
1042 2318 1252 2379 tirnrnateriatist.
1289 2316 1372 2373 Esset
1390 2330 1453 2371 varo
1477 2312 1524 2367 illa
1542 2313 1618 2368 locus
1643 2312 1793 2382 prioribus.
1821 2310 1874 2365 ista

518 2392 694 2461 secundariis,
713 2402 740 2447 et
757 2392 805 2449 illa
823 2394 949 2450 ducatum
969 2394 1153 2458 obtinentibus
1173 2395 1200 2451 iu
1219 2394 1341 2461 essendo,
1364 2392 1417 2449 ista
1435 2390 1638 2447 subsistentiam
1656 2388 1822 2445 habentibus
1841 2390 1874 2443 ab

428 2506 434 2516 ,
517 2468 585 2538 ι]1ιι;
610 2469 726 2540 denique
745 2470 793 2528 illa
810 2470 891 2529 iactis
910 2473 1057 2528 secundum
1076 2472 1233 2540 essentiam,
1260 2474 1315 2529 ista
1332 2471 1495 2541 nuncupatis
1518 2470 1666 2527 secundum
1684 2468 1872 2524 intentionem.

519 2547 661 2616 Quomodo
685 2551 769 2621 igitur
794 2552 1020 2621 anima,‚mentis
1044 2557 1072 2610 ιι
1095 2551 1289 2609 ιιιιιιιιιιιιιι
1311 2551 1414 2621 primae
1436 2550 1570 2617 essentiae
1591 2548 1728 2619 particeps
1751 2555 1781 2603 et
1804 2564 1876 2617 quae

518 2626 697 2697 cognitionem
715 2627 778 2694 inde
796 2638 1008 2687 consummatam
1027 2630 1118 2700 habet,
1137 2632 1272 2702 quomodo
1290 2630 1401 2699 iuquam
1419 2628 1499 2693 etiam
1519 2624 1770 2683 obscurissimarum
1788 2627 1875 2682 totitas

519 2707 590 2763 vitae
608 2711 759 2777 specierum
777 2711 829 2768 erit
846 2708 1063 2780 receptaculum,
1085 2709 1169 2766 infimi
1189 2708 1319 2765 scilicet
1311 2726 1338 2765 ιι
1356 2706 1438 2764 rebus
1456 2707 1556 2776 gradum
1580 2706 1751 2777 omniumque
1776 2707 1876 2776 imper·

428 2858 429 2861 Ἴ
518 2782 661 2843 fertissimi
678 2787 712 2841 ad
731 2787 895 2846 essentium?
932 2788 1033 2842 Verum
1052 2788 1123 2843 hanc
1142 2788 1296 2857 opinionem
1315 2802 1473 2857 oppugnare
1491 2787 1630 2859 pluribus,
1649 2802 1718 2857 quae
1736 2786 1876 2841 duduma

516 2860 613 2918 multis
626 2874 669 2921 est
686 2866 824 2938 flagellata
842 2885 875 2923 ex
893 2869 1002 2933 merito,
1021 2882 1219 2937 supervacuum
1238 2866 1370 2921 existimo

588 2943 691 3011 Quodsi
707 2964 763 3004 nou
781 2948 903 3006 existunt
919 2948 1126 3005 mathematicae
1145 2947 1251 3017 species
1270 2962 1320 3015 per
1334 2946 1543 3003 abstractionem
1556 2946 1768 3039 materiatarum,
1787 2962 1877 3019 neque

517 3014 566 3092 per
584 3022 771 3080 collectionem
790 3040 897 3110 eornm,
924 3044 994 3097 quae
1012 3029 1104 3082 insunt
1122 3026 1149 3080 in
1168 3022 1353 3094 singularibus
1372 3029 1540 3097 eommunia,
1567 3040 1655 3095 neque
1682 3028 1793 3083 omnino
1811 3036 1877 3083 sunt

518 3112 578 3160 ortu
596 3104 761 3174 posteriores
780 3098 827 3162 aiut
845 3122 878 3162 ex
897 3108 1057 3175 sensilibus,
1088 3120 1200 3160 necesse
1218 3104 1313 3174 utique
1331 3103 1425 3169 fuerit,
1453 3113 1483 3160 ut
1501 3107 1591 3161 eninm
1609 3104 1674 3160 ιιι
1669 3121 1686 3159 a
1704 3120 1733 3161 se
1751 3106 1815 3175 ipsa
1833 3106 1875 3161 vel

518 3195 642 3243 amente
659 3193 825 3241 transsumat
842 3185 919 3255 illae,
946 3188 987 3241 vel
1008 3184 1126 3255 denique
1152 3190 1179 3241 et
1198 3200 1214 3239 a
1233 3200 1262 3239 se
1288 3190 1315 3239 et
1335 3200 1352 3239 a
1369 3192 1458 3240 mente
1480 3182 1575 3239 simul
1582 3186 1605 3253 *ι
1640 3182 1740 3239 Verum
1759 3184 1784 3239 si
1811 3198 1826 3236 a
1846 3196 1877 3236 sa

519 3265 585 3336 sola,
604 3267 739 3338 quomode
759 3274 838 3322 eruut
856 3266 985 3335 imagines
1003 3264 1226 3321 intellectualium
1246 3260 1411 3332 specierum,
1432 3260 1567 3333 quomode
1586 3268 1665 3319 erunt
1683 3261 1789 3317 mediae
1805 3262 1878 3315 iuter

519 3343 672 3416 partibilem
692 3353 719 3400 et
737 3341 929 3413 impartibilem
948 3351 1081 3411 naturam,
1099 3360 1160 3399 cnm
1178 3342 1280 3398 nullam
1298 3342 1424 3412 oprimis
1447 3342 1705 3397 consummationem
1730 3342 1765 3396 ad
1785 3354 1877 3397 essen·

521 3420 583 3484 dam
603 3425 771 3482 sortiantur?
789 3423 924 3514 quomodo
943 3423 1062 3491 deniqne
1078 3421 1167 3493 prima
1187 3418 1319 3491 exempla
1337 3419 1524 3490 paradigmata
1543 3420 1586 3474 ιιι
1604 3420 1695 3491 ιιιιι,
1722 3436 1794 3490 quae
1813 3428 1877 3475 sunt

519 3505 547 3559 in
566 3503 954 3574 rnente,suntun1vers‹ram
974 3501 1129 3569 principes?
1165 3498 1211 3554 Sin
1231 3515 1294 3554 vero
1313 3514 1329 3553 a
1347 3504 1436 3552 mente
1454 3498 1513 3552 sola
1530 3506 1750 3555 transsumuntur
1774 3500 1802 3575 in
1821 3500 1877 3554 ani-

521 3600 600 3653 mam,
619 3580 754 3673 quomodo
773 3582 862 3634 anima
880 3578 1025 3633 manebit·
1017 3593 1077 3647 ipsa
1096 3594 1126 3633 se
1144 3576 1206 3648 ipss
1225 3594 1342 3648 operans
1362 3592 1445 3646 seque
1463 3578 1550 3647 ipsam
1568 3595 1686 3647 movens,
1705 3578 1729 3633 si
1746 3568 1877 3634 rationes

521 3678 589 3732 quae
608 3661 715 3716 suntin
735 3662 803 3729 ipsa,
822 3660 857 3714 ad
875 3672 995 3713 normam
1015 3657 1208 3712 subsistentiae
1226 3654 1334 3711 iliarum
1353 3670 1455 3723 rerum,
1484 3672 1554 3725 quae
1572 3660 1607 3713 ab
1625 3656 1678 3711 alio
1697 3657 1817 3725 cientur,
1836 3653 1875 3712 in·

519 3740 683 3796 duxerunt
675 3757 702 3795 ιι
720 3740 806 3808 ipsam
826 3736 954 3793 aliunde?
988 3736 1025 3789 ιιι
1043 3734 1108 3805 quid
1127 3736 1236 3793 differet
1254 3737 1344 3792 anima
1362 3748 1379 3789 a
1396 3734 1522 3803 materia,
1542 3751 1612 3805 quae
1630 3736 1717 3790 solum
1738 3742 1875 3805 potestate

520 3828 561 3876 ιιι
580 3820 682 3885 omnia,
699 3818 767 3872 nihil
785 3832 850 3871 vero
868 3817 902 3872 de
920 3816 1069 3870 materiatis
1085 3817 1229 3886 speciebus
1248 3816 1378 3885 generati

604 3900 703 3954 Restat
719 3896 814 3964 igitur,
841 3901 873 3949 ut
892 3893 982 3948 anima
998 3900 1026 3946 et
1042 3912 1059 3946 a
1078 3910 1107 3948 se
1125 3896 1185 3963 ipsa
1208 3902 1237 3948 et
1255 3910 1271 3948 a
1289 3901 1380 3948 mente
1399 3900 1566 3949 transeamus
1581 3893 1637 3947 ieta
1658 3900 1689 3948 ιι
1715 3901 1745 3948 ιι
1759 3894 1824 3963 ipsa
1840 3892 1877 3947 sit

519 3979 646 4034 absoluta
663 3976 859 4031 consummatio
877 3973 1043 4044 specierum,
1070 3989 1140 4041 qaae
1159 3972 1193 4039 ab
1211 3972 1441 4029 intellectualibus
1465 3974 1560 4041 primis
1579 3973 1710 4043 exemplis
1729 3989 1779 4029 sess
1796 3988 1876 4043 pars·

519 4058 681 4127 digmatibus
698 4071 717 4109 s
733 4072 763 4109 se
774 4055 847 4125 ipsis
865 4054 964 4122 genitis
983 4052 1187 4109 subsistentiam
1205 4053 1308 4109 habent
1332 4059 1360 4106 et
1378 4064 1516 4107 accessum
1545 4050 1580 4109 ad
1599 4051 1687 4119 ipsum
1713 4066 1791 4107 esse
1819 4068 1875 4107 sor·

518 4137 630 4193 annam.
665 4136 763 4204 Itaque
779 4148 949 4203 nequaquam
967 4139 1010 4188 est
1028 4132 1119 4187 anima
1136 4131 1321 4197 tabularum,
1343 4130 1377 4183 ab
1395 4128 1520 4185 omnibus
1539 4130 1690 4187 rationibus
1709 4145 1809 4200 vacua,
1828 4130 1876 4186 sed

499 4246 501 4250 .
520 4222 562 4271 ast
578 4214 682 4284 scripta
699 4228 806 4284 semper
823 4210 918 4266 tabula
934 4212 1084 4280 scribitque
1102 4219 1130 4264 et
1147 4210 1208 4280 ipsa
1225 4211 1251 4262 in
1266 4226 1295 4263 ιι
1307 4209 1395 4278 ipsam
1414 4215 1441 4262 et
1451 4209 1592 4277 scripturis
1607 4210 1735 4278 impletur
1747 4225 1763 4263 a
1775 4216 1874 4263 mente.

521 4294 573 4349 list
598 4293 669 4347 enim
696 4291 785 4347 anima
811 4306 887 4345 mens
914 4305 964 4348 seu
983 4289 1144 4351 ,intellectus
1172 4288 1295 4357 quidam,
1322 4285 1367 4357 qui
1386 4302 1415 4339 se
1433 4287 1522 4356 ipa'um
1543 4288 1691 4343 secundum
1707 4288 1828 4360 priorem
1846 4303 1875 4341 se

470 4378 476 4389 '
514 4372 689 4429 intellectum
708 4369 834 4436 revolvit,
861 4368 950 4438 imago
969 4366 1041 4421 illius
1066 4371 1095 4419 et
1112 4366 1200 4437 figura
1222 4382 1271 4421 seu
1294 4373 1375 4436 typus
1400 4364 1465 4418 ioris
1486 4362 1634 4435 iactus.**)
1670 4365 1699 4420 Si
1723 4364 1807 4433 igitur
1830 4363 1874 4419 ille

520 4452 609 4509 emnia
625 4446 848 4507 intellectualiter
866 4453 915 4516 est,
934 4443 985 4509 erit
1004 4451 1032 4499 et
1044 4444 1134 4499 anima
1147 4446 1236 4499 omnia
1250 4442 1413 4512 animaliter,
1433 4452 1461 4497 et
1474 4444 1497 4497 si
1509 4442 1554 4499 ille
1568 4444 1766 4516 exemplariter,
1786 4444 1874 4498 anima

520 4528 642 4600 imaginis
660 4532 688 4585 in
707 4526 828 4595 madum3
848 4532 876 4582 et
894 4524 917 4580 ei
934 4522 980 4579 ille
999 4523 1158 4579 contractim
1178 4532 1205 4578 et
1217 4524 1320 4581 unitint
1339 4524 1428 4577 anima
1441 4521 1553 4579 divisim
1590 4523 1670 4592 Quod
1684 4541 1744 4579 cum
1757 4530 1786 4578 et
1797 4524 1873 4578 Plato

520 4608 707 4678 intellexisset,
714 4606 769 4677 m)
786 4606 902 4663 animam
915 4620 949 4659 es
960 4603 1083 4657 omnibus
1097 4604 1238 4657 constituit
1227 4602 1392 4673 tdivisitque
1408 4602 1554 4657 secundum
1568 4617 1694 4657 numeros
1705 4602 1874 4673 ιιιιιιιιιιι

521 4686 653 4793 analogiis
672 4694 699 4742 ιι
717 4684 869 4769 rationibus
886 4679 1085 4747 harmonicis,
1077 4698 1158 4751 inque
1177 4681 1264 4751 ipsam
1283 4680 1398 4736 contulit
1416 4668 1549 4753 principia
1566 4682 1654 4751 prima
1671 4678 1819 4749 figurarum
1839 4680 1873 4736 ai·

597 4826 625 4877 θ)
638 4788 1117 4873 iniussistatuistitxtsmsnitpmetpna
1134 4822 1205 4862 Deum
1215 4818 1435 4872 erastumi’is'tcnls,
1449 4820 1545 4862 maistam
1554 4830 1617 4869 sere,
1633 4830 1697 4871 ausus
1707 4820 1872 4862 christianidi

521 4880 680 4979 uss-tipasam
688 4879 759 4918 noun
767 4879 902 4928 enatarem,
910 4878 1125 4927 mojaeisssgipeesn
1113 4876 1435 4921 nntcmnsesulmssareatss.
1445 4875 1658 4925 cerporibussisitic
1660 4874 1724 4915 sudis
1737 4876 1873 4925 praetactas.

654 4930 787 4971 Christianis
802 4937 864 4971 etsu
869 4932 992 4969 ntsnlasse
1010 4930 1146 4979 exempla
1104 4929 1146 4967 sris
1161 4928 1285 4977 Creatoris,
1307 4932 1330 4968 et
1350 4930 1507 4968 sustentantur
1521 4930 1641 4967 eilsmsnm
1655 4928 1736 4967 sblllo
1723 4939 1871 4978 υι-ιιιιιιιιι

524 4984 574 5024 daus
588 4933 652 5024 saida
664 4978 858 5022 irradiationem'v
861 4985 922 5023 stitus
935 4982 1006 5022 divini
1019 4983 1041 5020 in
1056 4983 1126 5030 ipssa.

599 5037 655 5085 Μ)
667 5036 695 5077 ln
709 5035 814 5081 Tisaeae
836 5037 874 5085 ιιι
887 5040 923 5077 ast
937 5035 994 5075 cites
1007 5045 1092 5077 omnm
1106 5034 1253 5074 dssbltstleals
1276 5034 1348 5075 sicam
1365 4994 1537 5076 comentatus
1556 5032 1621 5081 antis
1624 5042 1644 5073 ss
1664 5032 1686 5071 iu
1701 5035 1795 5082 prima·
1809 5036 1873 5082 caput

523 5088 639 5131 emesam
653 5098 694 5129 sss
709 5087 791 5127 llbriI.
807 5047 863 5126 itaqu
846 5098 891 5136 s,rs
914 5087 1072 5126 transiarmsns
1087 5086 1186 5126 illumin
1201 5084 1363 5136 philosophiam
1377 5086 1561 5137 Pythagoricum,
1584 5086 1609 5123 ut
1623 5082 1688 5124 isciis
1709 5088 1774 5135 pstat
1788 5088 1872 5125 ansata

522 5143 611 5193 issssti
624 5144 648 5183 st
661 5140 730 5182 verba
742 5138 794 5192 ipss
805 5137 875 5180 blesis
889 5138 1011 5183 seusiam
1024 5138 1158 5179 ennaranti.
