4467 6192
956 602 1098 675 Apologia.
1635 607 1700 667 423

346 790 375 842 et
403 786 594 862 patientium,
625 802 713 863 qnam
743 782 974 862 hyperpbysicas
1005 786 1068 864 typi
1097 794 1129 845 ct
1158 784 1319 862 archetypi.
1371 785 1436 845 Nou
1467 784 1570 860 culpo,
1598 783 1701 856 habes,
1744 784 1748 797 '

345 870 451 945 fateor,
475 876 572 932 socios
596 874 625 931 in
646 872 705 931 boc
728 890 783 932 usu
806 874 902 943 vocis,
925 872 1117 951 philosophos
1141 874 1278 945 eximios,
1308 872 1377 930 dum
1399 872 1505 948 lpdnnt
1526 875 1556 929 in
1578 876 1702 949 poime-

346 959 441 1038 tihua,
464 976 540 1036 qnos
563 962 638 1037 iuter
660 967 690 1020 st
705 958 837 1029 Procius,
862 960 946 1035 cujus
968 960 1016 1020 hic
1037 967 1082 1020 cst
1106 961 1143 1019 de
1157 960 1282 1019 Phoebo
1297 958 1458 1020 versiculus
1473 958 1524 1019 iol.
1539 974 1606 1019 mco
1622 958 1700 1017 325:

803 1048 928 1125 ’Κιθαρῃ
952 1042 1009 1108 ὕπο
1032 1051 1164 1109 &annelat
1183 1050 1304 1121 μελπων

365 1179 368 1191 .
647 1128 771 1204 Εὐιιιζι
793 1156 864 1212 pega
887 1158 961 1208 ιιιιμα
984 1136 1214 1213 βαρυφλοισβοιο
1237 1137 1383 1213 perediae,

348 1224 559 1280 suavissimam
582 1222 707 1280 monens
729 1220 911 1280 harmoniam
942 1223 1017 1281 iuter
1039 1240 1149 1282 marem
1171 1230 1202 1282 et
1223 1222 1398 1281 laminam'
1390 1239 1421 1279 ru
1443 1228 1511 1280 actu
1535 1222 1703 1317 generatio·

348 1313 411 1383 uls3
439 1320 468 1368 et
491 1310 540 1368 bic
561 1308 599 1369 de
622 1308 755 1367 Paeane:

607 1396 768 1471 Πλησιις
790 1389 925 1471 nipparene
946 1417 1150 1472 παιαπημονος
1172 1418 1261 1473 rupea
1282 1407 1403 1469 uocans,
1490 1417 1494 1430 ·

346 1482 430 1558 quod
454 1482 588 1560 intelligo
611 1482 647 1541 de
669 1484 830 1541 omnifariis
853 1482 1029 1541 naturalium
1051 1485 1214 1542 motionum
1235 1483 1430 1543 successibus.

436 1568 547 1643 Patior,
568 1572 696 1646 inquam,
722 1579 749 1629 te
773 1570 895 1629 vocibus
919 1571 960 1629 nti
984 1571 1126 1629 arbitratu
1149 1580 1210 1643 tuo,
1232 1570 1305 1629 illud
1329 1580 1426 1629 tamen
1449 1571 1613 1630 necessario
1636 1588 1702 1631 uro·

351 1673 420 1726 neo,
445 1667 475 1717 ta
497 1659 553 1717 sub
576 1658 633 1716 hac
655 1659 848 1733 ambignitate
870 1656 1034 1718 latitantem
1056 1658 1198 1735 plurimas
1221 1661 1330 1736 passim
1352 1658 1451 1717 turbas
1466 1660 1603 1731 excimrc,
1626 1666 1703 1734 qnae

349 1744 469 1803 detecta
501 1748 746 1821 aequivocatione
780 1743 917 1808 facillime
948 1749 1111 1821 sopiuntur.
1168 1748 1228 1804 Aut
1255 1748 1281 1803 si
1310 1746 1406 1819 detegi
1440 1763 1498 1804 noo
1528 1752 1626 1821 potest
1655 1748 1703 1818 (ut

347 1830 469 1908 qnidam
502 1830 559 1891 hoc
586 1836 652 1908 ipso
682 1831 869 1907 loeo·plures
898 1833 927 1888 io
955 1840 1008 1891 tuo
1030 1833 1212 1891 barmoniae
1233 1833 1341 1892 ιιιιιὶιο
1366 1850 1419 1890 san
1441 1831 1577 1891 mdullu
1597 1849 1703 1891 sensus

287 1917 291 1928 '
348 1919 460 1991 latent,
485 1936 573 1995 quant
596 1936 679 1979 mens
701 1927 803 1997 stupor
827 1934 930 1995 capere
954 1922 1079 1998 possit),
1111 1930 1180 1977 tunc
1202 1922 1290 1978 irritis
1313 1921 1468 1979 conatibus
1490 1920 1702 1995 congredimur,
1760 1953 1763 1958 ·

348 2008 468 2083 quaerit
491 2007 655 2066 involutum
679 2015 846 2081 tectumque
876 2006 966 2073 lorica
989 2006 1188 2083 inexplicabili
1212 2007 1363 2069 homnium
1391 2006 1533 2067 anhelans
1564 2008 1625 2065 iera
1648 2006 1702 2065 de-

346 2097 481 2171 seritque
500 2111 572 2155 ‚non
601 2096 771 2169 iuventam3
802 2095 955 2152 frustratur
985 2110 1039 2153 sua
1068 2094 1221 2170 voluptate
1245 2097 1413 2174 'spectator3
1444 2094 1556 2154 nullam
1582 2097 1703 2169 iuquam

350 2182 448 2241 lector
470 2182 627 2241 utilitatem
650 2185 729 2259 capit
751 2200 788 2240 ex
813 2185 1028 2241 concertatione
1052 2182 1237 2242 tenebrarum
1260 2181 1357 2260 plena
1366 2178 1411 2262 ⁴¹)
1476 2198 1484 2215 ¹

441 2270 493 2327 Ad
517 2270 706 2371 Analmysin
729 2268 771 2331 X
817 2268 985 2345 Propterea,
1005 2272 1137 2343 iuquam,
1164 2269 1244 2345 quod
1267 2268 1317 2329 ille
1339 2272 1421 2347 praxi
1445 2268 1539 2342 magis
1561 2265 1703 2341 indulget,

347 2372 405 2459 ego
429 2356 577 2428 mennae,
612 2359 667 2433 ipsi
698 2356 816 2432 quidem
838 2357 971 2433 picturae
993 2364 1062 2415 sunt
1084 2356 1271 2428 commodae,
1302 2358 1375 2415 mibi
1398 2356 1587 2415 theoremata
1632 2355 1699 2412 Non

349 2446 489 2518 injuriam
512 2446 565 2503 tibi
589 2444 660 2517 leci,
694 2444 839 2517 Roberte3
868 2442 1017 2501 nullum
1011 2461 1038 2500 ιιι
1069 2460 1158 2519 opere
1180 2454 1231 2501 tuo
1255 2446 1303 2501 lixi
1333 2447 1444 2519 stipare
1470 2441 1621 2515 invidiae,
1651 2440 1703 2500 sed

347 2548 426 2607 opus
448 2531 549 2591 laciori
566 2550 584 2590 a
599 2548 653 2591 sua
667 2534 786 2608 propria
801 2539 872 2589 nota
885 2532 1038 2606 monpsi,
1054 2540 1087 2589 ui
1103 2533 1200 2608 sciret,
1216 2534 1267 2606 qui
1282 2529 1411 2588 noudum
1423 2530 1502 2600 emit,
1517 2530 1704 2589 inventurum

348 2636 382 2679 se
407 2620 487 2694 quod
519 2619 661 2691 delectet,
693 2626 779 2695 prout
810 2620 957 2692 ingenium
980 2619 1067 2677 luerit
1089 2619 1224 2677 bominis
1268 2616 1343 2690 Nam
1374 2626 1405 2676 et
1426 2618 1547 2692 picturis
1577 2633 1612 2676 ex
1633 2633 1703 2675 aera

351 2707 488 2767 abundat
511 2724 637 2765 excusus
660 2706 742 2779 liber,
766 2713 796 2764 et
818 2712 880 2765 tute
903 2707 967 2781 ipae
989 2704 1104 2782 analysi
1120 2706 1176 2765 111.
1198 2703 1285 2763 modo
1299 2706 1481 2776 recensuisti,
1504 2703 1612 2779 quibua
1634 2712 1704 2763 nta-

349 2796 391 2853 ris
415 2796 538 2870 picturis
561 2798 590 2851 iu
608 2796 702 2853 ricem
717 2795 868 2864 sermonis,
892 2792 1011 2870 templo,
1035 2792 1187 2864 columnis,
1209 2791 1445 2869 hieroglyphiais,
1468 2790 1599 2869 speculo,
1623 2794 1703 2865 torri,
1828 2786 1833 2791 ’

346 2881 563 2957 triangulorum
587 2880 703 2957 figuris;
733 2880 771 2939 nd
795 2896 869 2955 quas
892 2888 924 2939 tn
946 2882 986 2937 ibi
1010 2879 1066 2938 loci
1097 2896 1155 2936 non
1177 2878 1263 2937 aliter
1285 2895 1444 2953 provocas,
1475 2896 1564 2953 quam
1586 2878 1704 2937 mathe-

350 2972 479 3027 ruaticns
502 2967 610 3045 aliquis
633 2967 670 3026 ad
693 2962 764 3027 suaa'
785 2970 1000 3044 propositiones
1023 2972 1053 3024 at
1075 2966 1268 3037 theoremata,
1293 2982 1425 3041 quasque
1449 2967 1539 3024 etiam
1560 2957 1617 3024 hac
1638 2968 1704 3041 ipsa

350 3056 433 3125 anal.
449 3055 491 3114 X.
515 3072 567 3134 pro
592 3054 855 3130 diagrammatibus
878 3058 935 3113 tuis
958 3054 1059 3114 haberi
1083 3055 1138 3111 ris.
1184 3051 1261 3126 Quin
1284 3055 1372 3113 etiam
1398 3054 1499 3112 lateris
1521 3055 1641 3125 iterato,
1673 3062 1702 3112 te

348 3146 483 3223 picturas
516 3142 712 3201 introduxisse
745 3141 893 3220 plurimae.
939 3140 997 3199 Cur
1032 3142 1121 3214 igitur
1143 3135 1322 3199 succenses?
1367 3141 1413 3198 An
1438 3139 1613 3215 exprobrari
1647 3141 1703 3200 tibi

348 3232 463 3307 figuras
486 3237 520 3289 nt
541 3230 678 3302 insulsas,
703 3238 735 3287 ut
758 3228 905 3287 dedecus?
951 3227 1009 3285 Cur
1031 3228 1119 3301 igitur
1140 3230 1226 3303 quasi
1248 3234 1381 3286 motuum
1401 3244 1555 3305 reponeres
1578 3236 1703 3286 ctmeas

348 3321 415 3396 ipso
438 3318 547 3394 figuras
577 3333 726 3390 recenses,
757 3333 833 3392 quae
860 3324 955 3373 tamen
987 3330 1043 3371 non
1075 3324 1145 3373 sunt
1165 3314 1246 3372 alind
1272 3330 1361 3389 quam
1384 3314 1620 3391 diagrammata?
1667 3314 1704 3374 lt

348 3422 440 3483 quem
473 3408 501 3462 irr
531 3412 560 3464 te
582 3407 700 3480 genium
723 3419 893 3479 agnoscam,
919 3403 980 3503 ani
999 3402 1090 3459 rerba
1117 3401 1326 3475 indifferentia,
1348 3418 1414 3461 eum
1436 3400 1575 3462 facillime
1598 3420 1703 3479 posses

349 3496 382 3551 in
407 3494 516 3551 honam
535 3493 672 3569 accipere
694 3499 819 3568 partem,
850 3490 955 3547 mavis
973 3489 1003 3545 in
1027 3488 1154 3547 malam?
1198 3477 1272 3547 Tuis
1294 3491 1414 3565 picturis
1445 3507 1512 3549 mea
1534 3494 1702 3567 comparari

350 3580 576 3657 diagrammata,
599 3580 695 3638 lassus
717 3578 821 3636 librum
844 3593 939 3652 meum
962 3592 1020 3634 uon
1044 3594 1139 3650 aeque
1161 3586 1250 3651 atque
1274 3586 1356 3635 tunm
1379 3586 1514 3635 ornatum
1537 3595 1617 3649 ease,
1647 3595 1703 3638 nec

347 3670 479 3727 lutnrutn
502 3667 540 3727 ad
561 3676 680 3741 gustum
703 3666 818 3745 lectoris
841 3660 1015 3737 cujuslibet,
1039 3666 1179 3722 excusari
1203 3664 1280 3723 hunc
1303 3663 1447 3723 delectum
1470 3684 1489 3723 a
1511 3666 1701 3740 professione,

348 3772 419 3815 cum
448 3772 516 3830 ego·
530 3754 767 3813 mathematicum
798 3767 894 3824 agam.
940 3752 980 3807 At
1011 3758 1042 3807 tu
1072 3749 1141 3808 hinc
1172 3754 1352 3820 iocantium
1383 3754 1482 3811 nescio
1504 3770 1594 3827 quam
1617 3751 1699 3811 dicis.

347 3842 532 3903 Jactautiaur
562 3841 609 3901 odi
633 3848 661 3899 et
677 3838 804 3910 damno,
837 3835 887 3895 scd
911 3838 940 3893 in
962 3836 1077 3912 pulpito
1100 3846 1182 3896 stans
1205 3838 1371 3897 discrimina
1398 3856 1496 3897 rerum
1517 3837 1699 3899 assimulare

348 3947 411 3989 uon
434 3916 567 4008 possnm3
591 3926 760 3986 invitandae
784 3930 827 3982 cst
850 3922 920 3981 milri
943 3921 1103 4000 discipulus
1127 3924 1165 3983 ad
1186 3924 1457 3985 mathematicamm
1480 3926 1699 4003 disciplinarum

348 4016 495 4089 studium,
526 4012 769 4093 suppeditandum
792 4013 890 4069 animo
913 4012 1025 4070 sincero
1049 4011 1221 4090 consilium,
1249 4028 1475 4087 unoquemque
1506 4013 1581 4072 libro
1600 4014 1699 4089 juvari

340 4099 577 4176 ‘existimam.⁴²)
622 4101 724 4159 Liceat
747 4099 817 4157 mibi
841 4101 1000 4158 etiamnum
1021 4098 1149 4175 prolerre
1172 4116 1275 4158 rocem
1298 4102 1391 4176 magis
1413 4099 1537 4159 claram:
1561 4104 1613 4178 qui
1634 4119 1699 4160 ma·

349 4193 573 4252 thematicarum
602 4186 818 4263 disciplinarum
851 4185 1052 4246 certitudinem
1083 4194 1179 4260 amat,
1208 4187 1274 4263 plus
1303 4186 1354 4246 ills
1383 4190 1479 4263 capiet
1507 4188 1641 4248 utilitatis
1670 4190 1699 4246 in

351 4288 436 4359 parte
458 4278 677 4337 mathematicas
701 4274 870 4336 harmonica
891 4272 1142 4350 perdiscenda-ex
1158 4290 1246 4352 opere
1261 4291 1327 4333 meo
1345 4272 1587 4347 harmonicorum,
1611 4293 1699 4351 quam

351 4386 389 4427 er
413 4366 531 4426 liuberti
556 4362 592 4424 de
614 4362 775 4423 Fluctibus.
823 4360 880 4435 Qui
904 4378 973 4420 raro
998 4362 1147 4438 ingenium
1169 4362 1356 4439 pbilosophis
1378 4365 1502 4438 mystica
1526 4358 1618 4442 (quae
1650 4380 1700 4438 per

349 4459 521 4530 aenigmata
549 4450 623 4509 tradi
651 4444 758 4529 solat),
782 4449 883 4508 oculos
913 4450 1033 4524 pictoris
1056 4467 1176 4526 pascere
1197 4452 1293 4527 cupit,
1327 4448 1405 4525 qood
1428 4452 1557 4524 queant,
1581 4451 1611 4509 in
1634 4467 1699 4511 meo

350 4544 428 4601 libro
451 4556 509 4600 uon
533 4540 671 4597 inveniet.
679 4532 720 4614 ⁴³)

442 4626 498 4687 Ad
522 4626 704 4702 Analysin
727 4622 787 4683 Xl.
829 4622 887 4681 Hic
909 4632 1013 4682 ausam
1035 4624 1167 4699 aliquam
1188 4624 1341 4696 invenisti,
1364 4622 1512 4695 Roberte,
1537 4624 1607 4682 mibi
1631 4640 1699 4683 soc·

348 4714 499 4787 censendi,
522 4720 604 4772 tenes
628 4714 705 4771 enim
728 4729 774 4768 me
798 4710 894 4769 verbis
917 4714 1006 4783 meis,
1037 4710 1157 4787 perinde
1180 4728 1215 4768 ac
1237 4711 1261 4767 si
1284 4726 1339 4785 ego
1361 4724 1429 4767 mea
1450 4710 1509 4768 luci
1531 4728 1700 4789 comparas-

349 4818 453 4880 seru,
464 4810 517 4863 tua
548 4800 647 4859 omnia
674 4798 810 4858 tenebris.
856 4796 964 4855 Veram
997 4799 1022 4855 si
1053 4795 1173 4873 paulum
1201 4804 1232 4855 te
1255 4797 1401 4856 continere
1431 4797 1471 4855 ab
1499 4797 1700 4875 indignatione

348 4892 481 4971 poteris,
511 4888 635 4949 allidam
666 4881 840 4945 declarando
869 4900 934 4941 mea
965 4884 1070 4955 rerba,
1095 4891 1128 4941 ot
1158 4899 1215 4941 nou
1239 4889 1352 4941 tantum
1383 4884 1412 4940 in
1441 4893 1470 4944 te
1502 4884 1585 4944 dolor
1611 4888 1699 4945 animi

348 4984 527 5058 concaptus,
559 4988 647 5055 quem
669 4973 767 5037 verbis
790 4970 903 5031 acerbis
925 4970 1057 5045 testaris,
1086 4971 1249 5051 mitigetur,
1276 4968 1330 5029 sed
1352 4972 1440 5032 etlam
1463 4969 1569 5050 lactor,
1598 4975 1623 5033 si
1647 4975 1698 5052 qni
