4467 6192
661 692 797 767 Jqdieinm
813 695 925 769 Kepleri
943 696 980 753 do
993 704 1186 753 mansurarum
1198 646 1375 767 testinatione¹
1620 702 1682 765 dli

348 871 484 940 gressione
502 872 531 926 in
548 874 691 929 mensuris.
727 873 765 929 Et
778 856 835 941 J‘am
854 874 962 943 quidem
980 873 1044 943 dixi,
1072 872 1213 945 pulchram
1238 871 1323 927 videri
1340 872 1543 943 proportionem
1568 872 1685 949 duplam,

348 964 428 1019 quare
447 952 657 1011 etsoctonariam
676 954 703 1006 in
722 952 860 1007 divisione.
897 954 929 1009 Id
947 968 979 1009 eo
998 954 1092 1023 magis,
1111 954 1175 1023 qnia
1191 952 1220 1005 in
1238 951 1405 1007 nostratibus
1424 952 1596 1022 ponderibus,
1615 952 1685 1013 ulnis

348 1036 373 1083 et
384 1031 518 1086 mensuris
530 1038 639 1103 recepta
651 1038 701 1087 est.
738 1032 819 1092 Solae
831 1046 880 1104 pes
898 1050 959 1089 cum
972 1034 1033 1088 asse
1051 1032 1174 1087 Romano
1192 1030 1306 1087 discedit
1323 1032 1352 1085 in
1368 1034 1525 1104 ternariam,
1544 1040 1685 1109 senariam,

347 1107 534 1165 duodenariam
553 1111 719 1169 divisionem.
1215 1110 1220 1115 ’

427 1188 460 1241 Iu
478 1188 629 1257 colligenda
647 1206 709 1245 vero
726 1190 899 1247 multitudine
917 1192 1018 1247 assium
1044 1193 1151 1247 omnino
1178 1191 1301 1264 praeiere
1328 1193 1547 1265 inaequalitatem
1574 1200 1695 1269 quibus-1

347 1283 449 1338 cunque
467 1269 703 1339 progressionibus
721 1270 856 1327 continuis
874 1276 902 1326 et
919 1270 1092 1341 aequalibus:
1121 1271 1176 1327 nou
1194 1274 1267 1341 quod
1292 1287 1335 1327 me
1360 1272 1478 1332 delectet
1500 1278 1687 1348 inaequalitas,

347 1346 393 1401 sed
411 1346 483 1416 quod
502 1348 616 1406 suadeat
635 1356 662 1403 et
679 1351 800 1419 requirat
817 1350 869 1406 hoc
888 1354 914 1420 1)
932 1352 1006 1407 varia
1023 1350 1152 1409 mercium
1169 1360 1281 1417 natura,
1305 1352 1335 1421 2)
1353 1354 1549 1426 antiquissima,
1563 1358 1621 1426 jam
1639 1374 1689 1429 per

347 1425 435 1560 qmnia
452 1427 513 1483 loca
534 1428 628 1484 inolita
646 1430 822 1501 consuetudo,
851 1428 1007 1487 difficillime
1025 1428 1162 1501 monada,
1180 1431 1206 1498 3)
1217 1432 1377 1489 dammandi
1388 1434 1573 1493 commoditas.
1591 1438 1686 1495 Dicam

365 1523 379 1562 e
396 1508 520 1563 omnibus
537 1510 634 1564 tribus.

431 1588 473 1641 De
491 1593 617 1643 natura
635 1602 724 1643 rerum
736 1589 978 1644 memorandarum
996 1588 1031 1645 do
1050 1588 1204 1659 exemplum
1222 1590 1298 1648 vini
1334 1588 1495 1661 Hicmagna
1512 1601 1556 1651 est
1573 1611 1689 1652 commo-

350 1664 418 1721 ditas
437 1681 453 1720 a
471 1666 609 1737 cantharo,
629 1667 675 1738 qui
694 1668 872 1737 quantitatem
891 1666 974 1722 habet
1000 1684 1054 1723 non
1073 1667 1189 1723 alienam
1206 1685 1224 1723 a
1241 1668 1337 1724 diurno
1356 1669 1436 1740 victu,
1455 1671 1490 1746 ad
1509 1666 1609 1728 dolium
1625 1690 1689 1743 pro·

347 1744 428 1814 gredi,
448 1744 528 1813 quale
546 1746 660 1803 duorum
678 1750 792 1803 triumve
810 1747 948 1803 hominum
967 1762 1019 1816 ope
1037 1747 1149 1802 tractari
1166 1752 1269 1816 potest,
1297 1746 1401 1802 ab-hoe
1420 1748 1455 1803 ad
1472 1751 1489 1805 5
1507 1750 1550 1805 vel
1573 1745 1689 1822 bdoba,

326 1832 411 1893 -quot
429 1839 466 1878 sc.
484 1841 539 1878 uno
557 1826 679 1895 plaustro
699 1825 876 1883 communiter
893 1826 955 1881 vehi
974 1825 1112 1883 commode
1130 1833 1255 1895 possunt.
1290 1826 1343 1881 Hic
1360 1827 1411 1893 etsi
1428 1844 1481 1883 non
1508 1844 1616 1898 semper
1631 1844 1689 1885 rem

348 1919 396 1958 acu
414 1904 558 1974 tangimus,
578 1914 668 1961 tamen
686 1922 739 1961 uon
757 1904 837 1973 longe
856 1906 960 1959 abimus
991 1922 1007 1959 a
1034 1905 1231 1975 significatione
1257 1904 1381 1960 vocabuli
1402 1906 1488 1972 Fass,
1505 1907 1614 1963 Fueder
1630 1917 1690 1975 eto,

352 1982 422 2051 quod
440 1982 506 2039 lacit
524 1984 560 2041 ad
578 1984 742 2053 memoriam,
761 1990 788 2039 et
806 1982 959 2054 exemplum
978 1984 1110 2039 babemus
1129 1985 1157 2039 in
1175 1984 1348 2039 astronomia
1383 1986 1450 2041 Cum
1472 1986 1544 2041 enim
1566 1986 1594 2039 in
1619 2002 1689 2043 anno
1750 1997 1761 2011 ‘
1845 2030 1850 2044 .

316 2118 319 2121 ,
348 2066 438 2115 essent
457 2061 515 2115 dies
533 2062 592 2127 365,
610 2063 735 2133 artifices,
753 2064 859 2120 invitati
876 2064 1066 2119 commoditate
1084 2062 1165 2141 vicini
1186 2063 1304 2131 numeri,
1326 2069 1419 2132 partes
1437 2063 1498 2132 360,
1515 2071 1544 2120 et
1560 2064 1595 2119 ob
1612 2064 1690 2122 luna·

347 2140 432 2195 tiones
450 2148 543 2210 partes
562 2144 678 2213 majores
694 2160 743 2213 per
761 2160 790 2199 se
811 2144 842 2199 12
861 2145 1067 2199 constituerunt
1380 2173 1383 2181 ·

432 2219 475 2273 De
497 2222 744 2283 consuetudine
770 2222 959 2279 ostendebas
987 2221 1161 2278 difficultates
1190 2221 1316 2293 exemplo
1342 2224 1502 2293 ponderum.
1539 2225 1693 2281 Centenarii

347 2314 398 2355 vox
416 2299 444 2353 in
463 2300 586 2355 omnibus
604 2301 704 2370 lingsris
730 2310 773 2358 est
794 2310 911 2371 recepta.
947 2302 984 2371 Vi
1007 2300 1134 2359 vocabuli
1160 2303 1212 2359 100
1237 2303 1329 2370 pondo
1356 2302 1451 2358 insunt
1472 2304 1502 2358 in
1528 2307 1691 2361 centenario.

346 2380 401 2437 Ant
416 2380 500 2448 igitur
518 2378 652 2440 abolenda
669 2380 721 2435 erit
739 2374 792 2435 voi
810 2382 971 2445 centenarii,
995 2382 1193 2437 introducenda
1211 2381 1281 2447 aba,
1307 2387 1355 2437 ant
1380 2381 1536 2438 centenario
1562 2399 1691 2440 numeros

348 2460 478 2525 librarum
498 2459 602 2516 dandus
621 2458 699 2519 alius,
718 2468 813 2517 contm
831 2462 1003 2519 manifestum
1025 2463 1099 2519 vocis
1124 2479 1229 2519 soniam.
1265 2460 1417 2527 Utrumque
1439 2476 1502 2516 vero
1525 2461 1608 2531 plane
1629 2479 1693 2532 gra-

347 2540 486 2594 vissimum
504 2538 592 2608 iactn3
613 2555 665 2594 usu
684 2556 737 2594 non
755 2540 794 2595 ita
813 2541 967 2611 expetibile,
987 2542 1010 2595 si
1029 2540 1092 2611 quid
1111 2539 1188 2595 valeo
1203 2539 1320 2607 judicio.
1351 2540 1420 2594 Nam
1433 2540 1457 2595 si
1470 2556 1525 2609 qna
1536 2543 1690 2613 progressio

347 2619 485 2689 recipitur,
502 2620 530 2674 id
548 2619 580 2675 fir
598 2634 681 2691 causa
700 2620 851 2689 compendii
868 2618 898 2675 in
917 2619 1063 2689 majoribus
1083 2618 1210 2688 numeris,
1224 2618 1323 2686 ‚itaque
1340 2625 1453 2689 recepta
1471 2626 1514 2676 est
1530 2623 1648 2691 primum
1665 2623 1692 2677 in

347 2714 473 2755 numeros
490 2699 573 2767 ipsos,
592 2698 639 2766 qni
651 2704 715 2753 sunt
727 2699 799 2752 omui
817 2704 999 2753 renumerata
1016 2696 1224 2765 numerosiores,
1245 2696 1342 2752 deinde
1359 2698 1389 2768 in
1406 2699 1610 2768 astronomiam,
1629 2702 1695 2770 quia

346 2778 512 2833 numerando
533 2779 566 2833 ad
586 2776 762 2833 subtilissima
779 2792 829 2831 nos
848 2776 975 2845 progredi
999 2792 1111 2832 necesse
1136 2782 1194 2844 est,
1222 2776 1257 2831 ob
1276 2785 1397 2831 motuum
1415 2779 1642 2849 perpetuitatem,
1660 2794 1695 2835 ne

347 2858 412 2927 quid
431 2858 458 2911 in
477 2856 625 2931 longinquo
644 2864 773 2925 peccetur
790 2854 917 2911 notabile.
953 2858 1016 2915 Jam
1044 2872 1114 2925 quae
1141 2855 1343 2911 nos'metimur
1366 2863 1394 2911 et
1416 2873 1487 2925 quea
1509 2858 1693 2927 ponderamus

347 2934 541 3003 communiter,
569 2935 616 2988 illa
637 2934 732 2989 breves
756 2934 864 2989 omuino
888 2950 1007 2989 summas
1025 2935 1144 3001 iaciunt,
1171 2934 1289 3003 maiores
1314 2950 1378 2991 vero
1405 2938 1478 3005 apud
1507 2935 1694 3006 paucissimos

345 3016 415 3077 Nom
435 3016 475 3070 sie
492 3016 627 3077 existimo,
647 3014 670 3069 si
689 3014 749 3083 quis
766 3014 1030 3070 '1000iliuderorum
1044 3014 1098 3067 vini
1111 3015 1236 3069 Rhenani
1247 3023 1382 3082 numeret,
1401 3015 1482 3069 nnius
1499 3016 1563 3070 anui
1580 3029 1694 3084 proven-

346 3104 402 3149 tum
422 3110 478 3149 non
496 3092 564 3147 adeo
582 3094 673 3147 miultis
692 3093 796 3149 vicibus
815 3093 874 3148 lore
892 3096 1029 3161 maj0rem.
1065 3094 1117 3162 Qui
1135 3110 1199 3149 vero
1223 3094 1340 3174 majores
1362 3109 1481 3148 summas
1506 3100 1637 3161 uacant,
1663 3102 1695 3147 ut

345 3176 372 3231 in
391 3191 422 3229 re
441 3176 599 3239 monetaria,
617 3172 650 3228 iis
669 3172 822 3242 exemplum
840 3170 1009 3227 Archimedis
1028 3172 1055 3227 in
1079 3173 1211 3227 tradendo
1236 3188 1335 3228 menae
1353 3188 1465 3229 numero
1482 3175 1518 3230 ad
1535 3172 1694 3230 imiundnm

345 3246 584 3328 est'proposicum.

388 3384 395 3407 ,
434 3334 487 3389 Est
505 3349 568 3389 vero
586 3332 698 3401 insuper
714 3330 859 3387 metuenda
876 3330 981 3402 clades,
1008 3333 1032 3387 si
1049 3332 1197 3401 recipiatur
1214 3330 1412 3401 progressionis
1429 3332 1589 3401 aequalitas.
1624 3334 1695 3389 Nam

345 3422 376 3470 nt
394 3422 555 3484 praesentes
575 3419 602 3466 et
619 3409 745 3481 posteros
763 3411 791 3465 in
809 3418 946 3479 potestate
964 3418 1059 3467 nostra
1076 3410 1242 3478 babeamus,
1273 3408 1389 3478 majores
1415 3418 1488 3465 certe
1513 3419 1623 3469 nostros
1640 3429 1695 3469 non

347 3495 487 3549 babemus.
523 3493 620 3561 Itaque
640 3508 700 3545 cum
718 3489 798 3545 iidem
816 3492 1009 3561 inaequalitate
1028 3493 1054 3546 in
1074 3491 1226 3559 colligendo
1245 3490 1299 3563 sint
1310 3490 1362 3558 usi,
1381 3506 1417 3548 an
1428 3507 1484 3545 non
1498 3490 1562 3547 olim
1573 3494 1695 3563 ipsorum

345 3573 462 3628 rationis
486 3570 645 3625 numerandi
671 3570 780 3639 penitus
808 3571 1013 3639 obliviscemur,
1040 3573 1183 3643 repudiata
1209 3569 1413 3640 inaequalitate:
1442 3570 1483 3625 uti
1506 3572 1613 3639 quidem
1636 3571 1696 3627 sola

345 3662 500 3722 temporum
519 3651 695 3706 diuturnitate
714 3651 816 3707 iactum
831 3652 889 3719 jam
908 3651 1030 3707 videmus
1049 3652 1083 3707 de
1100 3650 1233 3706 mensuris
1251 3650 1445 3718 Romanorum,
1471 3666 1540 3720 quas
1558 3652 1608 3707 viri
1630 3652 1693 3708 doc·

345 3733 446 3787 tissimi
462 3730 507 3784 vix
526 3730 600 3787 omni
616 3730 707 3785 studio
725 3730 754 3784 in
770 3730 859 3785 lucem
876 3720 1014 3786 revocant.

435 3811 499 3865 Dixi
517 3826 581 3865 vero
600 3816 628 3865 et
646 3810 803 3865 numerandi
822 3808 1099 3864 commoditatem
1122 3808 1247 3876 adjuvari
1270 3807 1471 3877 inaequalitate.
1508 3808 1579 3865 Nam
1596 3810 1632 3864 ad
1649 3824 1696 3866 ex·

345 3892 440 3959 pedite
459 3889 663 3953 numerandum,
682 3890 840 3959 praesertim
858 3890 886 3943 lu
905 3882 1101 3945 contractibus.
1126 3888 1273 3957 requiritur
1295 3887 1425 3941 memoria
1442 3893 1470 3940 et
1487 3886 1695 3943 reminiscentia.

344 3970 407 4025 Jam
421 3970 500 4024 valde
512 3968 616 4023 lubrica
633 3969 755 4025 redditur
773 3967 889 4023 facultas
907 3968 968 4036 ista,
988 3967 1035 4021 ubi
1053 3966 1129 4021 nulla
1154 3972 1248 4021 eontra
1271 3979 1301 4017 se
1319 3963 1446 4020 distincta
1463 3964 1567 4020 invenit
1584 3965 1695 4021 admini-

345 4047 417 4103 cula.
457 4047 523 4113 Quis
538 4050 606 4104 euim
625 4049 717 4103 statim
736 4062 765 4101 se
784 4046 900 4116 colliget,
920 4046 947 4101 in
965 4046 1093 4103 secundia
1110 4062 1146 4101 an
1163 4045 1251 4099 tertiis
1269 4050 1399 4112 versetur,
1419 4043 1443 4097 ai
1462 4044 1642 4101 secundorum
1660 4047 1696 4101 ad

344 4126 433 4183 tertia
448 4127 485 4182 sit
503 4127 596 4183 eadem
613 4128 763 4196 proportio,
782 4143 852 4195 quae
870 4126 1016 4195 primorum
1035 4126 1069 4179 ad
1088 4125 1216 4193 secunda,
1233 4123 1285 4179 nisi
1303 4123 1337 4177 ed
1351 4138 1443 4177 omnes
1456 4122 1545 4177 nictus
1557 4124 1697 4179 oculorum

344 4223 457 4261 manum
477 4206 577 4260 habeat
595 4206 622 4260 in
640 4207 734 4260 tabula
752 4214 883 4275 notatque
902 4220 1027 4263 numeros
1047 4204 1189 4273 apicibus?
1219 4202 1343 4269 Omnino,
1362 4202 1436 4271 quod
1452 4201 1481 4255 in
1499 4200 1575 4257 clivis
1593 4202 1696 4271 platea-

344 4304 405 4343 rum
419 4292 484 4339 sunt
498 4284 589 4355 scrupi
602 4292 629 4339 et
646 4286 740 4351 laevia,
757 4285 809 4339 hoo
827 4284 933 4339 ridetur
951 4284 979 4337 in
996 4281 1230 4340 numerationibus
1248 4294 1308 4337 esse
1325 4282 1507 4350 inaequalitas
1525 4288 1553 4335 ot
1567 4284 1698 4355 condnua
1715 4313 1723 4325 ·

366 4385 397 4423 ro
436 4383 516 4422 essro.

345 4386 363 4439 p
400 4384 475 4513 griis
492 4463 556 4501 sero
575 4462 624 4515 per
643 4460 738 4503 omnes
756 4444 881 4515 regiones
900 4458 955 4508 una
973 4450 1000 4495 et
1019 4442 1113 4496 eadem
1136 4442 1206 4496 ratio
1225 4441 1404 4507 collectionis,
1428 4442 1521 4502 eadem
1544 4442 1698 4497 aesdmatio

345 4528 439 4585 iuderi
456 4527 484 4581 in
505 4525 649 4594 amphoris,
668 4524 816 4579 centenarii
835 4522 957 4577 inlibris
976 4520 1144 4589 stabiliatur,
1168 4537 1254 4588 eaque
1271 4521 1347 4589 talis,
1373 4536 1444 4588 qnae
1462 4521 1591 4590 pulchros
1609 4528 1640 4575 et
1655 4536 1698 4575 ro·

343 4607 448 4665 tundos
468 4620 594 4659 numeros
614 4604 703 4673 eligat,
726 4618 796 4673 quae
814 4619 868 4657 uon
886 4600 966 4668 longe
985 4600 1066 4653 abeat
1092 4600 1127 4653 ab
1155 4598 1282 4677 entremia
1304 4600 1437 4653 uariarum
1464 4599 1613 4666 regionum,
1643 4616 1699 4653 non

296 4710 298 4714 ·
342 4688 383 4741 ita
401 4684 519 4743 multum
536 4680 673 4752 improbo;
701 4698 761 4737 crum
785 4696 878 4735 omnes
902 4679 984 4733 bodie
1009 4679 1134 4746 regiones
1159 4692 1229 4745 pene
1247 4678 1282 4731 ad
1301 4692 1381 4735 unam
1399 4676 1532 4732 rationem
1549 4676 1697 4745 adspirent

342 4764 444 4832 Itaque
462 4763 533 4817 banc
552 4768 656 4831 partem
675 4760 840 4829 quaestionis
864 4775 925 4815 cum
951 4756 1149 4813 introducenda
1175 4771 1361 4812 mensurarum
1385 4754 1506 4825 ipsarum
1523 4756 1699 4824 aequalitate,

343 4861 405 4913 cap.
426 4842 446 4899 l.
467 4840 605 4909 ventilata,
627 4840 706 4913 plane
725 4845 865 4897 connecto.
