4467 6192
737 663 915 721 Harmonicla
950 665 1034 723 luber
1049 668 1097 733 111.
1118 668 1207 738 Caput
1224 669 1295 725 XIV.
1626 675 1685 737 183

432 840 463 923 3)
484 842 525 904 Ut
545 847 728 908 semitonium
751 846 790 904 sit
810 846 878 905 loco
900 847 1000 921 tortio,
1024 856 1056 907 nt
1078 851 1108 906 in
1131 848 1225 925 Lydio
1248 850 1338 909 tuisse
1359 851 1460 923 credo,
1490 850 1688 929 aequipollent

355 930 435 1007 vulgo
457 949 493 991 ex
514 934 669 1008 speciebus
689 935 795 993 uosuia
816 933 890 993 bae:

565 1052 757 1061 —fflw
772 1053 905 1060 .-—-——
918 1054 1174 1062 --.---...*—-—-
1190 1054 1348 1063 —n-——n—

387 1065 418 1118 Π.
436 1055 625 1121 inaccurati.
673 1068 729 1135 138,
748 1067 849 1135 SD,S
874 1068 929 1134 ΕΒ,
949 1068 1007 1136 SD,
1027 1069 1082 1137 st,
1101 1068 1130 1136 S,
1149 1071 1190 1123 oei
1216 1070 1238 1125 S
1275 1070 1687 1140 ts.Aequip011entininima

363 1134 415 1189 vn.
432 1136 465 1191 u
478 1146 573 1191 oona
590 1154 611 1192 ο.
673 1137 729 1204 nn,
748 1137 806 1204 sn,
826 1111 855 1206 si,
874 1138 929 1205 no,
949 1138 1004 1206 nu,
1023 1138 1080 1205 nn,
1100 1139 1129 1205 s,
1149 1140 1189 1193 ver
1215 1112 1245 1206 si
1271 1138 1330 1194 ns.
1411 1140 1536 1210 diapente
1557 1158 1626 1197 vera

387 1260 418 1383 l:
435 1260 467 1383 i:
480 1269 578 1385 itti:
594 1262 627 1386 t·
674 1261 733 1400 it:
751 1261 808 1399 te:
826 1260 856 1398 i:
875 1260 934 1398 ⁸³3:
950 1260 1009 1399 ii:
1027 1262 1083 1397 ii:
1102 1261 1132 1397 i:
1150 1263 1192 1386 ti
1219 1261 1248 1399 i:
1276 1260 1569 1387 {prunnon

354 1452 418 1505 xor.
437 1452 618 1591 mm
660 1454 730 1592 ἕξ
738 1452 1686 1607 &Qnequpnnnnmmmn

347 1725 350 1733 Ι
429 1649 558 1708 Possunt
580 1667 649 1726 ergo
671 1652 831 1710 secundum
853 1650 935 1726 vulgi
958 1650 994 1711 de
1018 1659 1087 1709 tono
1109 1650 1213 1726 majori
1237 1660 1266 1710 et
1289 1653 1392 1710 minori
1422 1653 1597 1711 sententiam
1618 1651 1687 1729 piu·

353 1736 434 1798 rimae
457 1736 520 1797 fieri
543 1741 784 1814 transpositiones
805 1738 996 1798 melodiarum
1018 1736 1054 1797 de
1076 1738 1167 1797 literis
1191 1740 1220 1796 in
1243 1737 1356 1813 literas,
1379 1736 1575 1798 mediantibus
1596 1742 1688 1817 signia

353 1823 411 1883 bet
452 1870 461 1885 .

425 1835 535 1970 diesim
562 1922 598 1972 nt
621 1917 835 1987 examinemus,
868 1930 1012 1988 quaenam
1042 1930 1077 1971 err
1109 1914 1215 1970 nostris
1248 1914 1286 1970 14
1310 1912 1462 1987 speciebus
1493 1920 1616 1972 octavae
1638 1930 1689 1990 per

355 1999 579 2058 astipulationem
608 2000 815 2061 elementorum
838 2003 1043 2059 concinnerum
1072 1996 1185 2074 possint
1208 1998 1269 2057 lieri
1297 1998 1479 2076 multiplices.
1523 1999 1599 2058 Nam
1620 2018 1689 2077 spe-

353 2088 455 2145 cierum
476 2085 628 2147 discrimen
652 2089 823 2165 quintuplex
848 2090 936 2145 oritur
957 2106 977 2145 a
998 2089 1189 2161 contiguitate
1212 2094 1360 2162 tonorum3
1383 2093 1434 2146 aut
1449 2087 1526 2146 enim
1548 2093 1606 2146 tres
1626 2090 1688 2147 toni

354 2175 527 2235 seinvicem
549 2185 707 2251 sequuntur
730 2176 874 2251 deinceps,
898 2182 951 2232 aut
972 2175 1031 2231 bini
1048 2182 1169 2232 tanturn.
1217 2172 1330 2248 Quodsi
1356 2182 1427 2247 tres,
1451 2180 1566 2251 oportet
1587 2181 1620 2231 ut
1642 2173 1691 2234 val

355 2264 380 2317 in
401 2260 496 2323 medio
520 2269 644 2322 octavae
666 2273 743 2323 stent
765 2282 823 2322 nou
846 2261 1029 2335 naturaliter,
1062 2263 1193 2336 utrinque
1217 2260 1359 2322 habentes
1386 2262 1518 2337 singulos
1546 2270 1631 2322 tonos
1661 2273 1691 2321 et

355 2348 464 2425 singula
485 2353 653 2425 sarcirentur
683 2350 728 2410 vel
752 2362 783 2409 nt
811 2348 849 2408 ad
871 2349 994 2408 alterum
1016 2350 1188 2425 systematis
1215 2356 1374 2428 extremum
1403 2357 1539 2424 vergant,
1569 2357 1598 2411 et
1620 2358 1689 2423 tune

355 2439 512 2495 necessario
535 2439 564 2494 in
587 2438 637 2497 illo
660 2446 789 2497 extremo
812 2448 856 2496 est
876 2438 1078 2509 semitonium,
1108 2443 1225 2512 propter
1245 2435 1325 2511 leges
1350 2438 1368 2495 8
1392 2443 1421 2496 et
1443 2438 1471 2495 3.
1516 2435 1568 2496 Sin
1591 2446 1688 2497 sutem

275 2517 278 2538 ⁸
355 2524 409 2582 bini
429 2531 543 2583 tantum
567 2528 628 2583 toni
651 2543 683 2584 se
705 2517 904 2601 insequuntur,
927 2523 1173 2584 intercedentibus
1189 2525 1359 2598 semitoniis,
1383 2533 1452 2582 tunc
1466 2524 1619 2584 semitonio
1642 2525 1689 2585 loi-

356 2628 400 2669 aus
425 2613 457 2668 in
487 2613 719 2673 extremitatibus
748 2630 807 2671 non
837 2620 896 2684 est,
928 2620 958 2669 et
979 2610 1054 2671 dnae
1077 2619 1210 2669 tonorum
1238 2611 1325 2686 bigne
1339 2610 1404 2671 ,rel
1426 2628 1515 2688 supra
1537 2618 1617 2671 stant
1639 2612 1688 2671 val

355 2700 436 2771 intra,
468 2702 553 2759 tertia
573 2701 672 2759 mollis
694 2703 724 2757 in
748 2711 875 2759 extremo
898 2701 1056 2773 contrario,
1085 2714 1178 2773 esque
1202 2696 1321 2757 interius
1344 2706 1437 2772 recta,
1465 2698 1576 2763 habena
1599 2701 1688 2759 semi-

355 2790 460 2844 tonium
482 2804 588 2864 supra,
611 2789 742 2863 superius
763 2789 895 2859 inversa,
919 2788 1102 2845 semitonium
1125 2784 1199 2846 inira
1220 2786 1341 2845 babens.

432 2872 501 2932 Hoc
523 2884 609 2950 pacto
631 2877 660 2932 in
682 2878 787 2934 nostris
813 2877 851 2932 14
867 2874 1019 2950 speciebus
1041 2875 1222 2950 reperiuntur
1237 2875 1431 2949 interspersae
1451 2872 1526 2931 eliae
1545 2874 1592 2946 10,
1617 2890 1691 2948 qua-

356 2963 437 3020 ternis
460 2963 560 3037 primis
581 2962 655 3021 locis
678 2961 875 3022 coincideutes
897 2979 962 3020 cnm
985 2962 1137 3038 prioribus,
1161 2969 1213 3019 aut
1234 2962 1323 3019 etiam
1343 2962 1454 3035 quiuis,
1479 2960 1528 3018 ubi
1552 2974 1622 3019 vero
1644 2961 1692 3017 in-

357 3050 462 3123 cipiunt
484 3039 616 3122 differre,
639 3053 800 3127 praemissa
821 3058 866 3107 est
886 3050 1030 3125 particula
1052 3050 1121 3106 oei·

436 3133 548 3210 Quodsi
567 3137 629 3211 jam
652 3140 807 3197 accesserit.
829 3136 931 3195 nitinrs
953 3153 1056 3208 cansa,
1087 3134 1288 3194 discriminans
1310 3140 1411 3205 tonos,
1440 3130 1553 3193 scilicet
1574 3154 1641 3210 rorq
1664 3140 1693 3191 et

357 3239 480 3294 ιητεια,
510 3222 705 3299 triplicabitur
727 3241 862 3283 numeros
893 3236 922 3282 et
944 3224 1014 3283 fient
1037 3227 1076 3280 tt
1100 3223 1222 3300 species.
1268 3218 1361 3279 Omne
1384 3223 1460 3279 enim
1490 3220 1618 3284 ecaton·
1641 3237 1693 3279 oo-

359 3316 440 3368 tarse
463 3328 500 3369 ex
524 3312 657 3370 omnibns
681 3315 719 3369 ot
745 3312 835 3369 babet
855 3319 886 3369 et
908 3312 1023 3371 tertiam
1046 3320 1075 3369 et
1097 3316 1229 3385 quartam
1253 3306 1475 3367 concordantem
1503 3324 1567 3366 cnm
1590 3308 1692 3383 prime,

357 3408 383 3453 et
402 3399 534 3473 quintam
558 3407 587 3456 et
609 3406 731 3459 sextam.
776 3398 808 3457 Si
830 3416 898 3473 ergo
922 3398 976 3457 bae
1000 3407 1097 3476 partes
1126 3404 1227 3455 cantus
1256 3397 1438 3473 potissimum
1461 3396 1536 3453 circa
1559 3402 1692 3471 quartam

359 3492 384 3541 et
402 3493 516 3543 sextam
539 3495 721 3562 occupentur,
744 3493 813 3544 tnnc
835 3493 966 3544 statuunt
988 3485 1085 3543 infimo
1107 3483 1173 3543 loco
1197 3484 1391 3557 diatessaron3
1420 3484 1465 3540 sin
1488 3480 1563 3541 clrca
1577 3484 1692 3541 tertiam

361 3579 386 3629 at
404 3570 532 3644 sextdm,
564 3573 744 3634 diatessaron
768 3582 811 3633 est
834 3574 871 3643 jn
894 3572 1005 3646 rnedio;
1033 3574 1078 3633 sin
1102 3572 1227 3646 deniqne
1258 3573 1334 3630 circa
1356 3571 1470 3631 tertiam
1501 3577 1530 3629 et
1552 3572 1692 3646 quintam,

361 3656 536 3721 diatessaron
560 3668 606 3719 est
626 3651 701 3723 loco'
713 3677 857 3737 supremo.

436 3745 521 3805 Haec
541 3756 639 3808 antem
662 3765 719 3808 uon
743 3747 808 3807 ideo
831 3748 905 3821 dico,
928 3745 1008 3822 quod
1030 3747 1194 3805 necessaria
1209 3746 1247 3805 ait
1269 3754 1329 3805 tam
1343 3745 1453 3801 minuto
1468 3743 1603 3818 concisio,
1623 3760 1694 3822 ,cum

359 3833 451 3907 sciam,
475 3833 643 3912 plerumque
666 3839 779 3895 misceri
802 3844 898 3894 ternas
920 3835 1027 3912 termas
1048 3834 1078 3901 in
1102 3851 1160 3891 uno
1185 3841 1285 3905 caritu,
1310 3830 1360 3890 sed
1384 3838 1417 3890 ut
1439 3848 1474 3891 ex
1496 3829 1552 3889 hoc
1574 3848 1693 3895 numero

360 3924 444 3993 possit
462 3920 607 3998 judicium
630 3924 696 3981 terri
719 3924 755 3981 de
778 3919 991 3981 discriminibus
1013 3930 1163 3994 tonorum,
1194 3937 1269 3995 quae
1297 3917 1427 3984 moderni
1453 3916 1589 3992 traduut3
1618 3936 1693 3994 quae

359 4010 456 4081 partim
479 4009 552 4068 talia
573 4019 649 4083 sunt,
673 4019 706 4068 ut
728 4010 797 4068 mibi
821 4009 974 4068 videantur
996 4008 1110 4066 iliorum
1138 4015 1182 4065 tot
1205 4008 1293 4066 statui
1315 4022 1417 4083 posse,
1446 4012 1519 4081 quot
1540 4012 1607 4063 sunt
1630 4023 1694 4065 om-

359 4097 422 4153 nino
443 4098 602 4169 cantiones,
627 4104 722 4158 cetera
744 4099 830 4156 unius
853 4099 923 4156 toni.
970 4094 1010 4153 Ar
1031 4097 1054 4152 si
1079 4096 1267 4153 observamus
1290 4092 1362 4152 haec
1385 4094 1533 4170 principia,
1557 4109 1693 4152 uumerus

360 4190 493 4253 tonorum,
518 4193 664 4260 utcunque
687 4201 826 4260 magnus,
849 4185 946 4242 finitus
969 4192 1066 4240 tumen
1089 4189 1141 4240 est.
1188 4182 1221 4239 In
1245 4197 1373 4250 summa,
1398 4182 1475 4253 toni,
1499 4179 1624 4238 realibus
1648 4179 1694 4242 di-

360 4271 448 4328 stincti
470 4274 557 4330 metis
580 4280 609 4332 et
631 4272 853 4344 discriminibus,
877 4286 934 4329 non
958 4273 1089 4346 respectu
1111 4268 1274 4327 altitudinis
1288 4270 1380 4326 'vocis
1402 4270 1431 4324 in
1448 4282 1567 4343 organo,
1590 4264 1642 4325 sed
1665 4268 1693 4323 in

360 4358 418 4430 ipss
440 4360 529 4417 etiam
543 4360 678 4418 bumana
699 4376 789 4431 voce,
821 4376 897 4433 quac
928 4359 1101 4433 principium
1124 4354 1264 4414 naturalis
1286 4356 1452 4432 systcrnatir
1481 4372 1499 4411 n
1522 4368 1694 4429 quacunque

361 4460 427 4503 voce
457 4444 518 4504 alta
546 4447 592 4510 rei
624 4445 767 4524 protunda
789 4446 883 4505 iacere
905 4451 1018 4522 potest,
1047 4442 1226 4503 suntve13
1255 4450 1384 4513 tantum,
1414 4440 1460 4500 vel
1487 4443 1539 4513 14,
1571 4440 1620 4499 vel
1644 4442 1693 4515 at,

363 4530 406 4589 rel
429 4535 478 4590 ta.
784 4580 788 4584 .

441 4620 515 4679 Cum
537 4621 583 4678 his
605 4622 752 4698 principiis
774 4622 847 4680 meis
870 4620 912 4677 sic
934 4634 989 4693 ego
1011 4616 1134 4677 concilio
1156 4626 1241 4676 tonos
1264 4626 1330 4675 octo
1346 4613 1488 4691 vulgares,
1512 4631 1586 4691 quos
1601 4616 1695 4682 eccle·

363 4708 490 4767 siastiooa
512 4707 625 4781 dicunt,
649 4716 788 4784 erantque
811 4708 972 4779 veteribus,
997 4709 1133 4784 opinione
1155 4704 1349 4780 quorundam,

1256 4818 1289 4873 11.
1310 4817 1490 4890 Hypodorr'ns.
