4467 6192
546 644 610 715 420
1016 634 1184 707 appendicis
1202 636 1426 693 Harmonicorum

546 827 576 881 in
598 830 686 881 cantu
709 834 779 879 vero
802 815 961 875 secuudum
986 815 1075 889 duos,
1106 816 1186 892 qaod
1210 805 1363 877 discrimen
1393 818 1551 894 diligenter
1572 817 1718 878 inculcavi
1748 819 1822 878 libro
1842 818 1893 880 lv.

546 910 596 968 lol.
620 909 692 967 228.
738 907 775 964 Et
804 903 874 979 quid
906 904 1028 961 multis‘t
1073 904 1135 963 Res
1158 909 1222 981 ipsa
1244 906 1387 981 loquitur:
1417 907 1546 966 humana
1577 924 1635 965 vox
1662 906 1788 966 saltibus
1809 908 1895 965 iuter·

498 1000 501 1005 '
545 996 626 1058 valla
649 1000 791 1073 permeat,
825 1006 881 1048 non
912 994 1043 1050 tensione
1073 996 1229 1066 continua,
1254 993 1557 1069 planetammmotus
1590 1012 1626 1052 ex
1653 994 1796 1053 celeribus
1825 994 1896 1055 tardi

544 1085 617 1143 liunt
640 1084 771 1141 terrsione
795 1082 1024 1163 continuationi
1048 1078 1143 1153 saltu;
1174 1094 1233 1155 qua
1258 1084 1414 1155 negatione
1438 1081 1556 1141 sublata
1578 1085 1741 1149 autumnis
1763 1097 1896 1141 memura

549 1173 725 1247 temporaria
741 1168 902 1226 durationis
918 1166 1048 1241 ejusdem
1063 1168 1233 1226 celeritatis.
1278 1167 1358 1240 Hoc,
1383 1170 1439 1227 hoc
1465 1184 1553 1227 uirum
1575 1178 1636 1244 est,
1659 1168 1800 1242 Robcrte,
1824 1170 1896 1245 quod

548 1260 635 1317 velim
665 1260 693 1315 in
723 1257 853 1314 divinam
878 1255 986 1329 ingenii
1018 1256 1059 1311 tui
1090 1259 1149 1313 vim
1178 1257 1306 1329 penitius
1330 1274 1394 1315 esso
1418 1260 1612 1331 tramiusum3
1644 1258 1761 1315 videres
1792 1260 1896 1326 statim,

546 1352 634 1422 quam
657 1346 872 1423 impertinentes
895 1349 1097 1416 comparentur
1121 1345 1195 1400 inter
1217 1360 1248 1400 se
1272 1354 1418 1421 tempora,
1448 1342 1577 1418 periodis
1599 1343 1786 1419 planetarum
1818 1348 1898 1402 attri-

545 1435 626 1492 buia.
664 1432 817 1507 Tempora
840 1429 917 1487 euim
940 1428 1012 1485 nihil
1035 1438 1103 1487 surrt
1125 1433 1180 1487 nisi
1204 1447 1355 1505 numerus,
1387 1434 1441 1491 riec
1464 1441 1631 1490 mensurant
1658 1448 1695 1490 ca
1717 1432 1897 1490 durationem

546 1523 696 1579 uniformis
719 1536 770 1596 per
793 1524 890 1592 partes
912 1524 1026 1588 motus;
1049 1517 1159 1575 falleris
1176 1518 1231 1588 hie,
1255 1518 1392 1590 lioberte,
1415 1522 1615 1594 tenaciusque,
1637 1535 1728 1594 qaam
1746 1520 1819 1577 buis
1835 1536 1897 1594 spe·

545 1609 687 1667 culationi
717 1605 876 1673 conducat,
909 1602 1052 1661 adhaeres
1075 1606 1281 1680 aequabilitati
1312 1619 1460 1678 motuum,
1493 1624 1582 1682 quam
1606 1607 1694 1665 uadit
1721 1610 1897 1666 astronomis

544 1706 648 1769 vetus3
672 1695 740 1753 hinc
763 1700 821 1763 esi,
844 1691 922 1766 quod
946 1692 1124 1749 celeritatem
1147 1693 1290 1768 cujusque
1312 1696 1452 1753 aestimas
1475 1712 1510 1752 ex
1533 1703 1662 1769 tempore
1687 1695 1814 1766 reditus,
1845 1712 1897 1752 uon

541 1786 634 1859 igitur
656 1796 770 1841 mecum
794 1782 822 1837 in
846 1778 942 1853 globis
967 1781 1038 1854 ipsis
1062 1778 1260 1854 planetarum,
1290 1780 1343 1840 sed
1366 1784 1643 1856 conscriptoribus
1671 1781 1853 1840 theoriarum
1873 1792 1898 1839 et

546 1889 612 1929 cum
633 1868 794 1928 Aristotele
818 1871 846 1923 in
870 1870 1053 1925 concentrico
1079 1870 1212 1939 versaris,
1237 1872 1287 1943 qul
1311 1869 1452 1943 cujusque
1475 1868 1612 1944 planetae
1634 1877 1767 1945 systema
1791 1869 1896 1928 claudit

545 1958 672 2017 exterius
701 1956 849 2030 vehitque.
895 1956 986 2028 Atqui
1020 1964 1082 2011 toto
1111 1957 1155 2012 sic
1184 1964 1295 2014 erratur
1323 1957 1421 2028 coelo;
1453 1956 1603 2031 rejiciendi
1629 1964 1700 2014 suut
1730 1974 1768 2014 ex
1803 1960 1896 2015 auimo

543 2046 636 2103 fictitii
666 2045 768 2113 orbes,
801 2040 1035 2117 amplectendum
1065 2058 1100 2099 ex
1127 2040 1194 2100 libri
1223 2046 1281 2101 mei
1307 2042 1340 2101 V.
1371 2047 1468 2119 capite
1490 2048 1520 2101 3.
1544 2040 1661 2103 axioma
1685 2045 1714 2102 ii.
1747 2043 1802 2101 iol.
1827 2048 1895 2114 ⁰278,

544 2147 602 2190 uon
625 2134 696 2206 quia
720 2131 748 2188 id
772 2130 889 2187 axioma
912 2144 1007 2186 mcum
1030 2136 1083 2199 ost,
1107 2129 1159 2187 sed
1183 2132 1254 2205 quia
1275 2132 1351 2190 ratio
1374 2133 1535 2191 certissima
1556 2131 1730 2191 coelestium
1753 2132 1896 2190 observa·

545 2222 657 2278 tionum
680 2218 717 2275 ad
741 2216 869 2275 calculos
893 2224 1031 2275 revocata
1055 2215 1090 2273 de
1114 2218 1268 2291 ipsissimis
1291 2218 1474 2294 planetarum
1496 2220 1667 2295 corporibus
1684 2225 1831 2289 testastur,¹
1847 2234 1896 2276 re-

544 2324 607 2365 rum
639 2322 703 2365 esse
734 2306 859 2363 axioma.
907 2302 1003 2377 Quare
1036 2304 1091 2361 etsi
1120 2304 1191 2364 nihil
1222 2305 1309 2382 plane
1340 2306 1480 2365 dixissem
1513 2310 1541 2362 in
1565 2306 1761 2381 explicatione
1794 2315 1894 2365 csnms

544 2393 664 2452 humani
680 2390 722 2453 'de
745 2394 886 2450 mensuris
908 2399 1080 2466 temporum,
1104 2391 1201 2449 nullus
1224 2393 1291 2450 hinc
1312 2391 1393 2451 erlor
1414 2396 1444 2452 in
1466 2394 1580 2459 librum,
1588 2394 1624 2452 V.
1649 2397 1739 2468 inque
1761 2402 1894 2452 conmm-

544 2482 878 2557 pcratlonemmotuum
901 2478 1070 2537 coelestium
1095 2478 1293 2539 harmonicam
1315 2481 1498 2540 redundaret.

604 2566 684 2628 nd
708 2564 891 2643 hualysin
916 2564 967 2623 Vl.
1012 2566 1077 2623 Non
1101 2564 1182 2623 solus
1206 2584 1276 2642 ego,
1310 2566 1452 2640 Robsrts,
1485 2569 1606 2625 minima
1638 2564 1799 2625 intervalla
1828 2584 1897 2643 prc-

544 2644 682 2713 nunciavi
706 2654 841 2725 dissona,
871 2653 944 2711 dixit
966 2651 1043 2711 idem
1072 2661 1141 2711 ante
1162 2671 1210 2712 ms
1232 2654 1420 2715 Ptolemaeus
1451 2670 1612 2729 omnesque
1639 2654 1715 2713 adeo
1740 2658 1895 2730 scriptores

487 2736 490 2747 '
545 2743 715 2801 harmonici.
761 2741 836 2799 Vide
865 2758 901 2798 ne
924 2742 1030 2799 irustra
1056 2748 1085 2799 te
1109 2741 1272 2817 profitearis
1301 2752 1475 2803 assertorem
1498 2745 1702 2816 antiquom,
1735 2750 1768 2800 nt
1800 2752 1897 2801 contra

546 2845 621 2907 quos
644 2829 692 2887 hic
714 2830 790 2887 ultro
813 2844 937 2905 pugnas.
1046 2834 1056 2855 l

580 2945 583 2953 ·
624 2916 691 2994 ,Sed
719 2917 833 2992 explica
862 2926 914 2973 tua
942 2916 1087 2972 contraria
1114 2925 1295 2989 argumenta
1353 2916 1382 2994 1)
1409 2917 1525 2989 Tenus,
1555 2918 1614 2985 ais,
1652 2922 1724 2975 tom
1755 2924 1897 2975 wnsouct

545 3022 640 3080 oeque
662 3010 827 3087 temperato
849 3003 891 3061 ad
912 3004 1086 3061 undosum.
1133 3000 1225 3061 cudis
1255 3007 1515 3078 aequivocation03
1532 3012 1635 3064 ,tonus
1656 3001 1705 3060 hic
1735 3003 1791 3061 tibi
1824 3002 1897 3061 idem

547 3101 591 3151 est
619 3091 698 3167 quod
727 3089 842 3161 sonus(
868 3090 1005 3148 terminus
1035 3104 1087 3163 pre
1120 3089 1285 3148 intervallo.
1330 3091 1405 3150 Cum
1433 3092 1509 3151 duae
1540 3088 1675 3150 chordae·
1696 3090 1812 3148 iaciunt
1832 3093 1898 3148 uni·

549 3195 675 3253 sonam,
694 3176 881 3238 interuallum
905 3177 953 3234 bie
977 3175 1090 3235 nullum
1112 3185 1156 3234 est
1180 3194 1276 3254 eoque
1297 3194 1355 3237 non
1380 3188 1478 3257 potest
1500 3178 1558 3237 dici
1579 3188 1683 3251 tonus3
1711 3185 1801 3237 tonus
1824 3182 1898 3237 euin

546 3273 704 3325 estunam
736 3284 772 3325 cx
800 3264 972 3323 intervallis.
1019 3266 1058 3321 Ar
1087 3264 1249 3325 harmonici
1276 3272 1377 3326 tonum
1401 3268 1552 3325 dissonum
1580 3265 1682 3323 dicunt
1703 3264 1897 3337 intervallum,

548 3352 632 3429 cujus
663 3353 738 3411 duae
768 3368 872 3425 voces,
905 3361 975 3409 tono
1005 3351 1164 3423 distantes,
1194 3355 1269 3411 inter
1296 3371 1328 3413 se
1351 3354 1512 3413 dissonant
1558 3356 1596 3428 2)
1616 3352 1821 3411 &marmium
1841 3353 1898 3409 ud·

546 3438 644 3499 ditum
672 3440 841 3499 harmoniis
869 3439 1026 3498 nonnulis
1051 3440 1129 3514 facit
1157 3440 1254 3498 olium
1282 3441 1498 3515 harmoniam,
1535 3456 1701 3500 monam
1734 3442 1833 3513 igitur
1852 3447 1898 3496 ‘at

546 3526 751 3586 enervatam.
797 3523 949 3603 Effectum,
972 3524 1109 3597 Roberte,
1133 3542 1196 3584 nou
1213 3536 1291 3585 recte
1314 3529 1481 3588 consideras
1505 3546 1557 3604 pro
1574 3542 1672 3587 causa
1718 3525 1797 3584 Sunt
1811 3530 1898 3585 iuter·

544 3612 626 3672 valla
648 3618 855 3695 consonantias
878 3611 1103 3686 distinguentia,
1137 3630 1237 3690 aquo
1260 3614 1356 3674 cilicio
1379 3620 1540 3686 concinna,
1563 3612 1687 3689 ἑμμελη,
1711 3612 1769 3671 dici
1793 3614 1896 3685 soluit,

546 3706 578 3759 at
600 3716 657 3759 non
681 3717 819 3774 consona,
844 3720 995 3776 συμφωια.
1043 3699 1152 3759 Moneo
1174 3702 1314 3763 lectorem
1329 3720 1435 3775 meum,
1459 3721 1496 3762 ne
1518 3702 1566 3763 bic
1579 3711 1610 3761 te
1624 3700 1735 3771 audiat,
1759 3703 1812 3776 qui
1828 3718 1897 3760 sou·

547 3787 692 3848 lusionem
716 3787 780 3846 vult
803 3791 907 3860 vitare,
932 3786 1001 3845 dunt
1025 3804 1101 3861 quaa
1125 3796 1194 3846 suut
1215 3789 1327 3862 eadem,
1350 3801 1381 3849 tu
1407 3793 1569 3867 promiscue
1591 3796 1622 3849 st
1639 3804 1771 3847 cuusoua
1793 3789 1896 3865 appel·

546 3875 591 3933 las
615 3870 842 3951 et·dissona.⁸⁵)
959 3886 972 3901 ·'
1168 3911 1172 3919 ‚

637 3961 686 4029 hd
710 3962 902 4038 Analysin
927 3960 995 4019 VII.
1042 3960 1204 4019 Causarum
1225 3976 1286 4020 una
1308 3972 1354 4022 est
1374 3962 1605 4041 proculdubio,
1631 3978 1683 4021 cur
1704 3964 1811 4037 praxiu
1833 3978 1897 4021 mu·

540 4050 627 4113 „sicae
656 4051 875 4124 compositionis
903 4065 969 4127 non
990 4046 1151 4124 attigerim,
1183 4050 1262 4125 quod
1291 4053 1346 4108 sim
1368 4051 1435 4125 ejus
1454 4054 1573 4127 ignarus
1604 4060 1634 4108 et
1661 4052 1691 4105 ln
1721 4049 1781 4108 bos
1812 4066 1896 4127 opere

548 4138 764 4195 inexercitatus.
811 4136 853 4193 Ex
884 4137 991 4211 quibus
1021 4144 1116 4195 tamen
1149 4144 1180 4195 tu
1209 4138 1399 4211 stigmatibus
1431 4156 1561 4213 meram
1589 4152 1726 4196 meorum
1757 4137 1816 4195 boe
1836 4140 1896 4195 siae

419 4288 425 4299 ,
545 4241 612 4283 maa
634 4224 817 4283 confessione
839 4222 1009 4299 probassis?
1054 4223 1134 4283 Cedo
1164 4224 1366 4284 cautilenas'a
1384 4224 1570 4303 Pythagora.
1603 4225 1798 4295 Ptolemaeo,
1822 4224 1895 4283 Por·

548 4310 653 4388 physio
678 4312 865 4386 compositas.
911 4313 957 4368 An
981 4312 1069 4384 igitur
1099 4319 1129 4368 et
1151 4310 1206 4369 hos
1234 4331 1253 4370 a
1275 4312 1390 4371 theoria
1410 4312 1551 4388 repellis?
1596 4310 1622 4371 0
1644 4310 1778 4370 misellos
1800 4312 1895 4388 pbilo-

547 4397 666 4475 sophos,
690 4401 739 4473 qui
764 4398 800 4457 dc
823 4395 978 4456 creationis
1002 4414 1088 4471 opere
1111 4398 1328 4474 speculationes
1349 4416 1419 4459 suas
1441 4400 1617 4471 obuuduut,
1640 4414 1707 4467 cum
1731 4402 1894 4459 cresvmnt

548 4487 611 4562 ipsi.
628 4484 708 4543 nihil.
719 4479 762 4559 39)
806 4484 925 4544 Scilicet
943 4488 1035 4543 etiam
1058 4486 1087 4543 in
1111 4485 1213 4557 oculis,
1236 4488 1325 4548 etism
1346 4489 1377 4545 in
1391 4490 1573 4563 experientia
1591 4488 1687 4561 operis
1701 4486 1793 4545 aliani
1809 4488 1895 4545 habet

547 4586 634 4632 suum
661 4572 775 4632 theoria
805 4572 978 4631 subsidium.
1024 4572 1069 4630 De
1100 4580 1196 4631 cetere
1227 4576 1347 4647 ignosco
1381 4576 1534 4634 acerbitati
1557 4585 1626 4633 tuae
1656 4576 1685 4630 in
1710 4572 1894 4633 assumendis

548 4662 621 4719 meis
644 4660 900 4720 attenuationibus
928 4659 1146 4735 augendisque,
1179 4662 1288 4735 quippe
1314 4663 1462 4737 scripsisti
1484 4666 1585 4721 iratus.
1617 4660 1675 4719 =Tu
1698 4661 1833 4736 quidam,
1862 4669 1893 4718 ut

548 4747 596 4805 hic
626 4756 654 4807 ct
683 4749 712 4804 iu
744 4749 942 4823 superioribus
973 4750 1106 4822 apparat,
1140 4750 1239 4821 magni
1267 4748 1340 4806 lacis
1361 4750 1563 4826 proportiones
1592 4750 1681 4808 etiam
1704 4747 1789 4823 illas,
1821 4764 1892 4823 quas

549 4834 681 4893 homines
705 4836 734 4891 in
756 4838 833 4894 notis
856 4836 975 4894 musicis
998 4835 1225 4906 constituerunt,
1253 4835 1354 4910 qualia
1376 4836 1461 4914 plura
1482 4836 1558 4895 libro
1579 4852 1646 4896 mso
1668 4834 1722 4893 IV.
1744 4836 1797 4895 lul.
1820 4834 1891 4905 228,

481 4936 485 4943 ·
550 4936 627 4998 quae
650 4928 726 4981 certe
748 4938 807 4981 nou
830 4920 896 4983 ideo
918 4922 1029 4998 probae
1051 4931 1120 4980 sunt
1142 4925 1358 4999 proportiones,
1387 4924 1459 4999 qula
1478 4938 1538 4984 uon
1561 4925 1603 4982 ita
1630 4922 1731 4982 multis
1751 4932 1821 4983 aute
1842 4938 1892 4981 ss·

549 5008 622 5069 culis
652 5007 829 5069 aGuidoue
853 5012 953 5071 Aratio
984 5011 1130 5085 sociisque
1159 5017 1227 5067 sunt
1253 5008 1365 5070 electae
1394 5010 1432 5069 ad
1460 5017 1577 5069 cautum
1604 5009 1808 5086 scribendum,
1837 5007 1890 5069 ssd

549 5098 620 5177 quia
640 5098 790 5157 imitantur
811 5096 871 5158 alls
893 5096 1038 5173 quaedam
1059 5105 1183 5157 naturas
1204 5113 1259 5159 sau
1280 5097 1339 5159 Dei
1360 5100 1497 5159 meatorb
1519 5114 1616 5175 opera.
