<?xml version="1.0" encoding="UTF-8"?>
<!DOCTYPE html PUBLIC "-//W3C//DTD XHTML 1.0 Transitional//EN"
    "http://www.w3.org/TR/xhtml1/DTD/xhtml1-transitional.dtd">
<html xmlns="http://www.w3.org/1999/xhtml" xml:lang="en" lang="en">
 <head>
  <title>
</title>
<meta http-equiv="Content-Type" content="text/html;charset=utf-8" />
  <meta name='ocr-system' content='tesseract 3.04.00' />
  <meta name='ocr-capabilities' content='ocr_page ocr_carea ocr_par ocr_line ocrx_word'/>
</head>
<body>
  <div class='ocr_page' id='page_1' title='image "./joanniskepleria19frisgoog_0635.png"; bbox 0 0 4467 6192; ppageno 0'>
   <div class='ocr_carea' id='block_1_1' title="bbox 657 674 1677 752">
    <p class='ocr_par' dir='ltr' id='par_1_1' title="bbox 657 674 1677 752">
     <span class='ocr_line' id='line_1_1' title="bbox 657 674 1677 752; baseline -0.001 -17"><span class='ocrx_word' id='word_1_1' title='bbox 657 676 794 737; x_wconf 79' lang='lat' dir='ltr'><strong>iudicium</strong></span> <span class='ocrx_word' id='word_1_2' title='bbox 810 674 922 752; x_wconf 88' lang='lat' dir='ltr'><strong>liepleri</strong></span> <span class='ocrx_word' id='word_1_3' title='bbox 940 676 974 735; x_wconf 89' lang='lat' dir='ltr'><strong>do</strong></span> <span class='ocrx_word' id='word_1_4' title='bbox 991 692 1179 737; x_wconf 85' lang='grc' dir='ltr'>ιιιιιιιιιιιι</span> <span class='ocrx_word' id='word_1_5' title='bbox 1195 676 1364 751; x_wconf 85' lang='lat' dir='ltr'><strong>aequatione.</strong></span> <span class='ocrx_word' id='word_1_6' title='bbox 1614 674 1677 744; x_wconf 81' lang='lat' dir='ltr'><strong>dli</strong></span> 
     </span>
    </p>
   </div>
   <div class='ocr_carea' id='block_1_2' title="bbox 346 850 1761 1005">
    <p class='ocr_par' dir='ltr' id='par_1_2' title="bbox 346 850 1761 1005">
     <span class='ocr_line' id='line_1_2' title="bbox 348 850 1679 927; baseline 0 -19"><span class='ocrx_word' id='word_1_7' title='bbox 348 850 431 908; x_wconf 87' lang='lat' dir='ltr'><strong>doceri</strong></span> <span class='ocrx_word' id='word_1_8' title='bbox 447 852 570 923; x_wconf 88' lang='lat' dir='ltr'><strong>publico,</strong></span> <span class='ocrx_word' id='word_1_9' title='bbox 588 854 735 926; x_wconf 89' lang='lat' dir='ltr'><strong>propositis</strong></span> <span class='ocrx_word' id='word_1_10' title='bbox 754 855 933 927; x_wconf 67' lang='lat' dir='ltr'><strong>documentis,</strong></span> <span class='ocrx_word' id='word_1_11' title='bbox 960 862 992 913; x_wconf 89' lang='lat' dir='ltr'><strong>ot</strong></span> <span class='ocrx_word' id='word_1_12' title='bbox 1008 856 1151 926; x_wconf 78' lang='lat' dir='ltr'><strong>adjuretur</strong></span> <span class='ocrx_word' id='word_1_13' title='bbox 1168 854 1338 912; x_wconf 86' lang='lat' dir='ltr'><strong>subditorum</strong></span> <span class='ocrx_word' id='word_1_14' title='bbox 1354 853 1533 911; x_wconf 82' lang='lat' dir='ltr'><strong>imbecillitas.</strong></span> <span class='ocrx_word' id='word_1_15' title='bbox 1567 854 1594 923; x_wconf 77' lang='lat'><strong>2)</strong></span> <span class='ocrx_word' id='word_1_16' title='bbox 1611 853 1679 909; x_wconf 84' lang='lat' dir='ltr'><strong>Pasa</strong></span> 
     </span>
     <span class='ocr_line' id='line_1_3' title="bbox 346 928 1761 1005; baseline -0.002 -18"><span class='ocrx_word' id='word_1_17' title='bbox 346 933 533 1003; x_wconf 78' lang='lat' dir='ltr'><strong>estinstitiae,</strong></span> <span class='ocrx_word' id='word_1_18' title='bbox 561 950 641 1003; x_wconf 89' lang='lat' dir='ltr'><strong>quam</strong></span> <span class='ocrx_word' id='word_1_19' title='bbox 670 943 698 990; x_wconf 90' lang='lat' dir='ltr'><strong>et</strong></span> <span class='ocrx_word' id='word_1_20' title='bbox 715 950 808 991; x_wconf 89' lang='lat' dir='ltr'><strong>sacrae</strong></span> <span class='ocrx_word' id='word_1_21' title='bbox 830 936 925 991; x_wconf 87' lang='lat' dir='ltr'><strong>literae</strong></span> <span class='ocrx_word' id='word_1_22' title='bbox 946 935 1084 991; x_wconf 89' lang='lat' dir='ltr'><strong>inculcant</strong></span> <span class='ocrx_word' id='word_1_23' title='bbox 1104 934 1267 1005; x_wconf 89' lang='lat' dir='ltr'><strong>populomm</strong></span> <span class='ocrx_word' id='word_1_24' title='bbox 1288 934 1511 991; x_wconf 72' lang='lat' dir='ltr'><strong>moderatoribus.</strong></span> <span class='ocrx_word' id='word_1_25' title='bbox 1547 931 1617 1002; x_wconf 66' lang='lat' dir='ltr'><strong>Quia</strong></span> <span class='ocrx_word' id='word_1_26' title='bbox 1631 931 1679 985; x_wconf 79' lang='lat' dir='ltr'><strong>im·</strong></span> <span class='ocrx_word' id='word_1_27' title='bbox 1753 928 1761 943; x_wconf 91' lang='lat'><strong><em>‘</em></strong></span> 
     </span>
    </p>
   </div>
   <div class='ocr_carea' id='block_1_3' title="bbox 345 999 1916 1098">
    <p class='ocr_par' dir='ltr' id='par_1_3' title="bbox 345 999 1916 1098">
     <span class='ocr_line' id='line_1_4' title="bbox 345 999 1916 1098; baseline -0.003 -31"><span class='ocrx_word' id='word_1_28' title='bbox 345 1014 486 1083; x_wconf 84' lang='lat' dir='ltr'><strong>perandum</strong></span> <span class='ocrx_word' id='word_1_29' title='bbox 505 1022 554 1081; x_wconf 90' lang='lat' dir='ltr'><strong>est,</strong></span> <span class='ocrx_word' id='word_1_30' title='bbox 573 1015 758 1077; x_wconf 78' lang='lat' dir='ltr'><strong>conservanda</strong></span> <span class='ocrx_word' id='word_1_31' title='bbox 775 1014 856 1069; x_wconf 88' lang='lat' dir='ltr'><strong>etiam</strong></span> <span class='ocrx_word' id='word_1_32' title='bbox 873 1014 978 1085; x_wconf 81' lang='lat' dir='ltr'><strong>imperii</strong></span> <span class='ocrx_word' id='word_1_33' title='bbox 996 1013 1488 1079; x_wconf 78' lang='lat' dir='ltr'><strong>emanantinstrumentaueoesssria</strong></span> <span class='ocrx_word' id='word_1_34' title='bbox 1507 1011 1680 1077; x_wconf 83' lang='lat' dir='ltr'><strong>cauendoque</strong></span> <span class='ocrx_word' id='word_1_35' title='bbox 1754 1080 1759 1098; x_wconf 39' lang='grc' dir='ltr'><strong><em>Ι</em></strong></span> <span class='ocrx_word' id='word_1_36' title='bbox 1822 1063 1826 1072; x_wconf 75' lang='grc'>,</span> <span class='ocrx_word' id='word_1_37' title='bbox 1913 999 1916 1009; x_wconf 47' lang='lat'>¹</span> 
     </span>
    </p>
   </div>
   <div class='ocr_carea' id='block_1_4' title="bbox 340 1091 1684 2037">
    <p class='ocr_par' dir='ltr' id='par_1_4' title="bbox 347 1091 1680 1163">
     <span class='ocr_line' id='line_1_5' title="bbox 347 1091 1680 1163; baseline -0.003 -16"><span class='ocrx_word' id='word_1_38' title='bbox 347 1092 508 1148; x_wconf 86' lang='lat' dir='ltr'><strong>incommoda</strong></span> <span class='ocrx_word' id='word_1_39' title='bbox 521 1100 549 1147; x_wconf 90' lang='lat' dir='ltr'><strong>et</strong></span> <span class='ocrx_word' id='word_1_40' title='bbox 560 1092 656 1149; x_wconf 88' lang='lat' dir='ltr'><strong>turbae</strong></span> <span class='ocrx_word' id='word_1_41' title='bbox 668 1092 748 1151; x_wconf 86' lang='lat' dir='ltr'><strong>etiam</strong></span> <span class='ocrx_word' id='word_1_42' title='bbox 758 1109 807 1163; x_wconf 90' lang='lat' dir='ltr'><strong>per</strong></span> <span class='ocrx_word' id='word_1_43' title='bbox 818 1094 985 1163; x_wconf 86' lang='lat' dir='ltr'><strong>indirectum,</strong></span> <span class='ocrx_word' id='word_1_44' title='bbox 998 1094 1089 1163; x_wconf 89' lang='lat' dir='ltr'><strong>itaque</strong></span> <span class='ocrx_word' id='word_1_45' title='bbox 1102 1094 1183 1147; x_wconf 88' lang='lat' dir='ltr'><strong>etiam</strong></span> <span class='ocrx_word' id='word_1_46' title='bbox 1195 1107 1245 1162; x_wconf 91' lang='lat' dir='ltr'><strong>por</strong></span> <span class='ocrx_word' id='word_1_47' title='bbox 1255 1091 1475 1163; x_wconf 58' lang='lat' dir='ltr'><strong>inaequalitatem</strong></span> <span class='ocrx_word' id='word_1_48' title='bbox 1486 1104 1680 1147; x_wconf 83' lang='lat' dir='ltr'><strong>mensurarum.</strong></span> 
     </span>
    </p>

    <p class='ocr_par' dir='ltr' id='par_1_5' title="bbox 340 1172 1684 2037">
     <span class='ocr_line' id='line_1_6' title="bbox 424 1172 1681 1243; baseline -0.002 -18"><span class='ocrx_word' id='word_1_49' title='bbox 424 1172 543 1226; x_wconf 88' lang='lat' dir='ltr'><strong>Primum</strong></span> <span class='ocrx_word' id='word_1_50' title='bbox 560 1172 768 1228; x_wconf 80' lang='lat' dir='ltr'><strong>instrumentum</strong></span> <span class='ocrx_word' id='word_1_51' title='bbox 786 1188 847 1228; x_wconf 86' lang='lat' dir='ltr'><strong>esse</strong></span> <span class='ocrx_word' id='word_1_52' title='bbox 865 1172 1067 1241; x_wconf 75' lang='lat' dir='ltr'><strong>gubernationis</strong></span> <span class='ocrx_word' id='word_1_53' title='bbox 1085 1172 1156 1227; x_wconf 89' lang='lat' dir='ltr'><strong>haue</strong></span> <span class='ocrx_word' id='word_1_54' title='bbox 1180 1172 1402 1243; x_wconf 79' lang='lat' dir='ltr'><strong>inaequalitatem</strong></span> <span class='ocrx_word' id='word_1_55' title='bbox 1418 1172 1586 1242; x_wconf 84' lang='lat' dir='ltr'><strong>persuadeor</strong></span> <span class='ocrx_word' id='word_1_56' title='bbox 1603 1182 1681 1238; x_wconf 83' lang='lat' dir='ltr'><strong>argu·</strong></span> 
     </span>
     <span class='ocr_line' id='line_1_7' title="bbox 345 1246 1682 1323; baseline -0.001 -19"><span class='ocrx_word' id='word_1_57' title='bbox 345 1250 435 1305; x_wconf 87' lang='lat' dir='ltr'><strong>nentis</strong></span> <span class='ocrx_word' id='word_1_58' title='bbox 453 1251 504 1319; x_wconf 87' lang='lat' dir='ltr'><strong>bis,</strong></span> <span class='ocrx_word' id='word_1_59' title='bbox 523 1257 654 1321; x_wconf 90' lang='lat' dir='ltr'><strong>quantum</strong></span> <span class='ocrx_word' id='word_1_60' title='bbox 673 1266 765 1307; x_wconf 88' lang='lat' dir='ltr'><strong>eorum</strong></span> <span class='ocrx_word' id='word_1_61' title='bbox 779 1251 837 1321; x_wconf 81' lang='lat' dir='ltr'><strong>jam</strong></span> <span class='ocrx_word' id='word_1_62' title='bbox 856 1251 981 1307; x_wconf 83' lang='lat' dir='ltr'><strong>occurrit.</strong></span> <span class='ocrx_word' id='word_1_63' title='bbox 1017 1251 1106 1320; x_wconf 89' lang='lat' dir='ltr'><strong>Saepe</strong></span> <span class='ocrx_word' id='word_1_64' title='bbox 1123 1258 1244 1307; x_wconf 86' lang='lat' dir='ltr'><strong>mutatur</strong></span> <span class='ocrx_word' id='word_1_65' title='bbox 1260 1252 1367 1323; x_wconf 87' lang='lat' dir='ltr'><strong>pondua</strong></span> <span class='ocrx_word' id='word_1_66' title='bbox 1385 1260 1572 1307; x_wconf 87' lang='lat' dir='ltr'><strong>autmensura</strong></span> <span class='ocrx_word' id='word_1_67' title='bbox 1588 1246 1682 1305; x_wconf 85' lang='lat' dir='ltr'><strong>autad</strong></span> 
     </span>
     <span class='ocr_line' id='line_1_8' title="bbox 344 1326 1682 1407; baseline -0.004 -21"><span class='ocrx_word' id='word_1_68' title='bbox 344 1330 517 1387; x_wconf 74' lang='lat' dir='ltr'><strong>sublevandos</strong></span> <span class='ocrx_word' id='word_1_69' title='bbox 546 1332 642 1401; x_wconf 90' lang='lat' dir='ltr'><strong>inopes</strong></span> <span class='ocrx_word' id='word_1_70' title='bbox 669 1336 716 1385; x_wconf 89' lang='lat' dir='ltr'><strong>aut</strong></span> <span class='ocrx_word' id='word_1_71' title='bbox 751 1332 778 1385; x_wconf 93' lang='lat' dir='ltr'><strong>in</strong></span> <span class='ocrx_word' id='word_1_72' title='bbox 805 1329 937 1407; x_wconf 80' lang='lat' dir='ltr'><strong>bellorum</strong></span> <span class='ocrx_word' id='word_1_73' title='bbox 961 1330 1179 1387; x_wconf 87' lang='lat' dir='ltr'><strong>necessitatibus.</strong></span> <span class='ocrx_word' id='word_1_74' title='bbox 1220 1330 1380 1401; x_wconf 85' lang='lat' dir='ltr'><strong>(Belgarum</strong></span> <span class='ocrx_word' id='word_1_75' title='bbox 1409 1329 1524 1385; x_wconf 83' lang='lat' dir='ltr'><strong>Romani</strong></span> <span class='ocrx_word' id='word_1_76' title='bbox 1553 1326 1682 1394; x_wconf 83' lang='lat' dir='ltr'><strong>meuses.)</strong></span> 
     </span>
     <span class='ocr_line' id='line_1_9' title="bbox 345 1409 1683 1482; baseline -0.003 -18"><span class='ocrx_word' id='word_1_77' title='bbox 345 1410 394 1464; x_wconf 89' lang='lat' dir='ltr'><strong>iiic</strong></span> <span class='ocrx_word' id='word_1_78' title='bbox 409 1410 490 1478; x_wconf 89' lang='lat' dir='ltr'><strong>igitur</strong></span> <span class='ocrx_word' id='word_1_79' title='bbox 508 1410 694 1465; x_wconf 87' lang='lat' dir='ltr'><strong>consideratur</strong></span> <span class='ocrx_word' id='word_1_80' title='bbox 712 1414 760 1465; x_wconf 91' lang='lat' dir='ltr'><strong>aut</strong></span> <span class='ocrx_word' id='word_1_81' title='bbox 777 1410 940 1465; x_wconf 76' lang='lat' dir='ltr'><strong>existimatio</strong></span> <span class='ocrx_word' id='word_1_82' title='bbox 966 1412 1149 1482; x_wconf 87' lang='lat' dir='ltr'><strong>magistratus·</strong></span> <span class='ocrx_word' id='word_1_83' title='bbox 1168 1418 1216 1467; x_wconf 90' lang='lat' dir='ltr'><strong>aut</strong></span> <span class='ocrx_word' id='word_1_84' title='bbox 1240 1410 1428 1481; x_wconf 83' lang='lat' dir='ltr'><strong>compendium</strong></span> <span class='ocrx_word' id='word_1_85' title='bbox 1453 1409 1519 1478; x_wconf 87' lang='lat' dir='ltr'><strong>ilaei,</strong></span> <span class='ocrx_word' id='word_1_86' title='bbox 1537 1416 1683 1475; x_wconf 88' lang='lat' dir='ltr'><strong>utrumqne</strong></span> 
     </span>
     <span class='ocr_line' id='line_1_10' title="bbox 344 1486 1683 1561; baseline -0.003 -18"><span class='ocrx_word' id='word_1_87' title='bbox 344 1504 391 1560; x_wconf 84' lang='lat' dir='ltr'><strong>per</strong></span> <span class='ocrx_word' id='word_1_88' title='bbox 401 1489 540 1545; x_wconf 73' lang='lat' dir='ltr'><strong>ieiladam.</strong></span> <span class='ocrx_word' id='word_1_89' title='bbox 567 1490 697 1545; x_wconf 84' lang='lat' dir='ltr'><strong>Mensura</strong></span> <span class='ocrx_word' id='word_1_90' title='bbox 709 1490 779 1545; x_wconf 86' lang='lat' dir='ltr'><strong>enim</strong></span> <span class='ocrx_word' id='word_1_91' title='bbox 798 1496 901 1545; x_wconf 87' lang='lat' dir='ltr'><strong>mutata</strong></span> <span class='ocrx_word' id='word_1_92' title='bbox 918 1490 1035 1546; x_wconf 85' lang='lat' dir='ltr'><strong>admittit</strong></span> <span class='ocrx_word' id='word_1_93' title='bbox 1053 1497 1225 1561; x_wconf 83' lang='lat' dir='ltr'><strong>praetextam</strong></span> <span class='ocrx_word' id='word_1_94' title='bbox 1241 1490 1428 1561; x_wconf 84' lang='lat' dir='ltr'><strong>impediendae</strong></span> <span class='ocrx_word' id='word_1_95' title='bbox 1444 1489 1570 1559; x_wconf 89' lang='lat' dir='ltr'><strong>publicae</strong></span> <span class='ocrx_word' id='word_1_96' title='bbox 1586 1486 1683 1556; x_wconf 90' lang='lat' dir='ltr'><strong>iniqui-</strong></span> 
     </span>
     <span class='ocr_line' id='line_1_11' title="bbox 343 1564 1683 1640; baseline -0.005 -15"><span class='ocrx_word' id='word_1_97' title='bbox 343 1571 421 1637; x_wconf 86' lang='lat' dir='ltr'><strong>tatis,</strong></span> <span class='ocrx_word' id='word_1_98' title='bbox 447 1586 497 1624; x_wconf 92' lang='lat' dir='ltr'><strong>nec</strong></span> <span class='ocrx_word' id='word_1_99' title='bbox 523 1570 613 1623; x_wconf 88' lang='lat' dir='ltr'><strong>statim</strong></span> <span class='ocrx_word' id='word_1_100' title='bbox 631 1569 734 1639; x_wconf 77' lang='lat' dir='ltr'><strong>patefit,</strong></span> <span class='ocrx_word' id='word_1_101' title='bbox 761 1568 859 1625; x_wconf 87' lang='grc' dir='ltr'>ιιιιιιι</span> <span class='ocrx_word' id='word_1_102' title='bbox 877 1586 906 1624; x_wconf 86' lang='grc' dir='ltr'><strong>ιι</strong></span> <span class='ocrx_word' id='word_1_103' title='bbox 923 1586 987 1629; x_wconf 84' lang='lat' dir='ltr'><strong>rere</strong></span> <span class='ocrx_word' id='word_1_104' title='bbox 1003 1586 1094 1626; x_wconf 89' lang='lat' dir='ltr'><strong>rerum</strong></span> <span class='ocrx_word' id='word_1_105' title='bbox 1111 1571 1207 1640; x_wconf 89' lang='lat' dir='ltr'><strong>pretia.</strong></span> <span class='ocrx_word' id='word_1_106' title='bbox 1243 1572 1360 1626; x_wconf 73' lang='lat' dir='ltr'><strong>daretur</strong></span> <span class='ocrx_word' id='word_1_107' title='bbox 1380 1569 1462 1637; x_wconf 86' lang='lat' dir='ltr'><strong>igitur</strong></span> <span class='ocrx_word' id='word_1_108' title='bbox 1484 1568 1585 1623; x_wconf 86' lang='lat' dir='ltr'><strong>invidia</strong></span> <span class='ocrx_word' id='word_1_109' title='bbox 1601 1564 1683 1631; x_wconf 76' lang='lat' dir='ltr'><strong>uolgi.</strong></span> 
     </span>
     <span class='ocr_line' id='line_1_12' title="bbox 347 1643 1684 1720; baseline -0.004 -16"><span class='ocrx_word' id='word_1_110' title='bbox 347 1650 389 1705; x_wconf 84' lang='lat' dir='ltr'><strong>Sic</strong></span> <span class='ocrx_word' id='word_1_111' title='bbox 406 1649 451 1720; x_wconf 91' lang='lat' dir='ltr'><strong>qui</strong></span> <span class='ocrx_word' id='word_1_112' title='bbox 467 1664 608 1704; x_wconf 86' lang='lat' dir='ltr'><strong>mensurus</strong></span> <span class='ocrx_word' id='word_1_113' title='bbox 625 1650 728 1714; x_wconf 86' lang='lat' dir='ltr'><strong>minuit,</strong></span> <span class='ocrx_word' id='word_1_114' title='bbox 746 1649 887 1718; x_wconf 83' lang='lat' dir='ltr'><strong>pretioque</strong></span> <span class='ocrx_word' id='word_1_115' title='bbox 905 1666 960 1706; x_wconf 91' lang='lat' dir='ltr'><strong>uua</strong></span> <span class='ocrx_word' id='word_1_116' title='bbox 976 1650 1212 1718; x_wconf 70' lang='lat' dir='ltr'><strong>minuitputatur</strong></span> <span class='ocrx_word' id='word_1_117' title='bbox 1228 1648 1430 1718; x_wconf 83' lang='lat' dir='ltr'><strong>proportionem</strong></span> <span class='ocrx_word' id='word_1_118' title='bbox 1441 1647 1577 1703; x_wconf 80' lang='lat' dir='ltr'><strong>custodire</strong></span> <span class='ocrx_word' id='word_1_119' title='bbox 1593 1643 1684 1715; x_wconf 85' lang='lat' dir='ltr'><strong>pristi-</strong></span> 
     </span>
     <span class='ocr_line' id='line_1_13' title="bbox 343 1722 1683 1798; baseline -0.005 -14"><span class='ocrx_word' id='word_1_120' title='bbox 343 1745 415 1794; x_wconf 87' lang='lat' dir='ltr'><strong>nam,</strong></span> <span class='ocrx_word' id='word_1_121' title='bbox 433 1728 485 1782; x_wconf 90' lang='lat' dir='ltr'><strong>etsi</strong></span> <span class='ocrx_word' id='word_1_122' title='bbox 501 1728 572 1782; x_wconf 87' lang='lat' dir='ltr'><strong>banc</strong></span> <span class='ocrx_word' id='word_1_123' title='bbox 589 1727 706 1783; x_wconf 84' lang='lat' dir='ltr'><strong>fortasse</strong></span> <span class='ocrx_word' id='word_1_124' title='bbox 730 1742 760 1782; x_wconf 88' lang='lat' dir='ltr'><strong>re</strong></span> <span class='ocrx_word' id='word_1_125' title='bbox 776 1742 841 1781; x_wconf 82' lang='lat' dir='ltr'><strong>sera</strong></span> <span class='ocrx_word' id='word_1_126' title='bbox 859 1734 953 1782; x_wconf 89' lang='lat' dir='ltr'><strong>mutat.</strong></span> <span class='ocrx_word' id='word_1_127' title='bbox 990 1727 1067 1795; x_wconf 76' lang='lat' dir='ltr'><strong>Quae</strong></span> <span class='ocrx_word' id='word_1_128' title='bbox 1092 1735 1271 1798; x_wconf 85' lang='lat' dir='ltr'><strong>exportantur</strong></span> <span class='ocrx_word' id='word_1_129' title='bbox 1295 1728 1432 1798; x_wconf 89' lang='lat' dir='ltr'><strong>copiosius</strong></span> <span class='ocrx_word' id='word_1_130' title='bbox 1458 1741 1539 1794; x_wconf 89' lang='lat' dir='ltr'><strong>quem</strong></span> <span class='ocrx_word' id='word_1_131' title='bbox 1564 1722 1683 1793; x_wconf 89' lang='lat' dir='ltr'><strong>expedit,</strong></span> 
     </span>
     <span class='ocr_line' id='line_1_14' title="bbox 342 1805 1684 1876; baseline -0.004 -14"><span class='ocrx_word' id='word_1_132' title='bbox 342 1825 392 1863; x_wconf 87' lang='lat' dir='ltr'><strong>nee</strong></span> <span class='ocrx_word' id='word_1_133' title='bbox 409 1808 486 1862; x_wconf 89' lang='lat' dir='ltr'><strong>aliter</strong></span> <span class='ocrx_word' id='word_1_134' title='bbox 503 1806 618 1861; x_wconf 88' lang='lat' dir='ltr'><strong>inhiberi</strong></span> <span class='ocrx_word' id='word_1_135' title='bbox 640 1814 765 1876; x_wconf 88' lang='lat' dir='ltr'><strong>possunt,</strong></span> <span class='ocrx_word' id='word_1_136' title='bbox 790 1807 945 1863; x_wconf 81' lang='lat' dir='ltr'><strong>introducta</strong></span> <span class='ocrx_word' id='word_1_137' title='bbox 973 1822 1115 1863; x_wconf 87' lang='lat' dir='ltr'><strong>mensurae</strong></span> <span class='ocrx_word' id='word_1_138' title='bbox 1139 1807 1295 1863; x_wconf 79' lang='lat' dir='ltr'><strong>diversitate</strong></span> <span class='ocrx_word' id='word_1_139' title='bbox 1321 1807 1483 1862; x_wconf 81' lang='lat' dir='ltr'><strong>inhibentur.</strong></span> <span class='ocrx_word' id='word_1_140' title='bbox 1518 1805 1684 1859; x_wconf 78' lang='lat' dir='ltr'><strong>Mercatores</strong></span> 
     </span>
     <span class='ocr_line' id='line_1_15' title="bbox 340 1878 1684 1959; baseline -0.006 -17"><span class='ocrx_word' id='word_1_141' title='bbox 340 1884 435 1942; x_wconf 84' lang='lat' dir='ltr'><strong>locello</strong></span> <span class='ocrx_word' id='word_1_142' title='bbox 465 1884 577 1941; x_wconf 90' lang='lat' dir='ltr'><strong>minoris</strong></span> <span class='ocrx_word' id='word_1_143' title='bbox 602 1900 745 1943; x_wconf 87' lang='lat' dir='ltr'><strong>mensurae</strong></span> <span class='ocrx_word' id='word_1_144' title='bbox 771 1901 820 1956; x_wconf 93' lang='lat' dir='ltr'><strong>per</strong></span> <span class='ocrx_word' id='word_1_145' title='bbox 847 1886 1087 1943; x_wconf 89' lang='lat' dir='ltr'><strong>dissimulationem</strong></span> <span class='ocrx_word' id='word_1_146' title='bbox 1106 1888 1262 1959; x_wconf 77' lang='lat' dir='ltr'><strong>propositae</strong></span> <span class='ocrx_word' id='word_1_147' title='bbox 1280 1888 1428 1941; x_wconf 78' lang='lat' dir='ltr'><strong>invitantur</strong></span> <span class='ocrx_word' id='word_1_148' title='bbox 1454 1882 1487 1937; x_wconf 90' lang='lat' dir='ltr'><strong>ad</strong></span> <span class='ocrx_word' id='word_1_149' title='bbox 1513 1878 1684 1951; x_wconf 85' lang='lat' dir='ltr'><strong>importando</strong></span> 
     </span>
     <span class='ocr_line' id='line_1_16' title="bbox 342 1958 1684 2037; baseline -0.006 -16"><span class='ocrx_word' id='word_1_150' title='bbox 342 1966 501 2021; x_wconf 88' lang='lat' dir='ltr'><strong>necessaria.</strong></span> <span class='ocrx_word' id='word_1_151' title='bbox 535 1964 694 2021; x_wconf 74' lang='lat' dir='ltr'><strong>assuefiunt</strong></span> <span class='ocrx_word' id='word_1_152' title='bbox 706 1966 788 2020; x_wconf 85' lang='lat' dir='ltr'><strong>etiam</strong></span> <span class='ocrx_word' id='word_1_153' title='bbox 803 1966 905 2022; x_wconf 89' lang='lat' dir='ltr'><strong>subditi</strong></span> <span class='ocrx_word' id='word_1_154' title='bbox 922 1968 957 2022; x_wconf 89' lang='lat' dir='ltr'><strong>ad</strong></span> <span class='ocrx_word' id='word_1_155' title='bbox 970 1967 1159 2037; x_wconf 87' lang='lat' dir='ltr'><strong>capessenda&#39;</strong></span> <span class='ocrx_word' id='word_1_156' title='bbox 1150 1967 1263 2035; x_wconf 82' lang='lat' dir='ltr'><strong>imperia</strong></span> <span class='ocrx_word' id='word_1_157' title='bbox 1276 1971 1304 2020; x_wconf 92' lang='lat' dir='ltr'><strong>et</strong></span> <span class='ocrx_word' id='word_1_158' title='bbox 1317 1962 1517 2037; x_wconf 89' lang='lat' dir='ltr'><strong>agnoscendum</strong></span> <span class='ocrx_word' id='word_1_159' title='bbox 1529 1958 1684 2015; x_wconf 81' lang='grc' dir='ltr'>ιοιιιιιιιιι.</span> 
     </span>
    </p>
   </div>
   <div class='ocr_carea' id='block_1_5' title="bbox 341 2039 1786 2117">
    <p class='ocr_par' dir='ltr' id='par_1_6' title="bbox 341 2039 1786 2117">
     <span class='ocr_line' id='line_1_17' title="bbox 341 2039 1786 2117; baseline -0.004 -16"><span class='ocrx_word' id='word_1_160' title='bbox 341 2046 426 2115; x_wconf 83' lang='lat' dir='ltr'><strong>Saepe</strong></span> <span class='ocrx_word' id='word_1_161' title='bbox 459 2043 575 2100; x_wconf 81' lang='lat' dir='ltr'><strong>levicula</strong></span> <span class='ocrx_word' id='word_1_162' title='bbox 591 2044 705 2099; x_wconf 91' lang='lat' dir='ltr'><strong>mutatio</strong></span> <span class='ocrx_word' id='word_1_163' title='bbox 735 2060 877 2101; x_wconf 90' lang='lat' dir='ltr'><strong>mensurae</strong></span> <span class='ocrx_word' id='word_1_164' title='bbox 900 2047 968 2100; x_wconf 87' lang='grc' dir='ltr'>ιιιιι</span> <span class='ocrx_word' id='word_1_165' title='bbox 992 2048 1114 2117; x_wconf 86' lang='lat' dir='ltr'><strong>praestat</strong></span> <span class='ocrx_word' id='word_1_166' title='bbox 1150 2045 1271 2099; x_wconf 85' lang='lat' dir='ltr'><strong>occultae</strong></span> <span class='ocrx_word' id='word_1_167' title='bbox 1296 2050 1324 2098; x_wconf 91' lang='lat' dir='ltr'><strong>et</strong></span> <span class='ocrx_word' id='word_1_168' title='bbox 1345 2044 1503 2098; x_wconf 79' lang='lat' dir='ltr'><strong>fructuosae</strong></span> <span class='ocrx_word' id='word_1_169' title='bbox 1528 2039 1686 2095; x_wconf 84' lang='lat' dir='ltr'><strong>erectionis</strong></span> <span class='ocrx_word' id='word_1_170' title='bbox 1781 2084 1786 2103; x_wconf 86' lang='lat'><strong>.</strong></span> 
     </span>
    </p>
   </div>
   <div class='ocr_carea' id='block_1_6' title="bbox 335 2114 1689 3226">
    <p class='ocr_par' dir='ltr' id='par_1_7' title="bbox 340 2114 1684 2260">
     <span class='ocr_line' id='line_1_18' title="bbox 340 2114 1684 2194; baseline -0.006 -15"><span class='ocrx_word' id='word_1_171' title='bbox 340 2124 423 2194; x_wconf 82' lang='lat' dir='ltr'><strong>Ajnnt</strong></span> <span class='ocrx_word' id='word_1_172' title='bbox 439 2123 521 2193; x_wconf 86' lang='lat' dir='ltr'><strong>hujus</strong></span> <span class='ocrx_word' id='word_1_173' title='bbox 539 2123 577 2177; x_wconf 90' lang='lat' dir='ltr'><strong>rei</strong></span> <span class='ocrx_word' id='word_1_174' title='bbox 596 2123 719 2193; x_wconf 87' lang='lat' dir='ltr'><strong>egregios</strong></span> <span class='ocrx_word' id='word_1_175' title='bbox 738 2123 855 2180; x_wconf 85' lang='lat' dir='ltr'><strong>artiiices</strong></span> <span class='ocrx_word' id='word_1_176' title='bbox 873 2124 958 2181; x_wconf 89' lang='lat' dir='ltr'><strong>inisse</strong></span> <span class='ocrx_word' id='word_1_177' title='bbox 975 2126 1102 2181; x_wconf 86' lang='lat' dir='ltr'><strong>Venetos.</strong></span> <span class='ocrx_word' id='word_1_178' title='bbox 1126 2122 1228 2193; x_wconf 86' lang='lat' dir='ltr'><strong>Vicini,</strong></span> <span class='ocrx_word' id='word_1_179' title='bbox 1245 2123 1293 2193; x_wconf 93' lang='lat' dir='ltr'><strong>qui</strong></span> <span class='ocrx_word' id='word_1_180' title='bbox 1310 2114 1377 2177; x_wconf 85' lang='lat' dir='ltr'><strong>talia</strong></span> <span class='ocrx_word' id='word_1_181' title='bbox 1393 2121 1504 2188; x_wconf 79' lang='grc' dir='ltr'>ιιιιιιιι,</span> <span class='ocrx_word' id='word_1_182' title='bbox 1522 2124 1623 2189; x_wconf 92' lang='lat' dir='ltr'><strong>cogunt</strong></span> <span class='ocrx_word' id='word_1_183' title='bbox 1634 2132 1684 2172; x_wconf 91' lang='lat' dir='ltr'><strong>uos</strong></span> 
     </span>
     <span class='ocr_line' id='line_1_19' title="bbox 341 2204 471 2260; baseline -0.033 0"><span class='ocrx_word' id='word_1_184' title='bbox 341 2204 375 2260; x_wconf 87' lang='lat' dir='ltr'><strong>ad</strong></span> <span class='ocrx_word' id='word_1_185' title='bbox 393 2204 471 2260; x_wconf 87' lang='lat' dir='ltr'><strong>idem</strong></span> 
     </span>
    </p>

    <p class='ocr_par' dir='ltr' id='par_1_8' title="bbox 335 2234 1689 3226">
     <span class='ocr_line' id='line_1_20' title="bbox 425 2234 1686 2353; baseline -0.002 -17"><span class='ocrx_word' id='word_1_186' title='bbox 425 2281 586 2350; x_wconf 86' lang='lat' dir='ltr'><strong>Priusquam</strong></span> <span class='ocrx_word' id='word_1_187' title='bbox 604 2287 694 2335; x_wconf 88' lang='lat' dir='ltr'><strong>tamen</strong></span> <span class='ocrx_word' id='word_1_188' title='bbox 714 2280 823 2336; x_wconf 85' lang='lat' dir='ltr'><strong>confieri</strong></span> <span class='ocrx_word' id='word_1_189' title='bbox 842 2282 943 2353; x_wconf 88' lang='lat' dir='ltr'><strong>possit,</strong></span> <span class='ocrx_word' id='word_1_190' title='bbox 970 2282 1093 2350; x_wconf 80' lang='lat' dir='ltr'><strong>ingentes</strong></span> <span class='ocrx_word' id='word_1_191' title='bbox 1121 2234 1249 2339; x_wconf 77' lang='lat' dir='ltr'><strong>ridentur</strong></span> <span class='ocrx_word' id='word_1_192' title='bbox 1266 2282 1362 2338; x_wconf 88' lang='lat' dir='ltr'><strong>turbae</strong></span> <span class='ocrx_word' id='word_1_193' title='bbox 1379 2276 1549 2336; x_wconf 86' lang='lat' dir='ltr'><strong>metuendae.</strong></span> <span class='ocrx_word' id='word_1_194' title='bbox 1584 2276 1686 2348; x_wconf 85' lang='lat' dir='ltr'><strong>biagna</strong></span> 
     </span>
     <span class='ocr_line' id='line_1_21' title="bbox 338 2356 1685 2433; baseline -0.005 -15"><span class='ocrx_word' id='word_1_195' title='bbox 338 2362 439 2419; x_wconf 88' lang='lat' dir='ltr'><strong>orietur</strong></span> <span class='ocrx_word' id='word_1_196' title='bbox 464 2359 536 2431; x_wconf 87' lang='lat' dir='ltr'><strong>apud</strong></span> <span class='ocrx_word' id='word_1_197' title='bbox 559 2360 664 2429; x_wconf 92' lang='lat' dir='ltr'><strong>piebem</strong></span> <span class='ocrx_word' id='word_1_198' title='bbox 683 2361 825 2427; x_wconf 86' lang='lat' dir='ltr'><strong>confusio,</strong></span> <span class='ocrx_word' id='word_1_199' title='bbox 844 2376 905 2415; x_wconf 90' lang='lat' dir='ltr'><strong>nam</strong></span> <span class='ocrx_word' id='word_1_200' title='bbox 925 2360 981 2415; x_wconf 87' lang='lat' dir='ltr'><strong>suis</strong></span> <span class='ocrx_word' id='word_1_201' title='bbox 1003 2378 1068 2431; x_wconf 87' lang='lat' dir='ltr'><strong>gens</strong></span> <span class='ocrx_word' id='word_1_202' title='bbox 1095 2363 1207 2433; x_wconf 87' lang='lat' dir='ltr'><strong>quaeris</strong></span> <span class='ocrx_word' id='word_1_203' title='bbox 1234 2362 1367 2416; x_wconf 87' lang='grc' dir='ltr'>ιιιιιιιιι</span> <span class='ocrx_word' id='word_1_204' title='bbox 1392 2358 1527 2427; x_wconf 80' lang='lat' dir='ltr'><strong>assuerit,</strong></span> <span class='ocrx_word' id='word_1_205' title='bbox 1553 2356 1588 2412; x_wconf 88' lang='lat' dir='ltr'><strong>iis</strong></span> <span class='ocrx_word' id='word_1_206' title='bbox 1614 2358 1685 2412; x_wconf 87' lang='lat' dir='ltr'><strong>ritae</strong></span> 
     </span>
     <span class='ocr_line' id='line_1_22' title="bbox 338 2436 1685 2510; baseline -0.005 -13"><span class='ocrx_word' id='word_1_207' title='bbox 338 2440 513 2502; x_wconf 86' lang='lat' dir='ltr'><strong>necessitates</strong></span> <span class='ocrx_word' id='word_1_208' title='bbox 526 2440 644 2507; x_wconf 89' lang='lat' dir='ltr'><strong>metitur,</strong></span> <span class='ocrx_word' id='word_1_209' title='bbox 663 2438 781 2495; x_wconf 84' lang='lat' dir='ltr'><strong>existent</strong></span> <span class='ocrx_word' id='word_1_210' title='bbox 797 2438 908 2495; x_wconf 83' lang='lat' dir='ltr'><strong>fraudes</strong></span> <span class='ocrx_word' id='word_1_211' title='bbox 920 2441 1059 2510; x_wconf 89' lang='lat' dir='ltr'><strong>plurimae,</strong></span> <span class='ocrx_word' id='word_1_212' title='bbox 1078 2442 1141 2497; x_wconf 93' lang='lat' dir='ltr'><strong>dum</strong></span> <span class='ocrx_word' id='word_1_213' title='bbox 1155 2441 1318 2510; x_wconf 83' lang='lat' dir='ltr'><strong>qallidiorcs,</strong></span> <span class='ocrx_word' id='word_1_214' title='bbox 1336 2437 1517 2508; x_wconf 82' lang='lat' dir='ltr'><strong>intelligentia</strong></span> <span class='ocrx_word' id='word_1_215' title='bbox 1527 2436 1685 2492; x_wconf 89' lang='lat' dir='ltr'><strong>mutationis</strong></span> 
     </span>
     <span class='ocr_line' id='line_1_23' title="bbox 338 2515 1688 2590; baseline -0.006 -11"><span class='ocrx_word' id='word_1_216' title='bbox 338 2522 424 2590; x_wconf 84' lang='lat' dir='ltr'><strong>abusi,</strong></span> <span class='ocrx_word' id='word_1_217' title='bbox 444 2520 559 2575; x_wconf 91' lang='lat' dir='ltr'><strong>illudent</strong></span> <span class='ocrx_word' id='word_1_218' title='bbox 576 2518 759 2589; x_wconf 77' lang='lat' dir='ltr'><strong>simplicibus3</strong></span> <span class='ocrx_word' id='word_1_219' title='bbox 782 2519 861 2573; x_wconf 90' lang='lat' dir='ltr'><strong>multi</strong></span> <span class='ocrx_word' id='word_1_220' title='bbox 884 2520 920 2574; x_wconf 89' lang='lat' dir='ltr'><strong>de</strong></span> <span class='ocrx_word' id='word_1_221' title='bbox 939 2520 992 2575; x_wconf 88' lang='lat' dir='ltr'><strong>bac</strong></span> <span class='ocrx_word' id='word_1_222' title='bbox 1016 2522 1210 2590; x_wconf 88' lang='lat' dir='ltr'><strong>inaequalitate</strong></span> <span class='ocrx_word' id='word_1_223' title='bbox 1227 2516 1495 2583; x_wconf 77' lang='lat' dir='ltr'><strong>riodtant‚·carituri</strong></span> <span class='ocrx_word' id='word_1_224' title='bbox 1512 2515 1688 2572; x_wconf 87' lang='lat' dir='ltr'><strong>necessariisr</strong></span> 
     </span>
     <span class='ocr_line' id='line_1_24' title="bbox 339 2596 1688 2670; baseline -0.008 -12"><span class='ocrx_word' id='word_1_225' title='bbox 339 2604 363 2659; x_wconf 91' lang='lat' dir='ltr'><strong>si</strong></span> <span class='ocrx_word' id='word_1_226' title='bbox 391 2600 425 2655; x_wconf 92' lang='lat' dir='ltr'><strong>ab</strong></span> <span class='ocrx_word' id='word_1_227' title='bbox 450 2615 483 2654; x_wconf 85' lang='lat' dir='ltr'><strong>ea</strong></span> <span class='ocrx_word' id='word_1_228' title='bbox 497 2599 690 2654; x_wconf 90' lang='lat' dir='ltr'><strong>destituantur.</strong></span> <span class='ocrx_word' id='word_1_229' title='bbox 727 2597 820 2653; x_wconf 88' lang='lat' dir='ltr'><strong>Omnis</strong></span> <span class='ocrx_word' id='word_1_230' title='bbox 838 2604 1015 2662; x_wconf 83' lang='lat' dir='ltr'><strong>mercatorum</strong></span> <span class='ocrx_word' id='word_1_231' title='bbox 1048 2600 1216 2670; x_wconf 84' lang='lat' dir='ltr'><strong>experientia</strong></span> <span class='ocrx_word' id='word_1_232' title='bbox 1233 2599 1427 2657; x_wconf 86' lang='lat' dir='ltr'><strong>annihilabitur</strong></span> <span class='ocrx_word' id='word_1_233' title='bbox 1452 2608 1482 2658; x_wconf 91' lang='lat' dir='ltr'><strong>et</strong></span> <span class='ocrx_word' id='word_1_234' title='bbox 1504 2596 1688 2655; x_wconf 88' lang='lat' dir='ltr'><strong>tnrbabuntur</strong></span> 
     </span>
     <span class='ocr_line' id='line_1_25' title="bbox 339 2676 1686 2750; baseline -0.006 -15"><span class='ocrx_word' id='word_1_235' title='bbox 339 2678 530 2736; x_wconf 73' lang='lat' dir='ltr'><strong>commercia·</strong></span> <span class='ocrx_word' id='word_1_236' title='bbox 555 2677 675 2745; x_wconf 86' lang='lat' dir='ltr'><strong>Cumque</strong></span> <span class='ocrx_word' id='word_1_237' title='bbox 703 2676 790 2730; x_wconf 90' lang='lat' dir='ltr'><strong>omnis</strong></span> <span class='ocrx_word' id='word_1_238' title='bbox 818 2678 926 2745; x_wconf 87' lang='lat' dir='ltr'><strong>generis</strong></span> <span class='ocrx_word' id='word_1_239' title='bbox 953 2679 1113 2750; x_wconf 84' lang='lat' dir='ltr'><strong>compendia</strong></span> <span class='ocrx_word' id='word_1_240' title='bbox 1139 2686 1168 2733; x_wconf 90' lang='grc' dir='ltr'><strong>ιι</strong></span> <span class='ocrx_word' id='word_1_241' title='bbox 1194 2678 1304 2734; x_wconf 81' lang='lat' dir='ltr'><strong>fraudes</strong></span> <span class='ocrx_word' id='word_1_242' title='bbox 1330 2695 1380 2749; x_wconf 93' lang='lat' dir='ltr'><strong>per</strong></span> <span class='ocrx_word' id='word_1_243' title='bbox 1405 2680 1476 2735; x_wconf 90' lang='lat' dir='ltr'><strong>bano</strong></span> <span class='ocrx_word' id='word_1_244' title='bbox 1502 2676 1686 2735; x_wconf 80' lang='lat' dir='ltr'><strong>diversitatem</strong></span> 
     </span>
     <span class='ocr_line' id='line_1_26' title="bbox 336 2754 1688 2831; baseline -0.005 -16"><span class='ocrx_word' id='word_1_245' title='bbox 336 2764 523 2827; x_wconf 84' lang='lat' dir='ltr'><strong>exerceantur,</strong></span> <span class='ocrx_word' id='word_1_246' title='bbox 541 2756 648 2811; x_wconf 88' lang='lat' dir='ltr'><strong>ridetur</strong></span> <span class='ocrx_word' id='word_1_247' title='bbox 660 2754 810 2823; x_wconf 87' lang='lat' dir='ltr'><strong>aequalitas</strong></span> <span class='ocrx_word' id='word_1_248' title='bbox 821 2756 929 2811; x_wconf 90' lang='lat' dir='ltr'><strong>nonnisi</strong></span> <span class='ocrx_word' id='word_1_249' title='bbox 948 2760 1060 2827; x_wconf 83' lang='lat' dir='ltr'><strong>pervim</strong></span> <span class='ocrx_word' id='word_1_250' title='bbox 1075 2758 1192 2815; x_wconf 90' lang='lat' dir='ltr'><strong>stabiliri</strong></span> <span class='ocrx_word' id='word_1_251' title='bbox 1203 2774 1292 2830; x_wconf 90' lang='lat' dir='ltr'><strong>posse.</strong></span> <span class='ocrx_word' id='word_1_252' title='bbox 1328 2760 1444 2815; x_wconf 88' lang='lat' dir='ltr'><strong>Tantum</strong></span> <span class='ocrx_word' id='word_1_253' title='bbox 1457 2772 1564 2831; x_wconf 89' lang='lat' dir='ltr'><strong>operae,</strong></span> <span class='ocrx_word' id='word_1_254' title='bbox 1581 2762 1688 2821; x_wconf 78' lang='lat' dir='ltr'><strong>tautum</strong></span> 
     </span>
     <span class='ocr_line' id='line_1_27' title="bbox 336 2834 1688 2907; baseline -0.005 -14"><span class='ocrx_word' id='word_1_255' title='bbox 336 2838 494 2907; x_wconf 79' lang='lat' dir='ltr'><strong>vigilantiae</strong></span> <span class='ocrx_word' id='word_1_256' title='bbox 512 2834 658 2906; x_wconf 88' lang='lat' dir='ltr'><strong>imponitur</strong></span> <span class='ocrx_word' id='word_1_257' title='bbox 674 2835 877 2903; x_wconf 81' lang='lat' dir='ltr'><strong>magistratibus</strong></span> <span class='ocrx_word' id='word_1_258' title='bbox 895 2837 1020 2893; x_wconf 89' lang='lat' dir='ltr'><strong>omnibus</strong></span> <span class='ocrx_word' id='word_1_259' title='bbox 1037 2854 1054 2893; x_wconf 88' lang='lat' dir='ltr'><strong>a</strong></span> <span class='ocrx_word' id='word_1_260' title='bbox 1074 2854 1180 2894; x_wconf 91' lang='lat' dir='ltr'><strong>summo</strong></span> <span class='ocrx_word' id='word_1_261' title='bbox 1192 2837 1227 2893; x_wconf 94' lang='lat' dir='ltr'><strong>ad</strong></span> <span class='ocrx_word' id='word_1_262' title='bbox 1240 2844 1400 2907; x_wconf 88' lang='lat' dir='ltr'><strong>postremos,</strong></span> <span class='ocrx_word' id='word_1_263' title='bbox 1417 2845 1448 2891; x_wconf 91' lang='lat' dir='ltr'><strong>ut</strong></span> <span class='ocrx_word' id='word_1_264' title='bbox 1460 2836 1557 2891; x_wconf 77' lang='lat' dir='ltr'><strong>medio</strong></span> <span class='ocrx_word' id='word_1_265' title='bbox 1568 2834 1688 2902; x_wconf 85' lang='lat' dir='ltr'><strong>dubites,</strong></span> 
     </span>
     <span class='ocr_line' id='line_1_28' title="bbox 336 2912 1689 2989; baseline -0.006 -15"><span class='ocrx_word' id='word_1_266' title='bbox 336 2936 371 2974; x_wconf 93' lang='lat' dir='ltr'><strong>an</strong></span> <span class='ocrx_word' id='word_1_267' title='bbox 391 2927 489 2989; x_wconf 86' lang='lat' dir='ltr'><strong>operae</strong></span> <span class='ocrx_word' id='word_1_268' title='bbox 515 2915 631 2986; x_wconf 87' lang='lat' dir='ltr'><strong>pretium</strong></span> <span class='ocrx_word' id='word_1_269' title='bbox 649 2914 684 2969; x_wconf 91' lang='lat' dir='ltr'><strong>sit</strong></span> <span class='ocrx_word' id='word_1_270' title='bbox 707 2914 828 2970; x_wconf 89' lang='lat' dir='ltr'><strong>iuturum</strong></span> <span class='ocrx_word' id='word_1_271' title='bbox 855 2916 923 2971; x_wconf 86' lang='lat' dir='ltr'><strong>baec</strong></span> <span class='ocrx_word' id='word_1_272' title='bbox 940 2917 985 2971; x_wconf 91' lang='lat' dir='ltr'><strong>icx</strong></span> <span class='ocrx_word' id='word_1_273' title='bbox 1004 2920 1116 2988; x_wconf 88' lang='lat' dir='ltr'><strong>perlata.</strong></span> <span class='ocrx_word' id='word_1_274' title='bbox 1152 2918 1228 2974; x_wconf 85' lang='lat' dir='ltr'><strong>Haeo</strong></span> <span class='ocrx_word' id='word_1_275' title='bbox 1245 2917 1374 2975; x_wconf 72' lang='lat' dir='ltr'><strong>Suriates</strong></span> <span class='ocrx_word' id='word_1_276' title='bbox 1390 2917 1487 2987; x_wconf 89' lang='lat' dir='ltr'><strong>tetigit,</strong></span> <span class='ocrx_word' id='word_1_277' title='bbox 1513 2931 1575 2971; x_wconf 88' lang='lat' dir='ltr'><strong>cum</strong></span> <span class='ocrx_word' id='word_1_278' title='bbox 1591 2912 1689 2981; x_wconf 86' lang='lat' dir='ltr'><strong>innuit,</strong></span> 
     </span>
     <span class='ocr_line' id='line_1_29' title="bbox 336 2993 1688 3067; baseline -0.004 -12"><span class='ocrx_word' id='word_1_279' title='bbox 336 3015 395 3055; x_wconf 85' lang='lat' dir='ltr'><strong>rom</strong></span> <span class='ocrx_word' id='word_1_280' title='bbox 415 3010 476 3052; x_wconf 88' lang='lat' dir='ltr'><strong>esse</strong></span> <span class='ocrx_word' id='word_1_281' title='bbox 492 2997 522 3050; x_wconf 87' lang='lat' dir='ltr'><strong>iu</strong></span> <span class='ocrx_word' id='word_1_282' title='bbox 538 2996 652 3066; x_wconf 89' lang='lat' dir='ltr'><strong>imperio</strong></span> <span class='ocrx_word' id='word_1_283' title='bbox 669 3010 739 3065; x_wconf 88' lang='lat' dir='ltr'><strong>pene</strong></span> <span class='ocrx_word' id='word_1_284' title='bbox 757 2995 966 3067; x_wconf 78' lang='lat' dir='ltr'><strong>impossibilem,</strong></span> <span class='ocrx_word' id='word_1_285' title='bbox 994 3013 1048 3066; x_wconf 89' lang='lat' dir='ltr'><strong>quo</strong></span> <span class='ocrx_word' id='word_1_286' title='bbox 1073 2997 1175 3052; x_wconf 88' lang='lat' dir='ltr'><strong>multae</strong></span> <span class='ocrx_word' id='word_1_287' title='bbox 1202 2997 1408 3052; x_wconf 87' lang='lat' dir='ltr'><strong>communitates</strong></span> <span class='ocrx_word' id='word_1_288' title='bbox 1424 3011 1528 3051; x_wconf 91' lang='lat' dir='ltr'><strong>merum</strong></span> <span class='ocrx_word' id='word_1_289' title='bbox 1546 2993 1688 3063; x_wconf 80' lang='lat' dir='ltr'><strong>imperium</strong></span> 
     </span>
     <span class='ocr_line' id='line_1_30' title="bbox 339 3072 1684 3145; baseline -0.007 -12"><span class='ocrx_word' id='word_1_290' title='bbox 339 3076 466 3133; x_wconf 84' lang='lat' dir='ltr'><strong>Caesaris</strong></span> <span class='ocrx_word' id='word_1_291' title='bbox 492 3072 526 3128; x_wconf 93' lang='lat' dir='ltr'><strong>de</strong></span> <span class='ocrx_word' id='word_1_292' title='bbox 543 3073 615 3128; x_wconf 88' lang='lat' dir='ltr'><strong>iacto</strong></span> <span class='ocrx_word' id='word_1_293' title='bbox 640 3082 781 3144; x_wconf 84' lang='lat' dir='ltr'><strong>respuunt.</strong></span> <span class='ocrx_word' id='word_1_294' title='bbox 823 3074 1055 3131; x_wconf 86' lang='lat' dir='ltr'><strong>Considerandum</strong></span> <span class='ocrx_word' id='word_1_295' title='bbox 1082 3078 1180 3144; x_wconf 87' lang='lat' dir='ltr'><strong>etiam,</strong></span> <span class='ocrx_word' id='word_1_296' title='bbox 1212 3090 1319 3145; x_wconf 89' lang='lat' dir='ltr'><strong>semper</strong></span> <span class='ocrx_word' id='word_1_297' title='bbox 1343 3076 1430 3129; x_wconf 88' lang='lat' dir='ltr'><strong>inisse</strong></span> <span class='ocrx_word' id='word_1_298' title='bbox 1455 3072 1684 3144; x_wconf 85' lang='lat' dir='ltr'><strong>inaequalitatem</strong></span> 
     </span>
     <span class='ocr_line' id='line_1_31' title="bbox 335 3153 1689 3226; baseline -0.007 -13"><span class='ocrx_word' id='word_1_299' title='bbox 335 3160 469 3213; x_wconf 85' lang='lat' dir='ltr'><strong>Fortasse</strong></span> <span class='ocrx_word' id='word_1_300' title='bbox 487 3168 538 3207; x_wconf 89' lang='lat' dir='ltr'><strong>uec</strong></span> <span class='ocrx_word' id='word_1_301' title='bbox 555 3154 594 3206; x_wconf 86' lang='lat' dir='ltr'><strong>ita</strong></span> <span class='ocrx_word' id='word_1_302' title='bbox 611 3154 763 3207; x_wconf 88' lang='lat' dir='ltr'><strong>necessaria</strong></span> <span class='ocrx_word' id='word_1_303' title='bbox 775 3160 818 3209; x_wconf 88' lang='lat' dir='ltr'><strong>est</strong></span> <span class='ocrx_word' id='word_1_304' title='bbox 830 3154 989 3211; x_wconf 87' lang='lat' dir='ltr'><strong>aniversalis</strong></span> <span class='ocrx_word' id='word_1_305' title='bbox 1002 3156 1162 3226; x_wconf 89' lang='lat' dir='ltr'><strong>aequalitas,</strong></span> <span class='ocrx_word' id='word_1_306' title='bbox 1180 3154 1262 3210; x_wconf 92' lang='lat' dir='ltr'><strong>modo</strong></span> <span class='ocrx_word' id='word_1_307' title='bbox 1279 3153 1352 3210; x_wconf 87' lang='lat' dir='ltr'><strong>intra</strong></span> <span class='ocrx_word' id='word_1_308' title='bbox 1362 3171 1446 3209; x_wconf 91' lang='lat' dir='ltr'><strong>nuum</strong></span> <span class='ocrx_word' id='word_1_309' title='bbox 1462 3161 1568 3210; x_wconf 88' lang='lat' dir='ltr'><strong>coetum</strong></span> <span class='ocrx_word' id='word_1_310' title='bbox 1580 3156 1689 3206; x_wconf 87' lang='lat' dir='ltr'><strong>maneat</strong></span> 
     </span>
    </p>
   </div>
   <div class='ocr_carea' id='block_1_7' title="bbox 334 3230 1785 3302">
    <p class='ocr_par' dir='ltr' id='par_1_9' title="bbox 334 3230 1785 3302">
     <span class='ocr_line' id='line_1_32' title="bbox 334 3230 1785 3302; baseline 0.001 -11"><span class='ocrx_word' id='word_1_311' title='bbox 334 3252 423 3291; x_wconf 89' lang='grc' dir='ltr'>ιιιιιι</span> <span class='ocrx_word' id='word_1_312' title='bbox 451 3247 539 3299; x_wconf 88' lang='lat' dir='ltr'><strong>genus</strong></span> <span class='ocrx_word' id='word_1_313' title='bbox 559 3244 710 3285; x_wconf 88' lang='lat' dir='ltr'><strong>mensurae.</strong></span> <span class='ocrx_word' id='word_1_314' title='bbox 747 3230 780 3285; x_wconf 89' lang='lat' dir='ltr'><strong>In</strong></span> <span class='ocrx_word' id='word_1_315' title='bbox 797 3232 914 3287; x_wconf 88' lang='lat' dir='ltr'><strong>metallis</strong></span> <span class='ocrx_word' id='word_1_316' title='bbox 933 3233 1059 3302; x_wconf 87' lang='lat' dir='ltr'><strong>pretiosis</strong></span> <span class='ocrx_word' id='word_1_317' title='bbox 1083 3234 1239 3289; x_wconf 88' lang='lat' dir='ltr'><strong>necessaria</strong></span> <span class='ocrx_word' id='word_1_318' title='bbox 1263 3234 1316 3289; x_wconf 90' lang='lat' dir='ltr'><strong>init</strong></span> <span class='ocrx_word' id='word_1_319' title='bbox 1340 3234 1501 3289; x_wconf 86' lang='lat' dir='ltr'><strong>universalia</strong></span> <span class='ocrx_word' id='word_1_320' title='bbox 1528 3231 1688 3301; x_wconf 88' lang='lat' dir='ltr'><strong>aequalitas,</strong></span> <span class='ocrx_word' id='word_1_321' title='bbox 1776 3272 1785 3292; x_wconf 62' lang='grc' dir='ltr'><strong>ι</strong></span> 
     </span>
    </p>
   </div>
   <div class='ocr_carea' id='block_1_8' title="bbox 327 3310 1692 4416">
    <p class='ocr_par' dir='ltr' id='par_1_10' title="bbox 331 3310 1690 3697">
     <span class='ocr_line' id='line_1_33' title="bbox 334 3310 1690 3383; baseline -0.003 -15"><span class='ocrx_word' id='word_1_322' title='bbox 334 3312 402 3383; x_wconf 90' lang='lat' dir='ltr'><strong>quia</strong></span> <span class='ocrx_word' id='word_1_323' title='bbox 425 3324 643 3380; x_wconf 78' lang='lat' dir='ltr'><strong>quaquaversum</strong></span> <span class='ocrx_word' id='word_1_324' title='bbox 661 3310 819 3380; x_wconf 85' lang='lat' dir='ltr'><strong>pervadunt.</strong></span> <span class='ocrx_word' id='word_1_325' title='bbox 855 3310 918 3366; x_wconf 88' lang='lat' dir='ltr'><strong>Non</strong></span> <span class='ocrx_word' id='word_1_326' title='bbox 935 3312 973 3365; x_wconf 90' lang='grc' dir='ltr'><strong>ιιι</strong></span> <span class='ocrx_word' id='word_1_327' title='bbox 990 3326 1110 3380; x_wconf 89' lang='lat' dir='ltr'><strong>meroes,</strong></span> <span class='ocrx_word' id='word_1_328' title='bbox 1134 3328 1204 3381; x_wconf 90' lang='lat' dir='ltr'><strong>quas</strong></span> <span class='ocrx_word' id='word_1_329' title='bbox 1221 3320 1314 3368; x_wconf 83' lang='lat' dir='ltr'><strong>rectus</strong></span> <span class='ocrx_word' id='word_1_330' title='bbox 1333 3313 1445 3383; x_wconf 90' lang='lat' dir='ltr'><strong>impedit</strong></span> <span class='ocrx_word' id='word_1_331' title='bbox 1462 3321 1511 3369; x_wconf 88' lang='grc' dir='ltr'><strong>ιιι</strong></span> <span class='ocrx_word' id='word_1_332' title='bbox 1526 3319 1625 3369; x_wconf 90' lang='lat' dir='ltr'><strong>natura</strong></span> <span class='ocrx_word' id='word_1_333' title='bbox 1638 3316 1690 3379; x_wconf 83' lang='lat' dir='ltr'><strong>¹aut</strong></span> 
     </span>
     <span class='ocr_line' id='line_1_34' title="bbox 334 3386 1689 3462; baseline -0.001 -16"><span class='ocrx_word' id='word_1_334' title='bbox 334 3392 427 3461; x_wconf 89' lang='lat' dir='ltr'><strong>eopia.</strong></span> <span class='ocrx_word' id='word_1_335' title='bbox 462 3386 558 3458; x_wconf 85' lang='lat' dir='ltr'><strong>Neque</strong></span> <span class='ocrx_word' id='word_1_336' title='bbox 586 3389 657 3443; x_wconf 90' lang='lat' dir='ltr'><strong>enim</strong></span> <span class='ocrx_word' id='word_1_337' title='bbox 683 3388 827 3445; x_wconf 80' lang='lat' dir='ltr'><strong>dustriaca</strong></span> <span class='ocrx_word' id='word_1_338' title='bbox 854 3392 916 3445; x_wconf 82' lang='lat' dir='ltr'><strong>vine</strong></span> <span class='ocrx_word' id='word_1_339' title='bbox 940 3391 1098 3445; x_wconf 84' lang='lat' dir='ltr'><strong>inferuntur</strong></span> <span class='ocrx_word' id='word_1_340' title='bbox 1122 3392 1150 3445; x_wconf 90' lang='lat' dir='ltr'><strong>in</strong></span> <span class='ocrx_word' id='word_1_341' title='bbox 1177 3391 1287 3447; x_wconf 87' lang='lat' dir='ltr'><strong>Gallias.</strong></span> <span class='ocrx_word' id='word_1_342' title='bbox 1323 3394 1377 3447; x_wconf 84' lang='lat' dir='ltr'><strong>Eat</strong></span> <span class='ocrx_word' id='word_1_343' title='bbox 1402 3401 1493 3449; x_wconf 87' lang='lat' dir='ltr'><strong>autem</strong></span> <span class='ocrx_word' id='word_1_344' title='bbox 1520 3393 1689 3462; x_wconf 85' lang='lat' dir='ltr'><strong>quarundam</strong></span> 
     </span>
     <span class='ocr_line' id='line_1_35' title="bbox 333 3469 1689 3541; baseline -0.002 -14"><span class='ocrx_word' id='word_1_345' title='bbox 333 3472 469 3527; x_wconf 87' lang='lat' dir='ltr'><strong>mercium</strong></span> <span class='ocrx_word' id='word_1_346' title='bbox 487 3477 585 3524; x_wconf 89' lang='lat' dir='ltr'><strong>natura</strong></span> <span class='ocrx_word' id='word_1_347' title='bbox 602 3469 674 3539; x_wconf 86' lang='lat' dir='ltr'><strong>telis,</strong></span> <span class='ocrx_word' id='word_1_348' title='bbox 692 3475 723 3522; x_wconf 92' lang='lat' dir='ltr'><strong>ut</strong></span> <span class='ocrx_word' id='word_1_349' title='bbox 741 3469 776 3524; x_wconf 90' lang='lat' dir='ltr'><strong>ad</strong></span> <span class='ocrx_word' id='word_1_350' title='bbox 794 3470 1182 3526; x_wconf 82' lang='lat' dir='ltr'><strong>diversitatemmensurarosn</strong></span> <span class='ocrx_word' id='word_1_351' title='bbox 1200 3471 1303 3541; x_wconf 87' lang='lat' dir='ltr'><strong>inritet,</strong></span> <span class='ocrx_word' id='word_1_352' title='bbox 1321 3486 1346 3525; x_wconf 84' lang='grc' dir='ltr'><strong>ι.</strong></span> <span class='ocrx_word' id='word_1_353' title='bbox 1363 3488 1387 3528; x_wconf 92' lang='lat' dir='ltr'><strong>c.</strong></span> <span class='ocrx_word' id='word_1_354' title='bbox 1406 3471 1574 3526; x_wconf 74' lang='lat' dir='ltr'><strong>momentum</strong></span> <span class='ocrx_word' id='word_1_355' title='bbox 1593 3484 1689 3525; x_wconf 88' lang='lat' dir='ltr'><strong>recena</strong></span> 
     </span>
     <span class='ocr_line' id='line_1_36' title="bbox 333 3546 1689 3621; baseline -0.002 -14"><span class='ocrx_word' id='word_1_356' title='bbox 333 3558 364 3607; x_wconf 91' lang='lat' dir='ltr'><strong>et</strong></span> <span class='ocrx_word' id='word_1_357' title='bbox 385 3556 611 3617; x_wconf 71' lang='lat' dir='ltr'><strong>remandatum</strong></span> <span class='ocrx_word' id='word_1_358' title='bbox 630 3556 657 3602; x_wconf 91' lang='lat' dir='ltr'><strong>et</strong></span> <span class='ocrx_word' id='word_1_359' title='bbox 675 3550 773 3603; x_wconf 84' lang='lat' dir='ltr'><strong>vinum.</strong></span> <span class='ocrx_word' id='word_1_360' title='bbox 810 3550 887 3617; x_wconf 79' lang='lat' dir='ltr'><strong>Quae</strong></span> <span class='ocrx_word' id='word_1_361' title='bbox 905 3546 1085 3617; x_wconf 86' lang='lat' dir='ltr'><strong>inaequalitas</strong></span> <span class='ocrx_word' id='word_1_362' title='bbox 1104 3552 1156 3607; x_wconf 91' lang='lat' dir='ltr'><strong>etsi</strong></span> <span class='ocrx_word' id='word_1_363' title='bbox 1173 3548 1234 3606; x_wconf 89' lang='lat' dir='ltr'><strong>tolli</strong></span> <span class='ocrx_word' id='word_1_364' title='bbox 1245 3557 1273 3606; x_wconf 93' lang='lat' dir='ltr'><strong>et</strong></span> <span class='ocrx_word' id='word_1_365' title='bbox 1284 3551 1312 3605; x_wconf 94' lang='lat' dir='ltr'><strong>in</strong></span> <span class='ocrx_word' id='word_1_366' title='bbox 1324 3550 1443 3606; x_wconf 81' lang='lat' dir='ltr'><strong>valorem</strong></span> <span class='ocrx_word' id='word_1_367' title='bbox 1454 3553 1572 3613; x_wconf 85' lang='grc' dir='ltr'>ιιιιιιιι</span> <span class='ocrx_word' id='word_1_368' title='bbox 1589 3553 1689 3621; x_wconf 82' lang='lat' dir='ltr'><strong>potest,</strong></span> 
     </span>
     <span class='ocr_line' id='line_1_37' title="bbox 331 3627 1202 3697; baseline 0.001 -12"><span class='ocrx_word' id='word_1_369' title='bbox 331 3644 392 3686; x_wconf 93' lang='lat' dir='ltr'><strong>non</strong></span> <span class='ocrx_word' id='word_1_370' title='bbox 410 3628 492 3683; x_wconf 87' lang='lat' dir='ltr'><strong>iacile</strong></span> <span class='ocrx_word' id='word_1_371' title='bbox 509 3628 537 3681; x_wconf 91' lang='lat' dir='ltr'><strong>id</strong></span> <span class='ocrx_word' id='word_1_372' title='bbox 555 3635 603 3697; x_wconf 89' lang='lat' dir='ltr'><strong>pot</strong></span> <span class='ocrx_word' id='word_1_373' title='bbox 592 3632 647 3681; x_wconf 89' lang='lat' dir='ltr'><strong>test</strong></span> <span class='ocrx_word' id='word_1_374' title='bbox 663 3627 698 3682; x_wconf 91' lang='lat' dir='ltr'><strong>ob</strong></span> <span class='ocrx_word' id='word_1_375' title='bbox 715 3628 853 3683; x_wconf 91' lang='lat' dir='ltr'><strong>hominum</strong></span> <span class='ocrx_word' id='word_1_376' title='bbox 872 3630 1103 3687; x_wconf 86' lang='lat' dir='ltr'><strong>consuetudinem.</strong></span> <span class='ocrx_word' id='word_1_377' title='bbox 1198 3649 1202 3655; x_wconf 83' lang='lat'><strong>·</strong></span> 
     </span>
    </p>

    <p class='ocr_par' dir='ltr' id='par_1_11' title="bbox 330 3705 1692 4020">
     <span class='ocr_line' id='line_1_38' title="bbox 426 3705 1690 3783; baseline -0.002 -20"><span class='ocrx_word' id='word_1_378' title='bbox 426 3708 529 3778; x_wconf 83' lang='lat' dir='ltr'><strong>Opinon</strong></span> <span class='ocrx_word' id='word_1_379' title='bbox 545 3707 638 3775; x_wconf 89' lang='lat' dir='ltr'><strong>itaque</strong></span> <span class='ocrx_word' id='word_1_380' title='bbox 653 3706 836 3764; x_wconf 88' lang='lat' dir='ltr'><strong>inconsultum</strong></span> <span class='ocrx_word' id='word_1_381' title='bbox 855 3724 922 3778; x_wconf 84' lang='lat' dir='ltr'><strong>esse,</strong></span> <span class='ocrx_word' id='word_1_382' title='bbox 942 3712 1012 3765; x_wconf 91' lang='lat' dir='ltr'><strong>hano</strong></span> <span class='ocrx_word' id='word_1_383' title='bbox 1029 3710 1118 3782; x_wconf 85' lang='lat' dir='ltr'><strong>legem</strong></span> <span class='ocrx_word' id='word_1_384' title='bbox 1145 3713 1236 3783; x_wconf 86' lang='lat' dir='ltr'><strong>rogari</strong></span> <span class='ocrx_word' id='word_1_385' title='bbox 1254 3712 1288 3767; x_wconf 91' lang='lat' dir='ltr'><strong>ad</strong></span> <span class='ocrx_word' id='word_1_386' title='bbox 1306 3712 1436 3783; x_wconf 89' lang='lat' dir='ltr'><strong>populum</strong></span> <span class='ocrx_word' id='word_1_387' title='bbox 1455 3716 1503 3764; x_wconf 90' lang='lat' dir='ltr'><strong>aut</strong></span> <span class='ocrx_word' id='word_1_388' title='bbox 1525 3705 1690 3778; x_wconf 86' lang='lat' dir='ltr'><strong>promulgari</strong></span> 
     </span>
     <span class='ocr_line' id='line_1_39' title="bbox 330 3784 1692 3861; baseline -0.002 -17"><span class='ocrx_word' id='word_1_389' title='bbox 330 3788 431 3844; x_wconf 85' lang='lat' dir='ltr'><strong>statim</strong></span> <span class='ocrx_word' id='word_1_390' title='bbox 448 3786 533 3840; x_wconf 87' lang='lat' dir='ltr'><strong>initio.</strong></span> <span class='ocrx_word' id='word_1_391' title='bbox 570 3784 641 3853; x_wconf 77' lang='lat' dir='ltr'><strong>Quin</strong></span> <span class='ocrx_word' id='word_1_392' title='bbox 659 3785 749 3855; x_wconf 89' lang='lat' dir='ltr'><strong>potius</strong></span> <span class='ocrx_word' id='word_1_393' title='bbox 767 3787 930 3856; x_wconf 89' lang='lat' dir='ltr'><strong>pedetentim</strong></span> <span class='ocrx_word' id='word_1_394' title='bbox 949 3792 1117 3858; x_wconf 86' lang='lat' dir='ltr'><strong>procedatur.</strong></span> <span class='ocrx_word' id='word_1_395' title='bbox 1154 3792 1332 3860; x_wconf 80' lang='lat' dir='ltr'><strong>Magistratus</strong></span> <span class='ocrx_word' id='word_1_396' title='bbox 1352 3808 1400 3861; x_wconf 85' lang='lat' dir='ltr'><strong>pro</strong></span> <span class='ocrx_word' id='word_1_397' title='bbox 1413 3806 1443 3845; x_wconf 88' lang='lat' dir='ltr'><strong>se</strong></span> <span class='ocrx_word' id='word_1_398' title='bbox 1455 3791 1570 3860; x_wconf 90' lang='lat' dir='ltr'><strong>quisque</strong></span> <span class='ocrx_word' id='word_1_399' title='bbox 1581 3789 1692 3857; x_wconf 84' lang='lat' dir='ltr'><strong>exigant</strong></span> 
     </span>
     <span class='ocr_line' id='line_1_40' title="bbox 331 3864 1691 3937; baseline -0.002 -14"><span class='ocrx_word' id='word_1_400' title='bbox 331 3884 388 3923; x_wconf 89' lang='lat' dir='ltr'><strong>sna</strong></span> <span class='ocrx_word' id='word_1_401' title='bbox 405 3865 507 3922; x_wconf 86' lang='lat' dir='ltr'><strong>telonia</strong></span> <span class='ocrx_word' id='word_1_402' title='bbox 525 3870 552 3919; x_wconf 90' lang='lat' dir='ltr'><strong>et</strong></span> <span class='ocrx_word' id='word_1_403' title='bbox 570 3864 783 3921; x_wconf 85' lang='lat' dir='ltr'><strong>contributiones</strong></span> <span class='ocrx_word' id='word_1_404' title='bbox 802 3866 936 3937; x_wconf 88' lang='lat' dir='ltr'><strong>etiamque</strong></span> <span class='ocrx_word' id='word_1_405' title='bbox 954 3867 1078 3937; x_wconf 90' lang='lat' dir='ltr'><strong>publicos</strong></span> <span class='ocrx_word' id='word_1_406' title='bbox 1097 3885 1237 3926; x_wconf 89' lang='lat' dir='ltr'><strong>mensores</strong></span> <span class='ocrx_word' id='word_1_407' title='bbox 1255 3870 1431 3925; x_wconf 90' lang='lat' dir='ltr'><strong>constituant.</strong></span> <span class='ocrx_word' id='word_1_408' title='bbox 1466 3866 1528 3921; x_wconf 83' lang='lat' dir='ltr'><strong>Fiet</strong></span> <span class='ocrx_word' id='word_1_409' title='bbox 1547 3873 1576 3919; x_wconf 89' lang='lat' dir='ltr'><strong>ut</strong></span> <span class='ocrx_word' id='word_1_410' title='bbox 1593 3865 1691 3933; x_wconf 85' lang='lat' dir='ltr'><strong>vulgos</strong></span> 
     </span>
     <span class='ocr_line' id='line_1_41' title="bbox 331 3945 1690 4020; baseline -0.004 -16"><span class='ocrx_word' id='word_1_411' title='bbox 331 3946 459 4020; x_wconf 85' lang='lat' dir='ltr'><strong>pertaesi</strong></span> <span class='ocrx_word' id='word_1_412' title='bbox 478 3946 573 4000; x_wconf 87' lang='lat' dir='ltr'><strong>harum</strong></span> <span class='ocrx_word' id='word_1_413' title='bbox 592 3945 793 4000; x_wconf 75' lang='lat' dir='ltr'><strong>discretionum</strong></span> <span class='ocrx_word' id='word_1_414' title='bbox 811 3946 942 4017; x_wconf 88' lang='lat' dir='ltr'><strong>paulatim</strong></span> <span class='ocrx_word' id='word_1_415' title='bbox 959 3948 986 4001; x_wconf 92' lang='lat' dir='ltr'><strong>iu</strong></span> <span class='ocrx_word' id='word_1_416' title='bbox 1012 3964 1092 4003; x_wconf 90' lang='lat' dir='ltr'><strong>unam</strong></span> <span class='ocrx_word' id='word_1_417' title='bbox 1116 3949 1189 4003; x_wconf 90' lang='lat' dir='ltr'><strong>iliam</strong></span> <span class='ocrx_word' id='word_1_418' title='bbox 1211 3950 1419 4017; x_wconf 83' lang='lat' dir='ltr'><strong>magistratuum</strong></span> <span class='ocrx_word' id='word_1_419' title='bbox 1436 3946 1523 4014; x_wconf 88' lang='lat' dir='ltr'><strong>legem</strong></span> <span class='ocrx_word' id='word_1_420' title='bbox 1541 3951 1690 4000; x_wconf 87' lang='lat' dir='ltr'><strong>transeant.</strong></span> 
     </span>
    </p>

    <p class='ocr_par' dir='ltr' id='par_1_12' title="bbox 329 4023 1692 4255">
     <span class='ocr_line' id='line_1_42' title="bbox 426 4023 1690 4099; baseline -0.003 -18"><span class='ocrx_word' id='word_1_421' title='bbox 426 4023 561 4095; x_wconf 81' lang='lat' dir='ltr'><strong>Equidem</strong></span> <span class='ocrx_word' id='word_1_422' title='bbox 580 4024 745 4080; x_wconf 82' lang='lat' dir='ltr'><strong>fortitudinis</strong></span> <span class='ocrx_word' id='word_1_423' title='bbox 764 4034 806 4081; x_wconf 90' lang='lat' dir='ltr'><strong>est</strong></span> <span class='ocrx_word' id='word_1_424' title='bbox 823 4027 969 4098; x_wconf 88' lang='lat' dir='ltr'><strong>proprium,</strong></span> <span class='ocrx_word' id='word_1_425' title='bbox 983 4026 1014 4080; x_wconf 92' lang='lat' dir='ltr'><strong>in</strong></span> <span class='ocrx_word' id='word_1_426' title='bbox 1034 4026 1190 4099; x_wconf 82' lang='lat' dir='ltr'><strong>difficilibus</strong></span> <span class='ocrx_word' id='word_1_427' title='bbox 1217 4026 1345 4096; x_wconf 84' lang='lat' dir='ltr'><strong>occupari</strong></span> <span class='ocrx_word' id='word_1_428' title='bbox 1371 4025 1406 4079; x_wconf 90' lang='lat' dir='ltr'><strong>ad</strong></span> <span class='ocrx_word' id='word_1_429' title='bbox 1432 4040 1511 4079; x_wconf 89' lang='lat' dir='ltr'><strong>usum</strong></span> <span class='ocrx_word' id='word_1_430' title='bbox 1539 4023 1690 4095; x_wconf 82' lang='lat' dir='ltr'><strong>publicum3</strong></span> 
     </span>
     <span class='ocr_line' id='line_1_43' title="bbox 329 4103 1692 4199; baseline -0.004 -36"><span class='ocrx_word' id='word_1_431' title='bbox 329 4106 420 4163; x_wconf 87' lang='lat' dir='ltr'><strong>modo</strong></span> <span class='ocrx_word' id='word_1_432' title='bbox 438 4120 494 4159; x_wconf 90' lang='lat' dir='ltr'><strong>non</strong></span> <span class='ocrx_word' id='word_1_433' title='bbox 520 4103 592 4158; x_wconf 91' lang='lat' dir='ltr'><strong>desit</strong></span> <span class='ocrx_word' id='word_1_434' title='bbox 618 4104 771 4158; x_wconf 82' lang='grc' dir='ltr'>ιοιιιιιιιιιι</span> <span class='ocrx_word' id='word_1_435' title='bbox 795 4105 937 4161; x_wconf 87' lang='lat' dir='ltr'><strong>consilium</strong></span> <span class='ocrx_word' id='word_1_436' title='bbox 965 4114 993 4161; x_wconf 90' lang='lat' dir='ltr'><strong>et</strong></span> <span class='ocrx_word' id='word_1_437' title='bbox 1019 4107 1233 4199; x_wconf 80' lang='lat' dir='ltr'><strong>circumspectio</strong></span> <span class='ocrx_word' id='word_1_438' title='bbox 1268 4106 1351 4161; x_wconf 81' lang='lat' dir='ltr'><strong>Ferit</strong></span> <span class='ocrx_word' id='word_1_439' title='bbox 1367 4107 1457 4170; x_wconf 80' lang='lat' dir='ltr'><strong>Deris,</strong></span> <span class='ocrx_word' id='word_1_440' title='bbox 1475 4111 1506 4160; x_wconf 88' lang='lat' dir='ltr'><strong>ut</strong></span> <span class='ocrx_word' id='word_1_441' title='bbox 1523 4120 1544 4159; x_wconf 91' lang='lat' dir='ltr'><strong>a·</strong></span> <span class='ocrx_word' id='word_1_442' title='bbox 1556 4120 1586 4158; x_wconf 90' lang='lat' dir='ltr'><strong>re</strong></span> <span class='ocrx_word' id='word_1_443' title='bbox 1603 4103 1692 4159; x_wconf 77' lang='lat' dir='ltr'><strong>viliori</strong></span> 
     </span>
     <span class='ocr_line' id='line_1_44' title="bbox 329 4182 1523 4278; baseline -0.004 -36"><span class='ocrx_word' id='word_1_444' title='bbox 329 4184 433 4241; x_wconf 87' lang='lat' dir='ltr'><strong>exorsi</strong></span> <span class='ocrx_word' id='word_1_445' title='bbox 451 4182 570 4238; x_wconf 77' lang='lat' dir='ltr'><strong>uniuersi</strong></span> <span class='ocrx_word' id='word_1_446' title='bbox 588 4182 622 4237; x_wconf 91' lang='lat' dir='ltr'><strong>ad</strong></span> <span class='ocrx_word' id='word_1_447' title='bbox 641 4194 801 4238; x_wconf 85' lang='lat' dir='ltr'><strong>consensum</strong></span> <span class='ocrx_word' id='word_1_448' title='bbox 821 4184 849 4238; x_wconf 89' lang='grc' dir='ltr'><strong>ιι</strong></span> <span class='ocrx_word' id='word_1_449' title='bbox 866 4184 946 4239; x_wconf 86' lang='lat' dir='ltr'><strong>rebus</strong></span> <span class='ocrx_word' id='word_1_450' title='bbox 965 4186 1088 4241; x_wconf 81' lang='lat' dir='ltr'><strong>maximis</strong></span> <span class='ocrx_word' id='word_1_451' title='bbox 1105 4188 1192 4254; x_wconf 86' lang='lat' dir='ltr'><strong>magia</strong></span> <span class='ocrx_word' id='word_1_452' title='bbox 1208 4187 1355 4278; x_wconf 80' lang='lat' dir='ltr'><strong>magisque</strong></span> <span class='ocrx_word' id='word_1_453' title='bbox 1367 4183 1523 4241; x_wconf 85' lang='lat' dir='ltr'><strong>assuefiant.</strong></span> 
     </span>
    </p>

    <p class='ocr_par' dir='ltr' id='par_1_13' title="bbox 327 4263 1692 4416">
     <span class='ocr_line' id='line_1_45' title="bbox 428 4263 1692 4359; baseline -0.005 -38"><span class='ocrx_word' id='word_1_454' title='bbox 428 4265 453 4325; x_wconf 84' lang='grc'><strong>3)</strong></span> <span class='ocrx_word' id='word_1_455' title='bbox 471 4264 675 4333; x_wconf 80' lang='lat' dir='ltr'><strong>Progressionis</strong></span> <span class='ocrx_word' id='word_1_456' title='bbox 693 4263 847 4332; x_wconf 82' lang='lat' dir='ltr'><strong>aequalitas</strong></span> <span class='ocrx_word' id='word_1_457' title='bbox 865 4280 899 4319; x_wconf 90' lang='lat' dir='ltr'><strong>an</strong></span> <span class='ocrx_word' id='word_1_458' title='bbox 912 4264 1109 4321; x_wconf 89' lang='lat' dir='ltr'><strong>introducenda</strong></span> <span class='ocrx_word' id='word_1_459' title='bbox 1127 4271 1155 4322; x_wconf 89' lang='lat' dir='ltr'><strong>et</strong></span> <span class='ocrx_word' id='word_1_460' title='bbox 1172 4267 1199 4320; x_wconf 85' lang='grc'><strong>4</strong></span> <span class='ocrx_word' id='word_1_461' title='bbox 1217 4281 1251 4319; x_wconf 91' lang='grc' dir='ltr'><strong>ιι</strong></span> <span class='ocrx_word' id='word_1_462' title='bbox 1268 4265 1430 4359; x_wconf 80' lang='lat' dir='ltr'><strong>principium</strong></span> <span class='ocrx_word' id='word_1_463' title='bbox 1449 4263 1566 4318; x_wconf 88' lang='lat' dir='ltr'><strong>omnium</strong></span> <span class='ocrx_word' id='word_1_464' title='bbox 1585 4274 1692 4315; x_wconf 86' lang='lat' dir='ltr'><strong>menso·</strong></span> 
     </span>
     <span class='ocr_line' id='line_1_46' title="bbox 327 4342 1471 4416; baseline -0.001 -14"><span class='ocrx_word' id='word_1_465' title='bbox 327 4362 432 4402; x_wconf 87' lang='lat' dir='ltr'><strong>rarum</strong></span> <span class='ocrx_word' id='word_1_466' title='bbox 450 4344 521 4399; x_wconf 89' lang='lat' dir='ltr'><strong>idem</strong></span> <span class='ocrx_word' id='word_1_467' title='bbox 541 4343 768 4413; x_wconf 88' lang='lat' dir='ltr'><strong>constituendum,</strong></span> <span class='ocrx_word' id='word_1_468' title='bbox 788 4342 953 4414; x_wconf 75' lang='lat' dir='ltr'><strong>quaeritur·</strong></span> <span class='ocrx_word' id='word_1_469' title='bbox 945 4362 973 4399; x_wconf 91' lang='grc' dir='ltr'><strong>ιι</strong></span> <span class='ocrx_word' id='word_1_470' title='bbox 992 4344 1169 4415; x_wconf 84' lang='lat' dir='ltr'><strong>sequentibus</strong></span> <span class='ocrx_word' id='word_1_471' title='bbox 1187 4344 1322 4416; x_wconf 87' lang='lat' dir='ltr'><strong>capitibus</strong></span> <span class='ocrx_word' id='word_1_472' title='bbox 1340 4346 1471 4415; x_wconf 90' lang='lat' dir='ltr'><strong>pressius</strong></span> 
     </span>
    </p>
   </div>
   <div class='ocr_carea' id='block_1_9' title="bbox 889 4524 1148 4604">
    <p class='ocr_par' dir='ltr' id='par_1_14' title="bbox 889 4524 1148 4604">
     <span class='ocr_line' id='line_1_47' title="bbox 889 4524 1148 4604; baseline 0.004 -20"><span class='ocrx_word' id='word_1_473' title='bbox 889 4524 943 4585; x_wconf 84' lang='lat' dir='ltr'><strong>se</strong></span> <span class='ocrx_word' id='word_1_474' title='bbox 967 4524 1086 4604; x_wconf 72' lang='lat' dir='ltr'><strong>capus</strong></span> <span class='ocrx_word' id='word_1_475' title='bbox 1107 4524 1148 4585; x_wconf 88' lang='grc' dir='ltr'><strong>ιι</strong></span> 
     </span>
    </p>
   </div>
   <div class='ocr_carea' id='block_1_10' title="bbox 323 4673 1694 5065">
    <p class='ocr_par' dir='ltr' id='par_1_15' title="bbox 323 4673 1694 5065">
     <span class='ocr_line' id='line_1_48' title="bbox 429 4673 1693 4747; baseline -0.003 -16"><span class='ocrx_word' id='word_1_476' title='bbox 429 4677 649 4745; x_wconf 89' lang='lat' dir='ltr'><strong>Progressiouem</strong></span> <span class='ocrx_word' id='word_1_477' title='bbox 668 4690 840 4731; x_wconf 87' lang='lat' dir='ltr'><strong>numerorum</strong></span> <span class='ocrx_word' id='word_1_478' title='bbox 858 4675 1139 4733; x_wconf 82' lang='lat' dir='ltr'><strong>denariamexistimo</strong></span> <span class='ocrx_word' id='word_1_479' title='bbox 1156 4675 1232 4732; x_wconf 89' lang='lat' dir='ltr'><strong>nulio</strong></span> <span class='ocrx_word' id='word_1_480' title='bbox 1251 4682 1341 4747; x_wconf 90' lang='lat' dir='ltr'><strong>pacto,</strong></span> <span class='ocrx_word' id='word_1_481' title='bbox 1359 4673 1436 4730; x_wconf 81' lang='lat' dir='ltr'><strong>nuda</strong></span> <span class='ocrx_word' id='word_1_482' title='bbox 1453 4690 1575 4743; x_wconf 89' lang='lat' dir='ltr'><strong>unquam</strong></span> <span class='ocrx_word' id='word_1_483' title='bbox 1592 4673 1620 4728; x_wconf 91' lang='lat' dir='ltr'><strong>ln</strong></span> <span class='ocrx_word' id='word_1_484' title='bbox 1637 4673 1693 4728; x_wconf 85' lang='lat' dir='ltr'><strong>ma·</strong></span> 
     </span>
     <span class='ocr_line' id='line_1_49' title="bbox 326 4750 1694 4834; baseline -0.007 -21"><span class='ocrx_word' id='word_1_485' title='bbox 326 4756 409 4813; x_wconf 90' lang='lat' dir='ltr'><strong>teria</strong></span> <span class='ocrx_word' id='word_1_486' title='bbox 437 4754 661 4813; x_wconf 76' lang='lat' dir='ltr'><strong>labefactandam.</strong></span> <span class='ocrx_word' id='word_1_487' title='bbox 706 4754 760 4810; x_wconf 85' lang='lat' dir='ltr'><strong>Est</strong></span> <span class='ocrx_word' id='word_1_488' title='bbox 780 4756 854 4809; x_wconf 91' lang='lat' dir='ltr'><strong>enim</strong></span> <span class='ocrx_word' id='word_1_489' title='bbox 882 4772 1022 4811; x_wconf 90' lang='lat' dir='ltr'><strong>commune</strong></span> <span class='ocrx_word' id='word_1_490' title='bbox 1047 4753 1186 4810; x_wconf 83' lang='lat' dir='ltr'><strong>uinculum</strong></span> <span class='ocrx_word' id='word_1_491' title='bbox 1219 4754 1374 4810; x_wconf 88' lang='lat' dir='ltr'><strong>intellectus</strong></span> <span class='ocrx_word' id='word_1_492' title='bbox 1401 4758 1430 4808; x_wconf 88' lang='lat' dir='ltr'><strong>et</strong></span> <span class='ocrx_word' id='word_1_493' title='bbox 1455 4752 1588 4834; x_wconf 80' lang='lat' dir='ltr'><strong>quaedam</strong></span> <span class='ocrx_word' id='word_1_494' title='bbox 1616 4750 1694 4819; x_wconf 88' lang='lat' dir='ltr'><strong>qnasi</strong></span> 
     </span>
     <span class='ocr_line' id='line_1_50' title="bbox 325 4824 1694 4905; baseline -0.008 -12"><span class='ocrx_word' id='word_1_495' title='bbox 325 4836 492 4893; x_wconf 86' lang='lat' dir='ltr'><strong>communis</strong></span> <span class='ocrx_word' id='word_1_496' title='bbox 510 4836 603 4905; x_wconf 88' lang='lat' dir='ltr'><strong>lingua</strong></span> <span class='ocrx_word' id='word_1_497' title='bbox 621 4837 739 4891; x_wconf 88' lang='lat' dir='ltr'><strong>omnium</strong></span> <span class='ocrx_word' id='word_1_498' title='bbox 765 4836 903 4905; x_wconf 85' lang='lat' dir='ltr'><strong>gentium,</strong></span> <span class='ocrx_word' id='word_1_499' title='bbox 932 4842 1065 4892; x_wconf 87' lang='lat' dir='ltr'><strong>enatura</strong></span> <span class='ocrx_word' id='word_1_500' title='bbox 1075 4824 1213 4889; x_wconf 89' lang='lat' dir='ltr'><strong>instituta</strong></span> <span class='ocrx_word' id='word_1_501' title='bbox 1238 4832 1266 4887; x_wconf 89' lang='grc' dir='ltr'><strong>ιι</strong></span> <span class='ocrx_word' id='word_1_502' title='bbox 1293 4830 1438 4899; x_wconf 87' lang='lat' dir='ltr'><strong>digitorum</strong></span> <span class='ocrx_word' id='word_1_503' title='bbox 1463 4825 1694 4899; x_wconf 71' lang='lat' dir='ltr'><strong>multitudinem</strong></span> 
     </span>
     <span class='ocr_line' id='line_1_51' title="bbox 324 4907 1691 4987; baseline -0.009 -14"><span class='ocrx_word' id='word_1_504' title='bbox 324 4912 496 4973; x_wconf 90' lang='lat' dir='ltr'><strong>hominibus</strong></span> <span class='ocrx_word' id='word_1_505' title='bbox 506 4914 601 4987; x_wconf 89' lang='lat' dir='ltr'><strong>longe</strong></span> <span class='ocrx_word' id='word_1_506' title='bbox 600 4914 774 4984; x_wconf 88' lang='lat' dir='ltr'><strong>iamiliariori,</strong></span> <span class='ocrx_word' id='word_1_507' title='bbox 794 4930 874 4984; x_wconf 88' lang='lat' dir='ltr'><strong>quam</strong></span> <span class='ocrx_word' id='word_1_508' title='bbox 886 4920 950 4972; x_wconf 89' lang='lat' dir='ltr'><strong>sunt</strong></span> <span class='ocrx_word' id='word_1_509' title='bbox 962 4914 1099 4981; x_wconf 88' lang='lat' dir='ltr'><strong>coelestia,</strong></span> <span class='ocrx_word' id='word_1_510' title='bbox 1118 4918 1149 4967; x_wconf 90' lang='lat' dir='ltr'><strong>ut</strong></span> <span class='ocrx_word' id='word_1_511' title='bbox 1165 4911 1197 4966; x_wconf 82' lang='lat'><strong>12</strong></span> <span class='ocrx_word' id='word_1_512' title='bbox 1208 4925 1325 4978; x_wconf 88' lang='lat' dir='ltr'><strong>menses,</strong></span> <span class='ocrx_word' id='word_1_513' title='bbox 1344 4910 1378 4966; x_wconf 85' lang='grc'><strong>30</strong></span> <span class='ocrx_word' id='word_1_514' title='bbox 1390 4908 1456 4980; x_wconf 87' lang='lat' dir='ltr'><strong>dies,</strong></span> <span class='ocrx_word' id='word_1_515' title='bbox 1474 4907 1691 4978; x_wconf 66' lang='lat' dir='ltr'><strong>spleneticus</strong></span> 
     </span>
     <span class='ocr_line' id='line_1_52' title="bbox 323 4958 1694 5065; baseline -0.007 -14"><span class='ocrx_word' id='word_1_516' title='bbox 323 4995 410 5051; x_wconf 81' lang='lat' dir='ltr'><strong>Nam</strong></span> <span class='ocrx_word' id='word_1_517' title='bbox 431 4990 504 5063; x_wconf 91' lang='lat' dir='ltr'><strong>quod</strong></span> <span class='ocrx_word' id='word_1_518' title='bbox 523 4982 679 5050; x_wconf 88' lang='lat' dir='ltr'><strong>obtenditur</strong></span> <span class='ocrx_word' id='word_1_519' title='bbox 697 4958 857 5065; x_wconf 69' lang='lat' dir='ltr'><strong>floridorum</strong></span> <span class='ocrx_word' id='word_1_520' title='bbox 870 4995 1023 5065; x_wconf 85' lang='lat' dir='ltr'><strong>exemplum</strong></span> <span class='ocrx_word' id='word_1_521' title='bbox 1036 5009 1070 5049; x_wconf 88' lang='lat' dir='ltr'><strong>ex</strong></span> <span class='ocrx_word' id='word_1_522' title='bbox 1082 4989 1240 5054; x_wconf 82' lang='lat' dir='ltr'><strong>Aristotele,</strong></span> <span class='ocrx_word' id='word_1_523' title='bbox 1257 4988 1367 5044; x_wconf 90' lang='lat' dir='ltr'><strong>traditio</strong></span> <span class='ocrx_word' id='word_1_524' title='bbox 1379 4987 1451 5042; x_wconf 89' lang='lat' dir='ltr'><strong>intra</strong></span> <span class='ocrx_word' id='word_1_525' title='bbox 1463 4986 1581 5042; x_wconf 82' lang='grc' dir='ltr'>ιιιιοιιι</span> <span class='ocrx_word' id='word_1_526' title='bbox 1595 4986 1694 5059; x_wconf 84' lang='lat' dir='ltr'><strong>iibmru</strong></span> 
     </span>
    </p>
   </div>
   <div class='ocr_carea' id='block_1_11' title="bbox 324 5063 1695 5227">
    <p class='ocr_par' dir='ltr' id='par_1_16' title="bbox 324 5063 1695 5227">
     <span class='ocr_line' id='line_1_53' title="bbox 324 5063 1695 5141; baseline -0.007 -12"><span class='ocrx_word' id='word_1_527' title='bbox 324 5073 475 5129; x_wconf 88' lang='lat' dir='ltr'><strong>subsistit.</strong></span> <span class='ocrx_word' id='word_1_528' title='bbox 511 5074 566 5127; x_wconf 82' lang='lat' dir='ltr'><strong>dut</strong></span> <span class='ocrx_word' id='word_1_529' title='bbox 583 5072 656 5127; x_wconf 93' lang='lat' dir='ltr'><strong>natio</strong></span> <span class='ocrx_word' id='word_1_530' title='bbox 675 5080 734 5127; x_wconf 89' lang='lat' dir='ltr'><strong>erat</strong></span> <span class='ocrx_word' id='word_1_531' title='bbox 746 5072 825 5141; x_wconf 88' lang='lat' dir='ltr'><strong>piane</strong></span> <span class='ocrx_word' id='word_1_532' title='bbox 838 5072 980 5129; x_wconf 82' lang='lat' dir='ltr'><strong>barbarica</strong></span> <span class='ocrx_word' id='word_1_533' title='bbox 992 5079 1019 5127; x_wconf 92' lang='lat' dir='ltr'><strong>et</strong></span> <span class='ocrx_word' id='word_1_534' title='bbox 1031 5070 1064 5127; x_wconf 88' lang='lat' dir='ltr'><strong>ab</strong></span> <span class='ocrx_word' id='word_1_535' title='bbox 1074 5085 1127 5126; x_wconf 89' lang='lat' dir='ltr'><strong>usu</strong></span> <span class='ocrx_word' id='word_1_536' title='bbox 1140 5067 1271 5123; x_wconf 89' lang='lat' dir='ltr'><strong>sermonis</strong></span> <span class='ocrx_word' id='word_1_537' title='bbox 1283 5064 1422 5138; x_wconf 89' lang='lat' dir='ltr'><strong>destituta,</strong></span> <span class='ocrx_word' id='word_1_538' title='bbox 1441 5074 1489 5123; x_wconf 91' lang='lat' dir='ltr'><strong>aot</strong></span> <span class='ocrx_word' id='word_1_539' title='bbox 1501 5072 1575 5123; x_wconf 89' lang='lat' dir='ltr'><strong>certe</strong></span> <span class='ocrx_word' id='word_1_540' title='bbox 1587 5063 1695 5120; x_wconf 88' lang='lat' dir='ltr'><strong>iaiiacia</strong></span> 
     </span>
     <span class='ocr_line' id='line_1_54' title="bbox 324 5139 1694 5227; baseline -0.005 -18"><span class='ocrx_word' id='word_1_541' title='bbox 324 5158 379 5209; x_wconf 88' lang='lat' dir='ltr'><strong>est</strong></span> <span class='ocrx_word' id='word_1_542' title='bbox 398 5150 485 5225; x_wconf 86' lang='lat' dir='ltr'><strong>talis,</strong></span> <span class='ocrx_word' id='word_1_543' title='bbox 513 5166 546 5209; x_wconf 86' lang='lat' dir='ltr'><strong>ao</strong></span> <span class='ocrx_word' id='word_1_544' title='bbox 562 5152 588 5209; x_wconf 91' lang='lat' dir='ltr'><strong>si</strong></span> <span class='ocrx_word' id='word_1_545' title='bbox 605 5151 666 5227; x_wconf 87' lang='lat' dir='ltr'><strong>quis</strong></span> <span class='ocrx_word' id='word_1_546' title='bbox 684 5150 801 5225; x_wconf 88' lang='lat' dir='ltr'><strong>diceret,</strong></span> <span class='ocrx_word' id='word_1_547' title='bbox 820 5152 935 5212; x_wconf 87' lang='lat' dir='ltr'><strong>Latinos</strong></span> <span class='ocrx_word' id='word_1_548' title='bbox 954 5168 1020 5216; x_wconf 84' lang='lat' dir='ltr'><strong>nou</strong></span> <span class='ocrx_word' id='word_1_549' title='bbox 1035 5150 1108 5211; x_wconf 87' lang='lat' dir='ltr'><strong>ultra</strong></span> <span class='ocrx_word' id='word_1_550' title='bbox 1125 5148 1156 5205; x_wconf 84' lang='lat' dir='ltr'><strong>bi</strong></span> <span class='ocrx_word' id='word_1_551' title='bbox 1173 5162 1330 5218; x_wconf 89' lang='lat' dir='ltr'><strong>numerare,</strong></span> <span class='ocrx_word' id='word_1_552' title='bbox 1356 5147 1421 5221; x_wconf 89' lang='lat' dir='ltr'><strong>qnia</strong></span> <span class='ocrx_word' id='word_1_553' title='bbox 1437 5139 1587 5221; x_wconf 87' lang='lat' dir='ltr'><strong>posthanc</strong></span> <span class='ocrx_word' id='word_1_554' title='bbox 1603 5149 1694 5203; x_wconf 81' lang='lat' dir='ltr'><strong>notan</strong></span> 
     </span>
    </p>
   </div>
   <div class='ocr_carea' id='block_1_12' title="bbox 0 0 2238 6192">
    <p class='ocr_par' dir='ltr' id='par_1_17' title="bbox 0 0 2238 6192">
     <span class='ocr_line' id='line_1_55' title="bbox 0 0 2238 6192; baseline 0 6"><span class='ocrx_word' id='word_1_555' title='bbox 0 0 2238 6192; x_wconf 95' lang='lat' dir='ltr'><strong> </strong></span> 
     </span>
    </p>
   </div>
  </div>
 </body>
</html>
