4467 6192
887 628 971 703 moer
986 632 1034 701 tv.
1055 632 1197 714 capnon.
1651 649 1715 717 ιιι

361 830 408 881 est
432 818 524 898 inque
547 823 695 883 creatione
717 826 869 901 expressit,
897 832 1039 901 utsupra
1062 823 1189 899 dictum,
1211 832 1277 897 aut,
1302 822 1379 901 quod
1403 823 1507 887 eodem
1529 826 1618 901 redit,
1642 822 1733 889 aile-'

359 910 441 987 gabo
467 911 689 987 cognationem,
714 929 779 988 cap.
807 914 834 969 i.
856 918 981 985 tactam,
1004 914 1167 974 animarum
1189 912 1307 986 harum,
1332 915 1420 973 etiam
1443 914 1626 989 inferiorum,
1650 933 1716 977 cum

359 996 481 1071 circulo,
504 995 543 1057 ad
566 1014 653 1074 quem
690 998 771 1058 velut
791 997 829 1059 ad
851 1015 982 1057 normam
1004 999 1160 1087 legemque
1193 1002 1372 1076 compositae
1395 1012 1424 1059 et
1441 1002 1639 1063 conformatae
1654 1006 1714 1065 sint

358 1102 488 1159 cnmqne
514 1087 579 1161 ipso
612 1084 721 1144 circulo
753 1086 875 1161 ejusque
909 1074 1192 1151 deruonstrabilitats
1229 1087 1323 1147 ideam
1364 1090 1452 1147 etiam
1490 1093 1709 1167 proportionum

359 1172 599 1251 harmonicarum
635 1172 701 1231 inde
731 1172 954 1251 dependentium
984 1174 1139 1233 induerint.
1189 1172 1286 1233 Valde
1324 1176 1401 1233 enim
1436 1176 1608 1237 confirmant
1636 1178 1713 1241 hanc

358 1233 582 1337 philosophiam
604 1276 736 1335 geneses,
759 1278 825 1320 cum
847 1260 1016 1336 videamus,
1038 1262 1236 1323 characterem
1258 1261 1452 1321 confluentiae
1473 1264 1623 1327 radiorum
1645 1283 1716 1327 coe·

359 1346 481 1406 leatinm
509 1345 548 1406 ad
575 1345 654 1407 idem
682 1358 840 1427 punctum,
869 1348 951 1408 velut
977 1365 1014 1411 ex
1035 1350 1145 1411 circuio
1169 1353 1330 1423 communi,
1359 1349 1484 1469 imprimi
1514 1354 1544 1409 in
1567 1356 1715 1415 nascentis

358 1436 510 1510 animum3
533 1434 569 1494 de
592 1450 652 1510 qno
673 1435 749 1494 inira
771 1453 834 1513 cap.
860 1438 889 1495 i.
911 1435 1005 1513 plura.

448 1522 541 1581 Porro
563 1521 678 1594 media,
710 1524 817 1603 quibus
839 1532 961 1583 utuntur
990 1525 1065 1584 istae
1086 1520 1242 1585 facultates
1265 1524 1380 1583 animae
1412 1522 1562 1585 inferiores
1585 1526 1622 1585 ad
1646 1538 1715 1607 pct-

360 1608 517 1685 cipiendas
539 1608 707 1670 harmunias
729 1619 929 1685 extemomm,
951 1619 1021 1669 sunt
1042 1609 1162 1684 eadem,
1187 1610 1294 1685 quibus
1316 1622 1348 1669 et
1368 1614 1518 1669 externa
1510 1629 1575 1688 rpsa
1599 1614 1715 1689 obiecta
1810 1606 1813 1621 '

360 1698 521 1756 introrsum
544 1699 695 1775 recipiunt.
739 1697 772 1758 Si
793 1696 914 1758 sensilia
936 1706 1012 1771 arunt,
1035 1700 1171 1757 sensibus
1193 1700 1281 1758 etism
1296 1684 1503 1773 percipiuntur,
1527 1700 1714 1793 facultatibus

360 1800 405 1843 sc.
429 1786 547 1844 animae
569 1801 673 1844 sensus
695 1785 934 1860 informantibus,
965 1803 1041 1862 quae
1070 1793 1101 1845 et
1123 1788 1188 1861 ipsa
1215 1801 1273 1843 uon
1296 1786 1392 1846 minus
1421 1801 1509 1860 quam
1531 1790 1692 1864 superior
1684 1786 1713 1849 ιιι

360 1874 584 1948 comparatione
606 1881 759 1931 versantur
781 1890 877 1931 rerum
899 1880 1059 1946 certarum,
1089 1872 1142 1933 sed
1164 1870 1195 1929 id
1217 1874 1372 1945 instinctu,
1395 1888 1454 1931 non
1477 1870 1619 1935 discursu.
1665 1876 1714 1939 Sic

358 1958 430 2017 soni
453 1958 556 2021 auditu
581 1961 666 2035 eique
687 1960 837 2036 praelecta
863 1968 1010 2038 potestate
1032 1966 1228 2019 consonantes
1258 1958 1460 2019 discernuntur
1490 1979 1509 2019 a
1534 1960 1714 2024 dissonanti·

358 2045 430 2115 hoa,
451 2048 496 2107 nic
516 2049 721 2123 proportiones
743 2047 988 2107 architectonicae
1011 2047 1104 2109 oculis
1126 2048 1325 2125 percipiuntur
1347 2054 1377 2106 et
1391 2046 1529 2107 facultate
1552 2048 1613 2122 illa,
1637 2068 1713 2127 quas

360 2135 441 2191 ιιιιιι
471 2142 517 2192 eat
544 2134 706 2213 praelecta,
736 2134 876 2213 pulchrae
904 2142 934 2197 ct
965 2151 1113 2211 congruae
1144 2135 1182 2192 ab
1209 2136 1375 2212 incongruis
1403 2132 1614 2197 discernuntur.
1660 2138 1713 2199 Sin

359 2228 463 2279 autem
486 2238 531 2281 res
553 2224 652 2298 ipsae,
674 2223 705 2279 in
727 2220 834 2297 quibus
857 2228 902 2282 est
922 2222 1199 2295 earnemcarnem,
1230 2221 1353 2281 sensiles
1375 2236 1433 2279 non
1457 2230 1542 2295 sunt,
1563 2221 1617 2283 ssd
1638 2225 1713 2287 iorte

358 2306 425 2367 alia
446 2306 587 2371 facultate
609 2309 833 2387 perceptibiles.
862 2308 965 2370 eadem
987 2318 1018 2369 et
1038 2312 1120 2385 ipsae
1142 2310 1346 2385 proportiones
1375 2324 1470 2369 rernm
1492 2312 1521 2368 iu
1544 2313 1644 2373 anima
1664 2330 1712 2373 re·

355 2392 477 2468 lucent,
507 2398 550 2455 uti
581 2403 781 2472 comparatum
808 2404 854 2457 est
882 2413 949 2455 cum
975 2396 1213 2473 proportionibus
1241 2392 1388 2455 radiorum
1418 2395 1601 2473 sideralium,
1635 2418 1713 2476 quae

357 2481 509 2557 quomodo
532 2483 571 2543 ab
592 2490 690 2557 anima
711 2484 863 2543 sublunari
885 2486 1090 2563 percipiantur,
1113 2484 1187 2542 inira
1210 2484 1305 2559 capite
1322 2487 1350 2543 i.
1374 2481 1576 2559 disquiremus.

447 2568 501 2628 Est
522 2578 621 2631 tannen
643 2570 750 2631 obtusa
772 2580 802 2631 et
824 2572 949 2631 obscuro
970 2571 1042 2631 haec
1065 2571 1279 2629 harmoninmm
1298 2572 1446 2649 perceptio
1469 2573 1498 2629 in
1519 2573 1709 2639 facultatibus

355 2658 477 2721 animae
498 2650 683 2726 interioribus
706 2666 735 2717 et
748 2657 974 2733 quodammodo
996 2658 1155 2718 materialis
1177 2650 1207 2717 et
1228 2658 1284 2717 sub
1303 2657 1381 2717 nube
1404 2660 1490 2734 quasi
1512 2661 1709 2738 ignorantiam

356 2760 416 2802 nec
440 2745 518 2802 enim
539 2747 635 2803 sciunt
657 2763 689 2804 se
711 2747 875 2823 percipere,
907 2754 941 2805 nt
962 2762 1028 2807 cnm
1058 2744 1191 2806 videntes
1219 2744 1331 2820 aliquid
1361 2760 1420 2803 non
1455 2754 1551 2806 tamen
1575 2749 1712 2811 animad-

355 2832 520 2905 verumne,
549 2848 604 2891 nos
626 2831 657 2889 id
679 2833 789 2893 videre.
833 2831 923 2893 'Pales
949 2843 1018 2893 sunt
1046 2840 1143 2893 motus
1165 2831 1209 2890 ilii
1238 2840 1267 2891 st
1288 2848 1429 2909 pavores,
1460 2849 1479 2892 a
1501 2832 1608 2897 Stoicis
1631 2836 1712 2896 cels-

353 2917 443 2991 brari,
468 2919 619 2978 naturales
641 2919 704 2979 sine
728 2919 850 2981 consilio
865 2929 1038 2997 praeterque
1054 2912 1245 2993 voluntatem,
1269 2918 1338 2978 talis
1351 2922 1440 2993 etiam
1454 2920 1575 2981 allectus
1591 2923 1649 3005 odii
1665 2924 1712 2987 vel

354 3006 468 3065 amoris
483 3006 633 3080 naturalis,
648 3009 722 3067 miro
738 3009 903 3084 cumprimis
918 3008 1047 3082 ingenio,
1068 3009 1119 3083 qui
1134 3006 1327 3080 membrorum
1342 3022 1510 3065 commensu
1526 3013 1668 3086 vocisque
1683 3018 1714 3072 et

354 3096 582 3168 temperamenti
605 3092 798 3169 qualitatibus
821 3095 983 3155 honitatem
1006 3094 1054 3153 vel
1075 3093 1295 3153 similitudinem
1318 3096 1613 3165 aestimansauimae
1635 3095 1713 3159 alte-

353 3181 419 3239 rins
448 3197 515 3239 cunr
536 3198 604 3253 sua,
634 3180 754 3243 mirifice
782 3185 812 3241 in
841 3182 924 3242 illam
952 3182 1124 3242 exardescit.
1170 3182 1260 3241 Amat
1281 3182 1369 3256 igitur
1398 3182 1519 3239 insanus
1542 3182 1713 3245 adolescens

354 3264 491 3343 puellam
501 3312 512 3348 ‚
533 3284 588 3327 nec
609 3271 666 3327 ecit
687 3285 750 3341 cur,
781 3278 833 3328 aut
855 3268 936 3345 quid.
949 3271 978 3332 in
1002 3286 1038 3342 ea
1058 3270 1246 3345 potissimum
1269 3276 1361 3340 amat,
1387 3267 1465 3344 qnod
1489 3271 1515 3331 ei
1529 3286 1597 3339 non
1618 3274 1714 3347 possit

354 3361 515 3432 praestare
536 3358 661 3431 qnaeris
683 3356 776 3417 ohvia
796 3359 947 3430 meretrix,
970 3359 996 3415 si
1018 3355 1190 3416 inhonestus
1211 3372 1310 3428 amor,
1335 3364 1388 3415 aut
1408 3370 1601 3433 quaeeunque
1623 3359 1713 3419 nulri-

355 3442 396 3499 lia
420 3442 540 3520 puella,
570 3444 596 3501 si
619 3442 777 3519 legitimus.
822 3444 863 3503 At
884 3443 1146 3523 physiognomicus
1168 3444 1376 3521 superveniens
1404 3444 1516 3503 invenit
1538 3445 1566 3503 in
1589 3454 1713 3523 rruaqns

358 3545 493 3604 persons
514 3528 734 3589 similitudinem
756 3529 884 3605 aliquam
908 3548 1037 3606 mornm;
1057 3531 1109 3606 'qui
1126 3532 1150 3587 si
1167 3531 1281 3603 vitiosi,¹
1300 3528 1402 3605 litigiis
1416 3533 1565 3606 perpetuis
1587 3534 1616 3591 in
1639 3551 1713 3595 con·

352 3616 445 3691 jugie
476 3617 620 3692 praebent
638 3619 848 3694 occasionem,
880 3620 905 3677 ai
933 3619 1018 3691 boni,
1047 3615 1252 3693 tranquillitati
1280 3620 1369 3677 vitae.
1414 3616 1557 3694 Adeoque
1584 3620 1642 3679 huc
1664 3637 1712 3681 re·

355 3702 500 3763 ierondns
523 3712 568 3764 eat
589 3706 744 3779 universus
766 3708 920 3765 instinctus
941 3705 1210 3783 physiognomicna
1233 3705 1283 3779 qui
1306 3707 1442 3779 quamvis
1465 3714 1563 3767 mutus
1581 3716 1615 3767 et
1636 3725 1713 3785 quo·

356 3789 522 3849 dammodo
545 3791 647 3851 brutus
670 3794 802 3867 (minime
826 3808 896 3855 vero
920 3803 981 3853 arte
1005 3798 1204 3870 comparatus,
1234 3793 1288 3851 etsi
1311 3808 1363 3867 per
1385 3808 1451 3851 eam
1474 3793 1568 3853 excoli
1590 3797 1712 3871 potest),

355 3894 459 3935 rerum
481 3885 581 3937 tamen
604 3878 796 3939 humanarum
818 3872 971 3957 interpres¹
989 3887 1018 3939 et
1040 3881 1148 3939 arbiter
1170 3886 1216 3937 est
1238 3880 1349 3938 unicus.
1394 3878 1521 3957 Tantum
1545 3883 1620 3941 euim
1644 3884 1712 3957 qui·

353 3963 434 4023 libet
457 3968 658 4043 prosperitatis
681 3960 868 4047 (naturaliter
889 3963 1053 4048 loquendo)
1086 3967 1212 4037 obtinet,
1244 3975 1385 4042 quantum
1411 3967 1475 4043 ejus
1497 3967 1603 4047 iacies,
1630 3985 1713 4027 com-

356 4068 483 4110 mensus
515 4055 658 4131 corporis,
697 4057 828 4113 incessus
858 4062 1014 4130 motusque
1046 4054 1241 4113 membrorum
1274 4052 1384 4111 arridet
1411 4070 1506 4115 rernm
1533 4057 1712 4131 potientibus

354 4148 565 4215 quantumque
588 4142 624 4199 iis
645 4142 762 4216 irrepit,
793 4141 875 4201 nullo
899 4144 986 4201 etiarn
1012 4158 1103 4217 anper
1124 4156 1160 4200 aa
1181 4156 1213 4198 re
1241 4139 1363 4198 consilio
1385 4143 1462 4215 usis,
1493 4140 1585 4201 veluti
1607 4142 1712 4216 latens,

355 4236 392 4285 ut
418 4242 510 4303 saepe
533 4233 684 4303 testentur,
708 4246 740 4288 ae
762 4246 860 4288 amare
884 4228 932 4289 vel
955 4228 1052 4288 odisse
1074 4230 1256 4303 quempiam,
1284 4228 1446 4287 nescientes
1469 4228 1507 4286 oh
1530 4246 1618 4304 quam
1640 4246 1713 4289 cau·

352 4330 433 4372 sam.
480 4312 562 4372 Talis
584 4316 704 4390 inquam
735 4323 780 4374 est
802 4318 833 4374 ln
855 4319 970 4376 animae
992 4314 1181 4374 facultatibus
1203 4314 1386 4374 interioribus
1413 4332 1517 4374 sensns
1544 4317 1712 4393 proportio-

353 4418 430 4459 num
453 4402 518 4459 sine
540 4419 637 4461 aenou.
683 4400 768 4461 Adeo
790 4420 885 4479 neque
909 4402 1092 4479 distinguunt
1113 4403 1330 4479 proportionem
1362 4420 1381 4461 a
1407 4403 1536 4461 terminis
1564 4420 1616 4463 seu
1639 4402 1712 4461 sub·

346 4487 436 4563 jecto
460 4504 515 4547 suo
537 4487 583 4568 (ut
605 4505 670 4547 cnm
693 4488 796 4549 andita
815 4491 946 4567 jucunda
969 4490 1116 4550 cantilena
1137 4497 1252 4565 praeter
1274 4504 1362 4548 sonos
1388 4490 1468 4567 ipsos
1491 4487 1563 4546 nihil
1586 4488 1623 4548 de
1638 4492 1711 4548 arti-

350 4574 426 4635 noro
440 4575 515 4651 ipso
538 4574 713 4656 cogitamus)
739 4594 795 4637 noc
815 4576 903 4654 plane
925 4576 1109 4653 distinguunt
1131 4578 1206 4635 inter
1227 4594 1259 4636 ee
1282 4576 1413 4636 diversas
1434 4575 1617 4651 harmoniam
1643 4584 1712 4636 tan·

351 4670 422 4723 tum
444 4679 474 4720 n.
498 4660 579 4737 qnod
593 4665 661 4737 sint,
684 4664 931 4739 animadvernant,
954 4666 1024 4741 quid
1040 4664 1087 4723 vel
1103 4680 1192 4739 qnam
1209 4665 1308 4723 variae
1323 4664 1390 4733 siut,
1414 4664 1555 4723 nesciunt.
1595 4662 1711 4741 Quippe

350 4750 442 4826 ipsae
466 4751 554 4809 edam
576 4748 662 4810 ideae
685 4751 915 4825 harmoniarum,
943 4770 1018 4829 quas
1040 4752 1098 4811 hae
1120 4750 1271 4809 interiores
1293 4751 1409 4809 animae
1435 4748 1590 4819 facultates
1612 4767 1711 4811 secum

349 4836 470 4895 habent
490 4838 581 4911 tutos,
601 4854 664 4897 non
687 4838 774 4916 plane
796 4856 885 4918 purae
900 4842 973 4918 ipsis
987 4847 1056 4899 sunt
1071 4839 1235 4906 instinctas,
1258 4836 1309 4897 sed
1331 4852 1398 4894 cum
1420 4833 1579 4899 involucris
1600 4838 1710 4915 speciei

351 4923 530 4999 nehmiae,
564 4923 628 5000 ojus
649 4942 691 4990 tc·
722 4944 799 5003 quae
821 4927 964 5004 cujusque
987 4924 1135 4986 iacultatis
1158 4924 1196 4981 sit
1217 4922 1376 4997 obiectum.
1420 4922 1564 4989 Nimirum
1585 4924 1711 4989 incultae

350 5010 477 5075 auditne
499 5009 545 5091 (nt
570 5012 704 5089 exemplo
731 5030 871 5075 sonorum
900 5011 1141 5075 concordantium
1170 5016 1285 5071 ummur
1314 5010 1380 5071 loco
1409 5009 1563 5091 omnium),
1595 5012 1711 5091 corpori

406 5120 635 5172 muscosa-v.
1516 5115 1555 5175 to
