4467 6192
535 690 578 758 t't
917 659 1059 769 ilpistolse
1077 698 1187 770 nestori
1204 670 1373 768 su'orsmque
1388 704 1497 756 mutate

538 883 651 938 tantnm
674 877 807 942 flectione
829 884 938 952 mutua,
961 877 1013 940 sed
1028 877 1108 939 ¹illud
1130 895 1183 956 pro
1205 876 1358 952 distantiis,
1381 879 1438 940 boo
1458 879 1712 958 proincllnstiouo
1725 876 1882 957 malcum.

536 964 621 1025 Idem
645 965 769 1026 lacerem
791 982 910 1026 exorsus
932 987 951 1027 a
973 965 1202 1044 Transsylrania
1222 983 1274 1043 per
1295 963 1470 1043 Unguriam,
1501 968 1593 1045 Alpes
1615 967 1742 1046 styriae,
1765 965 1884 1027 Halae·

542 1053 621 1126 tiam,
644 1053 865 1127 Petemondam,
889 1052 1014 1127 Gallias,
1036 1053 1219 1131 Pyrenaeum
1242 1071 1333 1129 usque
1349 1054 1585 1132 compostellam.
1630 1055 1665 1114 ln
1687 1062 1769 1115 muto
1792 1055 1883 1131 igitur

541 1141 637 1217 spatio
659 1139 744 1200 lacile
766 1147 878 1218 pateret
899 1143 1017 1200 veritas.
1063 1140 1118 1200 Vel
1142 1142 1216 1199 irent
1238 1139 1296 1200 (luo
1318 1141 1413 1215 simul,
1435 1159 1548 1219 semper
1569 1144 1666 1220 spatio
1683 1143 1711 1213 5,
1735 1143 1765 1214 6,
1790 1144 1807 1199 i
1832 1140 1883 1200 vel

546 1229 585 1288 10
609 1224 774 1288 milliarium
799 1227 956 1299 distantes,
978 1229 1029 1304 qui
1050 1228 1186 1287 noctibus
1208 1243 1260 1303 per
1282 1230 1477 1290 internuncios
1498 1233 1682 1302 constitutos,
1704 1229 1884 1289 ementium
1941 1291 1948 1309 ‚

539 1314 698 1375 verticibus
719 1314 837 1391 ignibus
859 1317 990 1375 excitatis
1012 1317 1148 1388 invicem,
1170 1317 1256 1389 signa
1277 1315 1387 1376 darent
1423 1316 1490 1377 Hoc
1508 1318 1549 1377 ibi
1564 1319 1698 1389 maxime,
1722 1317 1773 1376 ubi
1794 1331 1884 1375 mon-

541 1409 598 1474 tes,
628 1402 678 1478 qni
701 1401 774 1462 adiri
795 1409 932 1480 possunt,
959 1402 1138 1462 horizontem
1160 1418 1218 1461 non
1241 1405 1405 1466 terminant.
1449 1404 1482 1463 In
1504 1404 1561 1464 bac
1581 1406 1722 1464 mactate
1757 1402 1883 1462 duorum

542 1496 571 1550 et
593 1488 650 1548 hoc
671 1491 778 1550 inesset
800 1489 961 1563 commodi,
990 1489 1067 1566 qnod
1091 1491 1120 1546 in
1143 1487 1236 1548 reditu
1260 1493 1358 1551 omnia
1380 1491 1527 1551 emendari
1547 1498 1667 1568 possem
1688 1499 1720 1552 et
1741 1490 1884 1565 ambigua

541 1575 656 1636 discuti.
700 1575 857 1652 Splendida
889 1594 935 1638 me
969 1575 1091 1636 tabulari
1121 1576 1255 1652 putabis;
1287 1583 1317 1638 at
1348 1594 1403 1655 ego
1432 1579 1461 1638 in
1491 1577 1588 1656 Styrin
1620 1578 1676 1638 leci
1705 1577 1883 1654 periomm:

541 1662 660 1724 ascendi
683 1666 760 1725 enirn
783 1662 856 1723 duos
879 1671 991 1724 montes
1014 1671 1043 1722 et
1066 1670 1219 1739 utrumque
1241 1681 1277 1723 ex
1297 1664 1390 1726 altero
1413 1664 1538 1741 libravi;
1559 1666 1658 1726 inveni
1681 1666 1885 1725 curvationum

541 1749 621 1828 globi
645 1754 750 1812 terreni
775 1753 813 1812 19
837 1752 1021 1822 minutorum,
1044 1749 1229 1810 intervallum
1251 1753 1459 1814 aestimabatur
1476 1754 1494 1811 5
1510 1752 1685 1815 milliarium.
1721 1750 1788 1812 Hoc
1811 1767 1885 1812 vero

541 1853 599 1898 non
621 1855 685 1897 sum
708 1854 827 1900 mensus
849 1838 1046 1899 instrumentis
1070 1839 1210 1911 οἰοοῐίἰο,Υ
1228 1845 1262 1897 ut
1282 1841 1459 1915 potuissem,
1490 1839 1569 1919 quod
1590 1837 1686 1900 tolum
1708 1838 1791 1898 deest
1813 1854 1885 1915 por·

541 1923 659 1986 lectioni
682 1924 817 2000 exempli.

635 2010 821 2156 ῗοὴοοίἰοιη
844 2013 992 2072 existimas
1014 2014 1188 2072 senteutiam
1203 2012 1327 2074 'l'boveti
1350 2029 1386 2073 ex
1401 2030 1446 2085 eo,
1470 2012 1548 2091 quod
1565 2030 1686 2089 magum
1708 2013 1785 2072 omni
1799 2019 1886 2089 parte

540 2091 586 2158 s'ni
608 2115 642 2158 so
655 2106 703 2161 ent
724 2100 853 2162 imbuere
869 2099 983 2158 lerrum.
1021 2101 1118 2176 Atque
1141 2099 1198 2159 hoc
1210 2099 1283 2158 nihil
1298 2099 1407 2160 iudicat
1429 2100 1465 2160 (le
1486 2101 1579 2176 ligura
1598 2117 1653 2160 scu
1666 2100 1812 2176 magnetis
1827 2115 1886 2159 seu

540 2185 662 2260 Terrae,
685 2185 737 2250 sed
760 2193 871 2246 tantum
894 2185 931 2246 de
953 2193 1057 2247 natura
1080 2187 1203 2262 virtutis,
1227 2204 1303 2263 qnae
1325 2186 1424 2264 polum
1443 2189 1530 2264 petit;
1552 2186 1630 2266 quod
1644 2186 1758 2248 scilicet
1778 2183 1832 2246 illa
1853 2186 1885 2246 in

546 2280 657 2334 rectam
678 2274 841 2351 porrigatur
863 2273 1000 2351 quodque
1023 2276 1060 2334 sit
1082 2289 1149 2333 cum
1171 2290 1290 2351 corpore
1305 2276 1450 2351 rusgnetis
1466 2273 1633 2354 divisibilis,
1654 2276 1697 2336 sic
1712 2283 1746 2334 ut
1766 2275 1797 2334 in
1820 2275 1886 2332 sin-

628 2447 675 2507 De
697 2447 857 2509 audianum
878 2464 1012 2521 numero,
1045 2465 1121 2525 quac
1144 2450 1194 2505 uni
1215 2448 1318 2525 gradm
1341 2448 1460 2510 coelesti
1482 2454 1665 2524 competunt,
1693 2463 1766 2506 saue
1787 2447 1886 2505 incer-

542 2539 604 2592 tum
626 2543 707 2612 puto.
753 2535 827 2596 Nam
850 2553 906 2595 non
930 2534 1023 2596 solum
1046 2536 1082 2596 de
1104 2534 1191 2593 stadii
1214 2538 1377 2612 quantitate
1399 2535 1572 2595 dissentiunt
1594 2541 1797 2607 veneramen
1821 2531 1886 2592 (lis-

542 2623 649 2682 seutire
671 2639 790 2684 namsae
813 2632 866 2696 est,
890 2639 955 2682 cum
977 2622 1059 2700 pedis
1081 2639 1218 2683 mensura
1239 2640 1297 2684 non
1319 2623 1406 2682 iurent
1428 2639 1494 2695 uua,
1517 2621 1569 2682 ssu
1591 2623 1679 2682 etiam
1700 2619 1814 2680 lubrica
1836 2635 1884 2678 res

543 2715 603 2781 cst,
633 2708 822 2771 determinare
852 2727 941 2769 unum
968 2709 1090 2787 gradum
1120 2709 1246 2770 coeleste
1274 2714 1302 2768 in
1326 2710 1429 2786 'lena3
1460 2726 1575 2785 semper
1601 2707 1678 2770 anim
1706 2706 1743 2768 (le
1771 2705 1886 2783 aliquot

542 2797 661 2856 minutis
684 2796 841 2872 dubitatur,
865 2814 940 2874 quaa
962 2797 1071 2874 negligi
1093 2813 1152 2856 nou
1174 2796 1321 2871 deberent,
1344 2797 1469 2874 denique
1490 2798 1516 2856 si
1531 2797 1656 2857 maxime
1672 2796 1802 2854 sciantur
1825 2792 1884 2853 duo

542 2881 608 2943 loca
630 2883 751 2958 Terrae,
775 2887 805 2942 in
829 2887 934 2964 quibus
957 2895 1002 2945 est
1023 2883 1185 2946 differentia
1206 2887 1292 2946 unius
1313 2883 1421 2960 gradus
1442 2883 1583 2961 praecise,
1606 2885 1634 2942 in
1657 2883 1885 2958 septentrionem

542 2975 719 3032 tamennon
742 2971 827 3034 laoila
850 2974 943 3033 metiri
965 2989 1121 3048 possumus
1143 2971 1224 3032 illum
1245 2972 1352 3033 'ferrae
1374 2980 1506 3043 tractum,
1529 2987 1644 3046 semper
1665 2971 1742 3030 cuim
1764 2969 1887 3028 obstant

542 3065 596 3120 aut
621 3059 754 3132 flumina,
778 3067 830 3120 aut
856 3067 984 3133 montes,
1007 3059 1116 3133 silvae,
1139 3058 1282 3136 paludes‚.
1300 3061 1363 3137 agni
1386 3058 1456 3119 culti
1479 3066 1532 3120 etc.
1578 3056 1676 3118 Refert
1699 3055 1886 3115 Christman·

480 3145 482 3150 '
542 3161 597 3206 uus
620 3149 825 3208 commentario
848 3165 935 3224 super
950 3147 1140 3224 Allraganum
1162 3143 1235 3229 (nisi
1257 3147 1330 3210 lorte
1351 3148 1415 3222 ipsa
1429 3145 1616 3221 Aliraganns,
1638 3144 1711 3205 liber
1725 3145 1802 3203 enim
1825 3159 1886 3202 uon

543 3242 588 3293 est
619 3232 657 3294 ad
688 3229 807 3316 manus)
831 3235 945 3297 Arabas
976 3251 1092 3312 quoque
1115 3233 1334 3296 Baldachcuses
1360 3235 1415 3293 snb
1441 3250 1510 3310 rega
1532 3231 1680 3291 blaimoue
1707 3230 1777 3290 huic
1798 3246 1888 3291 curae

543 3321 724 3394 incubuisse,
746 3331 779 3383 ut
801 3324 986 3386 emundarent
1008 3323 1084 3382 bunc
1105 3321 1267 3384 stadiorum
1289 3324 1317 3380 iu
1341 3337 1399 3380 uno
1420 3318 1512 3396 gradu
1535 3335 1696 3378 riumerum

628 3406 761 3486 Rogatus
782 3411 844 3486 ipse
867 3419 934 3472 ante
956 3409 1104 3470 biennium
1118 3413 1157 3472 ab
1172 3408 1304 3472 Electore
1319 3408 1494 3480 Coloniensi,
1517 3408 1559 3464 sio
1580 3404 1724 3484 respondi,
1748 3412 1780 3464 ut
1794 3402 1888 3480 paulo

540 3496 637 3575 priua3
660 3493 696 3556 (le
718 3496 809 3559 Terra
831 3497 966 3560 videlicet
987 3499 1133 3559 metienda
1155 3497 1218 3557 sine
1240 3498 1347 3556 iutuitu
1370 3493 1443 3556 coeli
1458 3512 1493 3555 ex
1510 3492 1632 3554 duorum
1646 3492 1776 3552 locorum
1792 3490 1888 3550 libra·

543 3585 624 3644 tione
646 3591 754 3644 mutua.
801 3584 838 3644 Et
859 3575 983 3662 subjecit
1006 3587 1068 3662 ipse
1093 3583 1314 3646 commoditates
1337 3582 1483 3655 locorum,
1512 3583 1538 3640 si
1561 3581 1635 3640 bene
1656 3580 1790 3651 memini,
1817 3577 1891 3638 llo·

543 3670 680 3730 uaohinm
703 3679 732 3730 ot
754 3671 936 3746 Freisingum
959 3671 1135 3748 appellavit,
1160 3688 1283 3749 quorum
1305 3670 1436 3732 locorum
1457 3686 1494 3729 ex
1516 3667 1609 3728 altero
1635 3668 1666 3724 iu
1688 3665 1810 3726 alterum
1831 3682 1892 3742 pa·

544 3764 607 3818 teat
628 3765 797 3834 prospectus
820 3775 837 3818 e
858 3759 991 3821 fenestris
1013 3759 1197 3836 palatiorum.
1243 3757 1354 3836 Quodsi
1376 3755 1557 3831 iuterJ'ectum
1580 3751 1764 3813 intervallum
1786 3760 1892 3830 aptum

546 3852 590 3906 est
612 3841 651 3906 ad
673 3845 850 3908 metiendum
872 3848 946 3923 pede
969 3845 1101 3908 Romano
1125 3848 1263 3925 antiquo,
1289 3846 1372 3922 cujus
1394 3860 1528 3905 mansura
1550 3848 1595 3902 est
1617 3839 1693 3900 latus
1716 3841 1784 3900 cubi
1806 3856 1891 3900 com·

548 3938 715 4008 putatorum
731 3931 928 3995 Romanorum
951 3941 981 3996 et
1001 3932 1144 4010 liquorem
1158 3935 1308 3994 lunianum
1325 3935 1365 3992 96
1385 3931 1524 3992 librarum
1536 3927 1618 3991 Rern.
1641 3927 1798 4004 capientis:
1820 3935 1894 3985 tunc
1933 3967 1940 3980 .

519 4020 609 4098 ·ipse
630 4019 760 4095 manuleo
784 4020 998 4083 inclinationem
1019 4029 1151 4082 mutuam
1173 4019 1443 4098 perpendiculorum
1465 4016 1682 4076 Monaobiensis
1707 4021 1738 4074 et
1758 4015 1892 4076 Freisiu-

546 4108 645 4187 gensis
670 4117 770 4168 exacte
797 4110 981 4186 investigere.
1027 4109 1094 4170 Hoc
1115 4117 1204 4185 pacto
1226 4117 1256 4169 et
1277 4103 1498 4183 cosmographia
1524 4104 1610 4164 luerit
1631 4101 1734 4178 adjuta
1765 4113 1794 4162 et
1815 4103 1893 4161 ratio

547 4208 748 4256 mensurarum
762 4198 950 4274 perpetuitati
966 4205 1144 4268 consecrata,
1166 4194 1311 4272 siquidem
1331 4194 1431 4255 literae
1457 4191 1564 4252 luerint
1577 4198 1745 4268 perpetuae.
1792 4178 1893 4272 (Comp.

546 4291 593 4353 111,
610 4306 633 4356 p.
653 4286 722 4349 458.)
1108 4349 1111 4365 ‚

631 4370 676 4432 Aa
697 4371 754 4437 etsi
782 4387 848 4430 mea
870 4368 944 4430 nibil
966 4371 1093 4444 interest,
1117 4384 1206 4445 quam
1227 4370 1257 4428 in
1272 4365 1600 4444 plegamnergatliuea
1619 4371 1793 4424 consumens
1815 4358 1893 4422 duos

546 4461 644 4521 locos:
668 4465 766 4520 minan
788 4459 813 4518 si
836 4465 939 4534 postea
960 4475 1011 4534 por
1032 4457 1110 4518 buno
1134 4453 1252 4522 modum
1280 4455 1431 4532 explorare
1454 4453 1596 4518 vellemus
1625 4452 1766 4510 rationem
1789 4448 1893 4510 uiver-

547 4565 598 4610 saa
621 4547 771 4606 curvitatis
793 4544 933 4616 Telluris,
964 4544 1052 4620 idque
1075 4547 1151 4602 intra
1173 4559 1260 4616 unam
1282 4543 1446 4618 regionem,
1469 4545 1614 4618 oporteret
1635 4555 1706 4596 eane
1728 4535 1802 4596 duas
1825 4553 1893 4598 essa

549 4637 733 4711 operationes
756 4639 785 4692 et
807 4633 885 4692 linea
906 4631 995 4692 semel
1020 4633 1048 4688 in
1073 4638 1204 4690 austrum
1226 4627 1316 4691 semel
1340 4631 1368 4688 io
1392 4631 1531 4691 orientem
1554 4625 1673 4686 deberet
1693 4625 1811 4702 porrigi.

635 4719 693 4780 Sel
715 4719 827 4794 desino,
850 4735 1000 4794 nunquam
1023 4720 1101 4778 enim
1115 4718 1224 4794 ‘scripsi
1248 4716 1408 4792 longiorem
1424 4714 1586 4792 epistolam,
1609 4730 1697 4790 quam
1719 4729 1785 4770 cum
1807 4712 1894 4770 initio

547 4807 721 4870 Nouembris
752 4825 845 4868 essem
874 4823 1012 4879 exorsus,
1044 4808 1093 4864 vix
1122 4803 1224 4879 bodio,
1256 4808 1306 4864 tt.
1328 4803 1501 4864 Novembris
1527 4800 1606 4859 linio.
1650 4799 1713 4860 Nec
1735 4800 1895 4876 quicquam

548 4901 699 4974 praeterea
722 4893 803 4953 effeci
825 4897 854 4962 in
876 4893 989 4956 studiis.

636 4982 680 5042 Ex
708 4979 829 5042 aedibus
859 4983 928 5043 olim
951 4981 1144 5042 cramerianis
1171 4995 1187 5039 ο
1216 4979 1335 5054 regione
1362 4945 1547 5036 Jesuitarum¹
1572 4971 1610 5032 ad
1640 4979 1768 5050 pontem.
1816 4954 1895 5032 Nob.
1990 4968 1991 5017 ἰ

550 5069 630 5147 Mag.
654 5068 689 5129 T.
1459 5061 1686 5120 officiosissimus

1328 5151 1362 5214 J.
1386 5145 1532 5227 monor,
1554 5146 1785 5214 mathematicus.

1988 5076 1992 5111 i
