4467 6192
522 611 585 671 248
933 600 975 655 De
992 595 1257 667 Conligumtionibua
1277 598 1457 655 Harmoniois.

607 780 692 841 Haec
714 780 790 842 adeo
814 798 903 839 cansa
925 786 978 852 est,
1002 795 1052 838 cur
1074 762 1282 855 dodeoagonus
1304 781 1489 857 potissimum
1511 782 1614 855 gignat
1628 786 1780 857 aspectum
1795 779 1871 839 sali·

522 872 608 940 dum,
635 875 667 927 at
696 886 754 927 uon
781 871 883 945 gignat
913 868 1073 926 sectionem
1101 867 1315 943 harmonicam,
1347 868 1444 927 idest
1477 870 1698 927 consonantiam
1722 866 1871 944 triplicem,

522 960 592 1018 licet
613 958 718 1033 gignat
740 956 909 1032 simplicem.
952 953 1201 1013 Nam‘residuum
1227 958 1275 1028 il,
1300 954 1400 1015 ablata
1423 953 1604 1027 duodecima,
1628 954 1752 1031 impedit
1767 957 1873 1015 sectio-

522 1063 598 1112 nem,
612 1044 827 1115 harmonicam,
857 1060 916 1101 non
939 1040 1061 1118 impedit
1085 1040 1288 1101 efficacitatem
1310 1044 1403 1119 partis
1426 1042 1624 1103 duodecimae.
1670 1042 1729 1103 Sed
1760 1040 1798 1103 de
1821 1042 1873 1101 hoo

520 1135 584 1210 iam
605 1130 695 1209 paulo
718 1138 786 1208 post
807 1131 894 1208 plura
916 1129 1020 1188 dicam.

609 1218 685 1278 Nam
706 1225 740 1277 ut
762 1235 847 1290 vera,
878 1216 1087 1277 mathematica
1110 1224 1140 1276 et
1162 1216 1290 1277 causalis
1313 1218 1420 1275 existat
1448 1219 1627 1294 comparatio
1650 1215 1874 1277 concordantia·

522 1326 586 1367 rum
610 1323 681 1366 cum
698 1306 874 1383 aspectibus,
897 1305 985 1381 plane
1008 1303 1197 1379 evertendum
1221 1312 1266 1364 est
1288 1306 1421 1378 axioma,
1445 1306 1554 1383 quippe
1577 1303 1657 1381 quod
1680 1321 1738 1363 non
1762 1314 1876 1363 tantum

523 1404 570 1456 ost
590 1392 777 1466 insufficiens,
800 1392 852 1451 sed
875 1395 964 1453 etiam
987 1392 1102 1450 veritati
1126 1410 1142 1451 e
1166 1392 1307 1452 diametro
1323 1394 1507 1451 contrarium.
1552 1391 1659 1451 Nullus
1678 1394 1756 1451 enim
1772 1408 1876 1468 aspec-

524 1490 570 1541 tus
593 1482 709 1558 proprie
731 1478 888 1556 respondet
910 1479 964 1539 ulli
995 1478 1220 1540 concordantiae
1243 1482 1363 1561 minori,
1394 1487 1597 1555 praeterquam
1626 1481 1782 1555 oppositus
1806 1496 1877 1539 eon-

524 1568 691 1630 oordantiae
714 1567 867 1643 diapason,
890 1566 942 1626 sed
965 1564 1142 1642 respondent
1165 1568 1272 1644 singuli
1296 1567 1510 1627 concordandis
1534 1568 1707 1642 majoribus,
1731 1569 1877 1625 minorum

524 1658 630 1730 sociis,
653 1672 690 1714 ox
713 1657 789 1730 triga
811 1656 950 1713 sectionis
973 1654 1213 1729 uniuscujusque.
1257 1655 1398 1714 Nimirum
1424 1662 1560 1730 aspectus
1582 1653 1701 1735 quidem
1730 1654 1877 1713 definiun-

524 1752 570 1803 tur
592 1744 751 1818 augmentis
776 1741 876 1802 circuli
897 1740 1020 1812 iisdem,
1049 1743 1155 1816 quibus
1178 1748 1207 1801 et
1233 1743 1359 1817 maj0rcs
1382 1742 1632 1816 concordantiae„
1649 1744 1777 1801 minores
1808 1760 1877 1801 vero

525 1830 749 1891 concordantiae
772 1830 871 1889 circuli
894 1827 1026 1890 residuis.
1070 1828 1167 1887 Verbi.
1184 1846 1289 1901 eausa,
1324 1832 1456 1906 trigonus
1478 1838 1614 1906 aspectus
1638 1847 1696 1888 non
1718 1830 1878 1905 respondet

525 1917 748 1979 concordantiae
772 1916 925 1994 diapente,
954 1915 1006 1974 sed
1032 1914 1180 1993 'diapason
1211 1916 1414 1993 epidiapente3
1447 1917 1608 1994 quadratus
1636 1934 1694 1976 non
1717 1916 1879 1993 respondet

529 2006 724 2078 diatessaron,
755 2005 807 2063 sed
830 2004 1036 2080 disdiapason,
1059 2003 1191 2080 quintilis
1212 2022 1271 2063 non
1295 2008 1397 2064 tertias
1421 2004 1524 2076 durae,
1555 2004 1607 2064 sed
1636 2006 1819 2081 compositae
1844 2023 1878 2066 ex

523 2094 581 2154 hac
603 2102 633 2153 et
655 2110 692 2152 ex
715 2092 922 2168 disdiapason,
945 2089 1057 2149 sextilis
1078 2108 1137 2149 non
1161 2093 1262 2151 tertiae
1285 2088 1376 2164 molli,
1399 2092 1450 2151 sed
1469 2092 1656 2168 disdiapason
1673 2092 1877 2168 epidicpentat

526 2181 689 2257 biquintilis
712 2197 771 2239 uon
795 2188 896 2238 sextae
919 2178 1023 2250 durae,
1053 2186 1197 2255 utsupra
1219 2180 1425 2255 opinabamur,
1454 2180 1507 2239 scd
1528 2180 1707 2255 compositas
1730 2196 1768 2238 ex
1792 2183 1880 2239 tertia

526 2268 600 2328 dura
621 2275 650 2327 et
672 2286 708 2327 cx
732 2268 888 2342 diapason»,
912 2264 1088 2342 sesquadrus
1110 2283 1170 2325 non
1192 2274 1293 2326 sertae
1315 2265 1407 2341 molli,
1429 2266 1480 2327 sed
1504 2270 1684 2344 compositae
1706 2285 1742 2325 ex
1766 2265 1879 2327 diates-

526 2371 613 2416 saron
637 2363 666 2413 et
689 2373 724 2413 ex
748 2355 904 2429 diapason,
927 2363 959 2410 nt
981 2360 1064 2429 patet
1087 2352 1241 2414 arcadem
1256 2356 1392 2430 utrinqne
1406 2356 1595 2431 proportione
1610 2356 1702 2430 partis
1718 2352 1757 2412 ad
1773 2362 1877 2415 toturn.

613 2440 647 2499 Ia
669 2442 726 2501 hac
748 2444 836 2518 igitur
858 2440 1114 2516 correspondentia
1136 2442 1235 2501 nullus
1255 2450 1421 2501 occurreret
1437 2441 1502 2500 finis
1517 2449 1697 2519 aspectuum,
1721 2458 1789 2501 cum
1812 2461 1879 2502 ma-

525 2530 604 2607 jores
635 2530 859 2589 concordantiae
887 2528 1017 2587 infinitae
1048 2528 1125 2603 siut3
1156 2535 1187 2588 et
1216 2531 1266 2605 qui
1296 2528 1351 2590 bae
1373 2527 1438 2589 sola
1459 2547 1549 2589 eausa
1576 2532 1719 2599 nituntur,
1753 2546 1791 2588 ex
1823 2548 1881 2606 qua

527 2615 679 2676 stabiliant
700 2616 918 2694 semiquadrum
940 2621 1107 2692 aspectum,
1137 2618 1207 2691 quia
1228 2617 1363 2675 nimirum
1394 2615 1443 2676 illo
1473 2617 1629 2691 respondet
1651 2616 1881 2678 concordantias

527 2702 738 2780 triadiapaaon,
771 2706 986 2764 exeusationem
1017 2702 1129 2761 nnllam
1151 2703 1274 2777 habent,
1307 2706 1377 2780 quin
1400 2712 1429 2763 et
1456 2703 1579 2764 docilem
1602 2706 1744 2780 recipiant
1775 2712 1806 2763 et
1830 2708 1882 2763 tri·

528 2790 649 2851 docilem
673 2800 703 2850 et
724 2791 888 2868 vigintilem
911 2798 940 2849 et
961 2789 1102 2868 plurimos
1125 2790 1208 2863 alios,
1232 2808 1306 2865 quos
1320 2799 1418 2851 tamen
1433 2791 1584 2865 rejiciunt3
1607 2791 1788 2868 respondent
1805 2796 1883 2851 enirn

528 2878 609 2940 ethi
631 2880 692 2937 anis
715 2877 929 2938 concordantiis
951 2877 1122 2953 majoribus,
1144 2894 1220 2954 quae
1243 2880 1330 2938 toties
1353 2878 1538 2939 accumulant
1561 2896 1648 2940 unam
1673 2887 1813 2938 octavam
1836 2879 1883 2939 ul-

531 2967 631 3039 terius,
655 2969 771 3041 quotics
794 2966 900 3025 divisio
923 2965 1025 3023 circuli
1048 2964 1179 3040 duplicat
1200 2982 1353 3024 numerum
1374 2968 1550 3043 portionum.

615 3051 694 3128 Quid
724 3056 812 3131 igitur
844 3063 890 3112 est
919 3050 992 3111 illud
1003 3096 1015 3126 „
1033 3051 1112 3129 quod
1144 3059 1251 3112 metam
1280 3056 1362 3129 ponit
1392 3070 1512 3112 numero
1542 3054 1738 3129 aspectuum?
1773 3061 1804 3111 et
1833 3070 1884 3112 cur

528 3140 627 3201 nullus
649 3141 883 3217 semiquadratus
905 3139 954 3198 rel
977 3140 1081 3213 octilis,
1104 3138 1203 3198 nullus
1226 3140 1328 3199 docilis
1350 3140 1396 3199 vel
1421 3139 1574 3213 tridecilis,
1597 3142 1654 3198 nisi
1677 3148 1792 3199 tantum
1816 3150 1884 3217 post

529 3229 681 3305 principia,
704 3227 920 3289 introducitur?
943 3244 993 3287 cor
1015 3226 1193 3303 sesquadrus
1216 3230 1328 3287 musica
1343 3231 1516 3304 cognatione
1531 3227 1703 3287 nobilitatus
1726 3229 1777 3286 vei
1794 3232 1884 3287 omit·

530 3319 601 3375 titur
622 3315 671 3374 vel
693 3316 760 3376 vilis
783 3316 918 3388 babetur,
941 3315 1125 3386 seminemus,
1149 3316 1178 3373 in
1190 3318 1302 3375 musica
1324 3303 1502 3392 peregrinus,
1526 3332 1584 3374 non
1600 3317 1735 3374 inseritur
1759 3322 1884 3390 tantum,

529 3404 583 3464 sed
606 3410 635 3463 et
657 3404 732 3463 inter
753 3406 863 3480 primos
886 3401 1071 3461 ostentatur?
1095 3401 1193 3477 ·Quia
1215 3410 1281 3463 non‘
1296 3404 1408 3463 musica
1428 3404 1536 3463 format
1557 3412 1706 3479 aspectus,
1731 3402 1785 3462 sed
1810 3421 1885 3479 geo·

529 3492 634 3550 metria
656 3497 810 3567 utrumque
832 3507 941 3566 genus,
972 3490 1037 3547 aliis
1069 3496 1167 3548 tornen
1195 3488 1310 3566 legibus
1340 3488 1438 3562 illam,
1471 3490 1537 3550 aliis
1567 3492 1630 3551 hos.
1676 3490 1729 3549 Est
1750 3492 1834 3549 enim
1857 3500 1885 3550 et

530 3577 730 3637 harmonicum
759 3580 790 3635 in
811 3578 937 3650 musica,
968 3585 998 3636 et
1018 3575 1120 3636 efficax
1149 3578 1180 3634 in
1202 3579 1352 3648 meteorls,
1384 3577 1524 3653 quiequid
1546 3586 1591 3637 est
1623 3577 1756 3653 adgura
1781 3577 1884 3651 nobili,

531 3682 607 3742 quae
629 3664 789 3740 singularia
812 3665 912 3740 aliqua
933 3664 1024 3723 habet
1045 3665 1074 3721 in
1090 3668 1252 3740 geometria
1266 3664 1431 3742 privilegia.
1476 3663 1535 3724 Sed
1556 3674 1624 3723 sunt
1639 3663 1774 3724 diversae
1791 3666 1885 3724 veluti

530 3758 643 3829 gentes,
666 3752 877 3829 meteorologia
900 3759 929 3811 et
950 3753 1071 3822 musica,
1095 3769 1131 3811 ex
1154 3751 1256 3811 cadem
1279 3755 1376 3828 patria
1397 3754 1558 3829 geometria
1580 3751 1734 3825 oriundae,
1756 3770 1886 3829 quarum

530 3838 638 3913 altera,
667 3840 723 3899 boc
754 3848 797 3900 est
825 3841 1028 3918 proportiones
1054 3839 1243 3899 harmonicae
1267 3840 1317 3898 lib.
1339 3839 1402 3914 111,
1434 3843 1558 3916 patriam
1590 3838 1708 3916 quidem
1741 3840 1885 3899 circulum

530 3928 699 3987 fatebantur
722 3928 808 4003 eique
830 3946 914 3986 suam
937 3928 1079 4002 originem
1094 3927 1227 3987 serebant
1242 3934 1402 4002 acceptam,
1425 3944 1484 3985 non
1498 3930 1594 3986 minus
1610 3944 1698 4002 quam
1714 3928 1763 3987 hic
1778 3946 1886 4004 aspec-

530 4024 588 4087 tus,
612 4014 664 4073 sed
687 4023 785 4074 tamen
807 4013 876 4074 illae
898 4032 1035 4091 egressae
1059 4013 1141 4074 velut
1163 4032 1199 4074 cx
1222 4015 1339 4088 circuio,
1363 4014 1508 4075 coloniam
1531 4018 1679 4092 propriam
1700 4014 1887 4075 deduxerunt

530 4104 652 4178 suisque
682 4102 798 4177 legibus
822 4103 962 4179 degentes
988 4118 1067 4161 sese⁷
1083 4110 1313 4185 propagarunt;¹
1329 4110 1467 4178 aspectus
1490 4105 1566 4161 intra
1588 4099 1727 4161 circulum
1757 4106 1887 4179 patriam

530 4206 617 4249 anam
647 4198 816 4262 manentes,
848 4190 964 4265 legibus
997 4205 1055 4247 non
1089 4189 1156 4248 aliis
1188 4197 1323 4263 utuntur,
1359 4208 1446 4265 quam
1482 4208 1556 4265 quas
1588 4189 1688 4249 circuli
1716 4192 1886 4249 rotunditas

531 4278 603 4356 ipsis
632 4279 817 4356 praescribit,
850 4277 999 4337 desumtas
1030 4292 1067 4335 ex
1095 4276 1196 4352 figuris
1226 4276 1322 4354 planis
1350 4274 1533 4353 regularibus
1556 4278 1691 4353 congruis
1723 4283 1752 4337 et
1777 4276 1886 4337 cuculo

531 4363 727 4441 nuncupant)

567 4480 572 4487 ·
618 4452 695 4513 Nam
716 4454 746 4510 in
769 4454 883 4512 musica
904 4451 1130 4528 septemviratus
1159 4447 1210 4515 ille
1232 4453 1395 4511 sectionum
1418 4452 1604 4509 constituitur
1631 4468 1667 4510 ex
1690 4454 1887 4511 matrimoniis

531 4541 635 4613 comm,
663 4542 819 4601 accensitia
846 4541 936 4599 etiam
965 4538 1088 4597 feminis.
1135 4534 1227 4597 Verbi
1250 4554 1357 4611 eausa,
1388 4540 1529 4597 subtensa
1559 4538 1652 4598 tribus
1684 4542 1800 4599 octavis
1833 4558 1886 4599 seu

531 4626 619 4687 steila
647 4626 844 4705 octangnlaris
874 4646 911 4687 ex
941 4626 1055 4684 civibus
1084 4623 1202 4700 quidem
1233 4634 1277 4684 est
1307 4628 1336 4683 in
1358 4628 1518 4702 geometria
1548 4636 1578 4685 et
1600 4625 1694 4686 classe
1724 4626 1886 4701 figurarum

531 4715 722 4793 regularium,
745 4724 777 4776 at
804 4717 979 4792 praecipuas
1011 4712 1175 4772 nobilitatis
1206 4728 1265 4771 non
1296 4721 1349 4771 ost.
1395 4714 1429 4771 In
1457 4714 1570 4773 musica
1602 4729 1673 4773 vero
1703 4732 1789 4774 mous
1821 4716 1886 4791 eJus

533 4803 609 4889 (tres
633 4811 755 4865 oomvae
778 4805 892 4879 circuli)
914 4802 1013 4862 locum
1035 4805 1079 4861 est
1101 4808 1214 4873 nactus,
1240 4804 1310 4876 quia
1332 4806 1420 4860 natus
1442 4807 1488 4860 est
1510 4817 1546 4860 ex
1562 4802 1719 4876 connubio,
1743 4820 1803 4878 quo
1821 4803 1886 4879 plc-

610 4998 634 5051 ί)
648 4998 708 5038 Hinc
722 4997 808 5046 corrige
822 4997 878 5037 libro
892 4997 920 5038 de
934 4993 1007 5040 Stella
1019 4996 1095 5044 Nova,
1113 5004 1163 5049 cap.
1177 4998 1218 5037 11.
1232 4994 1272 5036 iol.
1286 4991 1313 5035 88
1326 4994 1349 5033 st
1362 4990 1389 5032 to
1402 4991 1442 5043 (11.
1457 4993 1516 5043 iit),
1540 4994 1622 5044 quippe
1636 5003 1664 5034 ex
1678 4994 1720 5035 boo
1733 4994 1806 5041 libro,
1821 5006 1886 5046 qun

532 5052 565 5092 ibi
578 5052 617 5093 ror.
633 5051 658 5094 n
672 5047 734 5098 (ab)
747 5048 812 5090 vides
831 5052 974 5101 promissum.
1002 5050 1061 5092 mna
1082 5051 1149 5093 attam
1171 5049 1252 5105 supple
1265 5050 1289 5090 in
1302 5058 1351 5089 meo
1366 5048 1444 5087 'i'srtlo
1460 5048 1628 5095 Intervenionta
1642 5056 1757 5091 nnmerum
1770 5047 1824 5090 mx
1844 5050 1884 5093 snb

533 5102 727 5158 mam>
1236 5113 1245 5147 t
