4467 6192
775 822 778 836 1
887 735 1112 813 hamonem
1128 753 1230 812 nunu.
1681 755 1719 814 ιι
1807 800 1811 809 ,

483 932 717 1010 Significationes
740 949 932 996 consonarum
954 932 1182 1009 intervallorum,
1211 936 1308 1022 capite
1331 934 1432 1011 quinto
1453 930 1630 1010 propositae,
1652 935 1722 990 sant

373 1019 446 1081 illac
461 1020 540 1098 apud
558 1028 671 1082 veteres
686 1019 815 1084 Graecos
830 1024 967 1082 usitatae.
1005 1023 1167 1082 Discrimeu
1190 1015 1264 1082 inter
1286 1029 1404 1083 cantum
1426 1019 1529 1080 durum
1552 1026 1582 1078 ιι
1602 1017 1720 1078 mollem

376 1103 428 1189 (ca
428 1125 458 1184 p.
480 1103 551 1190 VI.)
580 1108 726 1186 Keplerus
749 1126 784 1169 er
807 1109 905 1196 circuli
930 1098 1123 1170 divisionibus
1153 1112 1271 1185 repetit,
1303 1127 1360 1185 quo
1392 1109 1471 1168 tacto
1493 1109 1587 1184 pergit
1609 1105 1647 1164 sd
1669 1123 1722 1166 ex-

374 1195 545 1272 plicandam
567 1199 735 1256 octavam
726 1215 755 1255 ru
777 1183 886 1273 genere‘
906 1193 971 1256 duri
993 1205 1022 1258 et
1042 1197 1139 1256 mollis
1162 1205 1264 1257 cantus
1289 1194 1368 1277 (cap.
1385 1192 1481 1276 VII..)
1517 1195 1619 1271 Capite
1637 1191 1721 1251 Vlll.
1767 1219 1771 1227 ¹

376 1282 576 1360 longitudines
599 1283 771 1344 chordarum
794 1283 830 1344 ad
854 1284 1013 1344 eliciendos
1035 1283 1167 1360 singulos
1189 1300 1277 1344 sonos
1300 1283 1500 1344 describuntur
1527 1288 1556 1342 et
1576 1280 1723 1357 capitibus
1775 1274 1779 1286 '

375 1367 432 1430 tx
445 1369 553 1430 -Χι,
576 1369 613 1430 ds
636 1370 896 1448 significationibus
916 1371 1095 1448 singularum
1119 1378 1251 1431 notarum
1280 1379 1313 1435 ιι,
1332 1371 1554 1447 digrammatum
1576 1371 1722 1428 variorum

376 1474 513 1518 sonorum
537 1461 641 1534 agitur.
675 1458 863 1535 Imperfectae
886 1461 1096 1538 consonantiae
1114 1460 1298 1535 uominaptur
1313 1455 1393 1540 (cap.
1410 1453 1500 1539 XII.)
1522 1457 1725 1533 edmamaoe,

376 1547 482 1622 Capite
499 1545 587 1604 XIII.
610 1548 815 1622 interpretatur
829 1546 989 1622 Keplerue,
1013 1545 1083 1624 quid
1106 1549 1145 1606 sit
1166 1549 1324 1611 concinnus
1346 1554 1376 1605 et
1397 1545 1587 1605 humanamm
1610 1545 1722 1602 aurium

376 1631 487 1708 judicio
510 1641 599 1710 aptus
622 1641 733 1707 cautus,
756 1636 802 1693 cui
825 1651 862 1693 ex
884 1633 1007 1694 adverso
1031 1635 1153 1710 opponit
1175 1642 1292 1693 cantum
1308 1633 1467 1695 'furcarum
1483 1640 1512 1692 et
1526 1629 1723 1707 Huugrorum,

379 1720 545 1780 omarum
564 1723 667 1796 potius
688 1724 896 1796 astruentium
918 1738 1002 1782 voces
1023 1721 1194 1806 inauditae,
1226 1738 1320 1796 quem
1342 1721 1571 1783 humanarum.
1574 1726 1726 1778 natarum

376 1809 577 1867 imitatorum
623 1807 756 1882 (lantum,
780 1811 831 1884 qui
852 1825 921 1869 rere
942 1793 982 1867 ιιι
1004 1816 1120 1882 cautus,
1144 1808 1250 1868 debere
1274 1807 1361 1868 ordiri
1383 1825 1402 1867 a
1423 1812 1502 1866 certo
1524 1822 1597 1865 sono
1620 1813 1650 1864 et
1669 1821 1722 1880 per

376 1894 531 1954 intervalla
554 1897 695 1956 concinna
717 1895 754 1956 ad
777 1912 865 1956 sonos
888 1912 1031 1970 consonos
1056 1895 1184 1972 perduci.
1224 1894 1307 1970 Quae
1330 1897 1369 1954 sit
1390 1897 1464 1954 ratio
1487 1895 1561 1953 inter
1581 1893 1722 1952 sceletum

379 1993 408 2042 et
429 1993 551 2058 corpus,
584 1981 705 2056 eandem
729 2000 792 2044 esee
798 1979 921 2044 debere
943 1999 1080 2042 sonorum
1103 1999 1296 2047 cousonomm
1318 1990 1349 2042 ιι
1370 1984 1444 2042 inter
1465 1999 1497 2041 se
1519 1988 1549 2040 et
1570 1996 1637 2040 cum
1658 1977 1723 2038 basi

378 2076 501 2130 octavae
525 2068 562 2128 ad
586 2073 680 2146 ipsam
701 2069 859 2131 melodiam
880 2087 932 2130 scu
954 2081 1082 2132 uantum.
1145 2071 1270 2132 Diversa
1292 2087 1428 2130 sonorum
1450 2085 1558 2145 genera
1579 2067 1723 2142 capitibus

377 2155 464 2216 xiv.
488 2163 519 2216 ιι
539 2156 610 2216 XV.
614 2160 844 2232 examinantur,
867 2160 913 2217 vie
938 2159 1129 2236 ,commatis“
1154 2165 1184 2217 et
1206 2158 1330 2231 diversa,
1353 2175 1412 2233 qua
1434 2159 1548 2216 animus
1570 2153 1721 2226 alliciatur,
1759 2162 1767 2173 ·

377 2246 466 2317 ιιιιο,
499 2243 624 2321 denique
661 2253 763 2330 cantus
798 2245 928 2321 figuralis
959 2245 1131 2312 illustratur.
1192 2243 1279 2306 Hunc
1311 2263 1376 2304 esse
1410 2261 1519 2304 novum
1554 2249 1584 2303 ct
1615 2257 1722 2301 nomeu

377 2330 501 2432 habere,
534 2331 614 2408 quod
635 2327 720 2410 primi
742 2340 876 2400 auctores
898 2332 1109 2410 diagrammata
1136 2349 1194 2392 non
1217 2335 1259 2393 ita
1279 2332 1425 2409 simplicia
1445 2332 1579 2404 iecerint,
1610 2335 1645 2389 ιιι
1665 2330 1724 2388 sint

379 2419 408 2476 iu
431 2417 545 2478 chorali
568 2427 664 2491 cantu,
687 2417 740 2480 sed
763 2422 852 2478 variis
874 2423 919 2480 ιιι
941 2421 1000 2479 ιιιιι
1021 2419 1121 2495 liguris
1144 2427 1174 2484 et
1195 2420 1341 2480 coloribus
1363 2427 1394 2479 et
1414 2422 1539 2496 punctis.
1592 2416 1723 2493 Regulos

377 2507 448 2564 artis
471 2509 700 2581 compositones
717 2505 908 2568 artificibus
899 2509 970 2583 ipsis
993 2507 1138 2584 Ksplerus
1159 2507 1296 2583 relinquit
1318 2505 1563 2583 comprobandae,
1591 2504 1724 2583 sufficere

378 2595 443 2664 sibi,
466 2595 572 2669 inquit,
603 2596 764 2669 praemissa
785 2611 850 2664 cum
873 2594 911 2654 ad
933 2603 1066 2654 uatrnam
1087 2603 1192 2654 naritus
1213 2591 1423 2668 illustrandam,
1455 2602 1516 2653 tum
1538 2595 1663 2652 maxime
1685 2589 1724 2654 ad

379 2679 595 2756 speculationes
618 2681 684 2740 libri
706 2682 745 2743 V.
767 2681 925 2758 sequentis.
981 2683 1188 2742 Astronomum
1210 2685 1287 2742 enim
1309 2699 1342 2742 sc
1364 2681 1400 2741 dc
1420 2681 1521 2757 figuris
1542 2679 1724 2756 regularibus

378 2767 528 2844 disputare
550 2784 609 2828 uon
631 2776 691 2830 tam
713 2772 890 2846 geometrice
910 2786 997 2845 quam
1019 2771 1213 2832 aeconomiae
1235 2776 1265 2830 et
1286 2769 1493 2846 metaphysica,
1516 2775 1545 2828 ct
1566 2769 1610 2826 sio
1635 2768 1724 2826 etiam

380 2854 415 2916 de
439 2862 543 2914 cantus
564 2857 726 2916 rationibus
749 2857 929 2928 asscribere
952 2873 1009 2917 nou
1033 2867 1093 2916 tam
1114 2859 1235 2925 musice,
1267 2873 1355 2933 quam
1377 2857 1575 2932 geometrice,
1591 2852 1723 2930 physice,

380 2941 560 3018 denique‘ut
579 2946 669 3020 prius,
701 2945 894 3005 astronomiae
917 2955 946 3003 ιι
968 2944 1182 3022 metaphysice3
1214 2946 1282 3021 quia
1304 2946 1381 3004 sicut
1403 2943 1571 3021 corporibus
1594 2943 1723 3016 quinque

377 3029 562 3107 regularibus
578 3048 613 3089 ex
628 3033 795 3107 geometria,
818 3033 861 3090 sic
882 3033 971 3091 edam
993 3033 1231 3109 proportionibus
1253 3038 1374 3112 totoque
1396 3037 1541 3107 apparatu
1555 3027 1723 3092 harmonico

379 3134 414 3178 ex
436 3117 551 3175 musica
573 3134 648 3195 opus
669 3117 778 3180 habeat
799 3118 837 3177 ad
860 3118 1047 3195 explicandae
1069 3134 1174 3178 causas
1195 3119 1393 3197 proportionis
1415 3119 1528 3178 orbium
1543 3115 1723 3177 coelestium

379 3205 479 3266 Artem
500 3208 735 3310 compositoriam
752 3208 802 3282 qui
817 3204 926 3266 discere
942 3205 1023 3281 ιιιιι,
1048 3223 1114 3267 eum
1136 3205 1217 3266 adire
1240 3205 1346 3267 debere
1367 3222 1468 3281 opera
1472 3205 1582 3264 hrtusii
1605 3198 1724 3283 (musici

379 3291 586 3366 bononiensis,
617 3295 667 3370 qui
697 3309 774 3353 anuo
805 3293 897 3352 1586.
929 3301 1002 3373 opus
1033 3292 1069 3354 de
1098 3281 1155 3353 hac
1183 3300 1245 3354 arte
1270 3294 1403 3354 Venetiis
1432 3288 1539 3374 edidit)
1572 3289 1627 3353 rel
1641 3289 1724 3350 Sethi

378 3379 498 3440 Calvisii
522 3379 579 3448 (cir
598 3383 618 3436 I
637 3401 663 3454 p.
681 3383 753 3452 384)
765 3378 813 3442 ιιι
836 3381 983 3441 Vincentii
1006 3378 1141 3441 Galilaei.
1246 3401 1249 3409 ·

480 3467 583 3526 Finem
606 3469 683 3526 tertii
704 3467 770 3527 libri
785 3468 895 3527 iaciunt
908 3449 1108 3532 additamenta
1130 3467 1169 3528 ad
1183 3485 1248 3544 cap.
1264 3468 1320 3529 Ill.
1342 3468 1378 3528 dc
1399 3466 1496 3526 tribas
1517 3455 1725 3527 marcatus

378 3550 519 3628 dieram
537 3555 680 3630 politica,
710 3555 764 3614 sub
788 3557 901 3614 initium
924 3573 987 3631 cap·
1011 3555 1066 3616 ιιι.
1090 3556 1217 3614 anobis
1238 3557 1362 3631 signata.
1414 3553 1497 3612 Haec
1524 3551 1725 3613 additamenta

376 3656 427 3716 pro
450 3643 690 3718 interpretatione
712 3635 808 3718 operis'
835 3640 886 3704 ιο.
901 3637 1009 3702 Bodini
1041 3643 1106 3716 „De
1121 3640 1271 3719 republica
1284 3642 1351 3701 libri
1365 3643 1435 3702 ser“
1454 3636 1571 3721 (1596)
1588 3638 1725 3700 habenda

376 3733 446 3786 suat
469 3736 501 3788 ct
521 3745 539 3786 ι
560 3727 689 3806 Keplero
712 3746 835 3804 annexa,
865 3737 901 3789 ιιι
923 3729 1056 3806 taedium
1078 3745 1271 3790 monosticum
1293 3730 1584 3789 demonstrationem
1605 3728 1727 3786 meae«

376 3816 560 3874 melicertem
597 3819 822 3891 interpositione
853 3815 1016 3898 populeris
1047 3818 1205 3892 jucundas
1239 3821 1387 3877 materiae
1422 3816 1536 3874 ιιιιινιι.
1594 3814 1723 3874 Primum

375 3903 511 3962 notiones
534 3900 570 3962 de
591 3904 826 3980 proportionibus
841 3903 1041 3964 arithmeticis
1063 3912 1093 3963 et
1114 3905 1297 3979 geometricis
1319 3903 1467 3963 aBodino
1490 3901 1564 3961 ialso
1587 3901 1725 3962 delinitae

376 3987 575 4063 emendantur,
600 3989 703 4050 deinde
725 3991 762 4051 ad
786 4005 898 4052 morum
921 3990 1103 4068 disciplinam
1127 3999 1157 4051 et
1177 3990 1464 4068 politicam'Bodiuo
1488 3997 1606 4052 auctore
1628 3997 1724 4049 maus·
1824 4054 1829 4060 Δ

376 4075 513 4150 teruntur,
545 4075 670 4153 denique
700 4078 808 4138 Bodini
837 4081 1000 4140 sententiae
1031 4095 1097 4139 cum
1130 4082 1191 4138 suis
1219 4077 1256 4140 de
1286 4078 1457 4140 coelestium
1488 4084 1620 4138 motuum
1652 4091 1724 4137 cou-

374 4163 525 4238 Juuctione
549 4181 615 4224 cum
637 4167 819 4225 terrestribus
842 4173 1054 4243 comparantur.

484 4249 645 4326 Quartus
667 4251 847 4313 Harmoniae
875 4253 948 4312 liber
970 4255 1032 4330 agit
1053 4255 1179 4313 maxime
1201 4252 1237 4312 de
1259 4253 1427 4330 aspectibus
1453 4267 1611 4326 eammque
1633 4249 1664 4309 ιι
1686 4246 1730 4307 ad.

376 4343 510 4398 sauram
531 4346 713 4408 terrestrem.
766 4339 826 4400 Sed
854 4347 888 4400 ut
913 4343 1052 4406 transitus
1081 4340 1133 4399 liat
1159 4358 1179 4400 a
1206 4341 1352 4417 prioribus
1380 4339 1417 4400 ad
1448 4339 1524 4400 liauc
1554 4337 1725 4400 barmoniae

376 4433 496 4500 partem,
528 4424 675 4502 Keplerus
701 4429 861 4503 praemittit
891 4431 988 4488 variae
1018 4428 1055 4490 de
1085 4427 1493 4504 harmoniis‘diequisitiones,
1524 4440 1601 4501 quae
1616 4420 1723 4483 ‘ordine

377 4511 543 4573 referendae
565 4513 651 4573 uobis
674 4521 752 4575 eunt.
797 4515 927 4574 Primum
950 4511 1032 4599 (cap.
1047 4511 1089 4596 l.)
1113 4522 1218 4575 natura
1238 4514 1472 4575 harmonicorum
1493 4512 1722 4588 proportionum,

377 4605 436 4658 tam
462 4599 645 4660 sensibilium
674 4617 762 4676 quam
789 4600 1031 4670 intellectualium
1054 4601 1225 4662 illustratur.
1269 4603 1317 4662 Ad
1338 4619 1397 4662 oses
1418 4599 1633 4659 harmoniarum
1655 4615 1726 4659 san·

377 4684 503 4746 sibilium
527 4697 700 4768 concurrunt
723 4696 850 4765 quatuor
872 4681 943 4748 ista:
980 4691 1012 4768 1)
1035 4689 1111 4748 duae
1132 4707 1180 4750 res
1201 4689 1332 4769 sensiles,
1365 4692 1399 4763 ι)
1422 4689 1523 4748 anima*
1541 4701 1723 4764 comparans,

378 4768 413 4855 3)
435 4775 563 4851 receptio
587 4778 755 4850 inmersum,
788 4772 835 4857 4)“
848 4774 954 4838 idonea
974 4779 1134 4855 proportio.
1180 4777 1215 4835 la
1238 4774 1415 4852 inquirendis
1438 4781 1563 4852 quatuor
1583 4775 1630 4834 his
1652 4791 1725 4834 oon-

377 4859 535 4921 ditionibus
567 4863 722 4922 recurritur
753 4861 792 4922 ιιι
822 4864 947 4924 musicos
978 4881 1067 4924 sonos
1096 4880 1207 4940 eaeque
1238 4863 1284 4921 his
1314 4861 1513 4936 illustrantur3
1545 4861 1632 4922 simul
1664 4860 1724 4922 alia

378 4945 533 5008 afferuntur
556 4958 585 5009 et
610 4952 776 5028 „receptio“
801 4953 925 5012 maxime
948 4959 989 5024 ut⁴
1006 4953 1049 5012 ria
1074 4949 1190 5026 duplex,
1213 4952 1319 5026 partim
1334 4948 1448 5025 agendo
1462 4951 1568 5026 partim
1582 4945 1723 5025 patiendo

379 5038 550 5112 conspicua,
584 5041 716 5114 uariiqne
747 5037 855 5115 gradm
887 5038 1057 5118 passionum
1091 5054 1188 5112 aquae
1208 5032 1354 5114 exemplo
1387 5036 1580 5097 illustrantur:
1612 5032 1723 5110 patitur

378 5139 467 5199 aqua,
498 5122 567 5183 dum
595 5121 709 5201 egelida
738 5127 865 5186 ιιιιιιιιι
888 5126 1004 5202 ignibus
1032 5123 1159 5184 admotis
1181 5125 1316 5201 tepescit,
1347 5126 1456 5202 patitur
1477 5124 1581 5187 humor
1602 5121 1724 5185 bumas-

378 5207 464 5272 taudo
486 5209 583 5288 aride,
605 5215 715 5292 patitur
736 5230 814 5292 aqua
837 5215 867 5272 iu
888 5219 1023 5292 gustatu,
1056 5227 1122 5272 cum
1144 5211 1288 5289 elingua
1308 5215 1497 5292 contegitur,
1528 5227 1594 5272 cum
1616 5211 1723 5272 ιιιιιιιο
