4467 6192
543 727 584 787 gg
978 719 1021 774 De
1037 719 1198 788 Figuratum
1215 717 1434 773 Harmonicarnm

544 898 616 959 mibi
636 896 802 959 faciendum
824 913 896 971 esse,
920 904 954 956 nt
975 898 1057 956 initio
1080 914 1116 958 er
1138 897 1213 958 libro
1235 896 1348 958 decimo
1370 893 1500 957 Euclidis
1522 893 1714 956 exscriberem
1735 910 1781 966 ee,
1804 906 1881 968 quea

544 986 743 1065 adpraesens
766 985 931 1046 institutum
951 1002 1045 1045 meum
1072 987 1229 1062 praecipue
1258 985 1401 1060 fecerent,
1429 985 1533 1044 seriem
1560 983 1648 1044 etiam
1675 997 1771 1042 renam
1802 977 1882 1037 illios

545 1073 623 1148 libri,
646 1075 733 1136 certis
754 1071 929 1149 quibusdam
950 1072 1108 1148 interjectis
1130 1072 1338 1148 divisionibus,
1354 1074 1384 1130 in
1405 1071 1500 1133 lucem
1521 1070 1685 1148 proferrem,
1708 1085 1814 1129 causes
1837 1067 1883 1124 in-

547 1160 690 1236 dicarem,
722 1176 773 1220 cur
803 1157 945 1235 quaedem
976 1160 1152 1235 divisionum
1181 1161 1310 1220 membra
1331 1159 1369 1219 eb
1390 1159 1513 1220 Euclide
1535 1159 1640 1218 fuerint
1663 1158 1783 1217 omissa:
1815 1161 1884 1212 tunc

545 1247 661 1314 demum
689 1246 725 1308 de
747 1246 846 1323 figuris
869 1248 940 1325 ipsis
961 1247 1108 1325 egendum
1129 1248 1192 1310 luit
1236 1245 1294 1308 Ubi
1317 1261 1392 1324 quae
1414 1247 1530 1308 fuerunt
1556 1247 1594 1305 ab
1617 1243 1737 1305 Euclide
1759 1243 1884 1302 demon·

544 1342 637 1396 strate
659 1334 825 1408 clarissime,
848 1335 878 1392 in
898 1335 935 1394 iis
957 1335 1082 1414 simplici
1096 1337 1328 1412 propositionum
1343 1332 1518 1412 allegatione
1530 1340 1682 1395 contentus
1703 1332 1758 1391 fui:
1781 1328 1883 1402 multe,

545 1440 622 1500 quae
643 1422 770 1483 suntab
793 1420 913 1482 Euclide
936 1421 1134 1483 demonstrata
1155 1425 1206 1496 via
1232 1422 1307 1498 alia,
1335 1430 1452 1498 propter
1478 1421 1565 1482 finem
1594 1417 1665 1482 mibi
1695 1420 1885 1508 propositum,

547 1510 658 1572 scilieet
678 1516 794 1588 propter
816 1512 1060 1586 comparationem
1081 1510 1241 1587 figurarum
1262 1510 1408 1570 scibilium
1431 1518 1460 1572 et
1482 1509 1674 1588 inscibilinm,
1700 1507 1748 1566 hic
1770 1507 1887 1591 fuenmt

548 1596 711 1675 repetenda,
735 1596 782 1657 vel
804 1595 949 1673 disjuncta
971 1597 1182 1676 conjungenda,
1206 1598 1254 1672 vel
1278 1596 1349 1657 ordo
1362 1596 1535 1661 mutandus.
1573 1596 1792 1666 Definitionum,
1814 1607 1886 1668 pro·

548 1688 733 1763 positionum,
755 1683 966 1744 theorematum
989 1687 1093 1746 seriem
1116 1687 1253 1746 'continuo
1275 1702 1474 1746 numerosum
1492 1684 1671 1764 complexus,
1693 1688 1725 1741 nt
1744 1683 1773 1739 in
1788 1680 1887 1754 Diop-

548 1774 627 1832 tricis
648 1773 712 1844 feci,
734 1779 851 1848 propter
863 1771 1070 1849 allegationum
1092 1772 1343 1848 commoditatem
1366 1775 1396 1831 in
1419 1773 1491 1850 ipsis
1514 1775 1601 1832 etiam
1624 1766 1810 1832 lemmatibus
1826 1781 1887 1826 non

550 1867 699 1920 accuratus
720 1859 763 1918 fui
784 1875 837 1918 nec
858 1861 978 1918 nimium
1001 1859 1038 1921 de
1059 1860 1214 1922 vocabulis
1229 1860 1387 1936 sollicitus,
1410 1862 1504 1938 magis
1527 1861 1556 1917 in
1578 1875 1625 1920 res
1647 1861 1726 1937 ipses
1749 1859 1888 1928 intentus,

551 1949 658 2024 quippe
680 1947 732 2024 qui
752 1963 811 2006 non
829 1945 892 2022 jam
914 1949 943 2005 in
965 1947 1151 2026 philosophie
1172 1956 1364 2025 geometram,
1392 1946 1445 2009 sed
1475 1949 1505 2005 in
1528 1948 1583 2007 bec
1604 1946 1781 2023 geometriae
1804 1949 1888 2019 parte

552 2034 759 2113 philosophum
787 2050 883 2111 egena
925 2036 1024 2112 Atque
1054 2037 1165 2095 utinam
1194 2034 1230 2097 da
1257 2036 1343 2097 rebus
1371 2037 1555 2112 geometricis
1587 2035 1683 2094 adhue
1708 2031 1889 2113 popularius,

552 2121 708 2182 dummodo
731 2119 886 2182 stelenus
914 2130 944 2183 et
971 2114 1148 2200 palpabilius
1170 2121 1312 2184 disserere
1333 2124 1503 2202 potuissem.
1548 2121 1606 2182 S'ed
1633 2137 1733 2201 spero,
1763 2119 1890 2179 lectores

551 2225 661 2287 aequos
683 2210 712 2266 in
734 2215 857 2286 utraque
878 2226 918 2284 re,
941 2217 971 2270 et
992 2210 1072 2287 quod
1094 2213 1270 2288 geometrice
1285 2211 1462 2290 populariter
1483 2208 1576 2285 uado,
1599 2215 1629 2269 et
1649 2206 1728 2285 quod
1750 2207 1891 2267 materiae

554 2298 761 2356 obscuritatem
782 2295 1051 2359 industriavincere
1066 2315 1125 2357 non
1139 2301 1232 2376 potui,
1255 2316 1350 2359 meam
1372 2315 1491 2376 opernm
1514 2297 1584 2357 boni
1600 2295 1793 2356 consulturos.
1816 2291 1892 2368 Qui-

553 2384 608 2444 bus
632 2385 721 2444 etiam
742 2383 798 2443 boc
820 2384 857 2443 ad
880 2392 1038 2445 extremum
1061 2384 1099 2445 do
1123 2386 1245 2461 consilii,
1266 2392 1301 2446 ut
1322 2388 1347 2446 si
1367 2386 1636 2446 mathematicamm
1658 2401 1753 2443 rarum
1773 2381 1892 2458 penitus

556 2472 682 2546 imperiti
702 2471 816 2545 fuerint,
845 2475 1021 2533 transmissis
1045 2473 1278 2534 enarrationibus
1299 2476 1372 2534 meis
1403 2473 1482 2535 soles
1504 2472 1604 2550 legant
1634 2471 1848 2548 propositiones
1875 2484 1894 2524 a

554 2556 664 2620 XXX.
689 2573 782 2635 nsque
805 2557 959 2635 adfinem,
982 2568 1013 2620 et
1033 2561 1091 2621 fide
1113 2561 1359 2640 propositionibus
1381 2561 1453 2639 ipsis
1475 2560 1606 2626 adbibita
1627 2561 1689 2620 sine
1712 2557 1895 2617 demonstra·

554 2647 643 2720 tione,
665 2653 788 2723 pergant
809 2646 847 2706 ad
868 2646 959 2708 libros
981 2654 1108 2721 ceteros,
1138 2651 1308 2727 praesertim
1329 2648 1368 2709 ad
1389 2649 1540 2722 ultimum;
1568 2665 1605 2708 ne
1627 2645 1799 2709 difficultate
1822 2659 1894 2721 geo-

554 2734 737 2808 metriparum
766 2737 1050 2811 argumentationum
1079 2737 1225 2797 absterriti
1256 2737 1352 2797 froom
1379 2753 1444 2797 sese
1470 2739 1585 2815 privent
1614 2734 1801 2794 harmonicae
1824 2746 1894 2790 con-

554 2819 753 2898 templationis
772 2821 997 2898 jucundissimo.
1040 2823 1126 2886 Nunc
1146 2823 1185 2884 ad
1206 2841 1268 2886 rem
1289 2823 1461 2890 accedamus
1483 2841 1549 2885 cum
1571 2821 1645 2883 Deo.
1870 2839 1873 2848 ’

1118 3146 1323 3158 n*—

767 3408 818 3483 ne
844 3351 1047 3497 Figurrrun
1072 3406 1296 3496 Regulurium
1328 3408 1704 3486 demonstrationibus.·
1833 3432 1836 3445 ·

981 3611 1006 3674 L
1032 3610 1235 3673 Definitio.
1286 3613 1379 3674 Plana
1407 3614 1501 3694 ligure
1531 3613 1671 3694 regularis
1698 3613 1750 3674 ille
1783 3607 1897 3684 dicitnr,

873 3715 973 3775 ,quae
999 3701 1098 3758 omnia
1123 3701 1217 3760 latera
1245 3707 1275 3762 et
1302 3719 1401 3763 omnes
1432 3703 1570 3782 angulos,
1604 3711 1764 3764 extrorsum
1787 3713 1898 3772 versos,

896 3786 1033 3863 saquales
1054 3786 1154 3846 habet

800 3868 804 3901 ·'
981 3869 1017 3924 Ut
1034 3869 1079 3924 bic
1097 3869 1209 3936 QPRO:
1237 3870 1323 3927 latera
1340 3871 1399 3942 QP,
1416 3873 1477 3939 Pit,
1496 3873 1555 3944 Ro,
1582 3873 1629 3942 OQ
1647 3877 1710 3929 sunt
1728 3867 1853 3941 aequalis
1872 3873 1900 3923 et

895 3946 986 4016 anguli
1005 3947 1090 4018 QPR,
1107 3947 1194 4018 PRO,
1212 3948 1302 4020 ROQ,
1320 3952 1389 4019 OQP
1408 3953 1544 4022 aequales.

814 4074 843 4124 1
979 4022 1019 4082 IL
1040 4023 1254 4084 Definitio·
1282 4021 1389 4087 Earum
1411 4030 1556 4105 quaedam
1578 4033 1647 4088 sunt
1666 4027 1777 4104 primae
1798 4031 1829 4084 et
1848 4039 1901 4083 ra-

892 4107 1019 4184 dicales,
1050 4127 1127 4188 quas
1156 4126 1225 4170 snos
1247 4113 1329 4188 ipsae
1351 4119 1487 4176 terminos
1515 4133 1574 4176 non
1604 4113 1761 4187 excedunt,
1791 4111 1901 4190 quibus

559 4197 672 4273 proprie
695 4198 831 4256 convenit
853 4200 950 4276 posita
972 4197 1116 4259 definitio:
1140 4197 1285 4276 quaedam
1306 4209 1375 4261 sunt
1396 4211 1509 4279 suetae,
1533 4217 1679 4281 quassus
1699 4200 1792 4262 veluti
1805 4201 1902 4259 latere

557 4279 710 4355 excedunt,
741 4284 915 4346 continuatis
937 4285 1062 4362 alicujus
1088 4284 1225 4346 radicalis
1252 4286 1392 4351 lateribus
1414 4307 1473 4352 uon
1488 4293 1632 4370 contiguis
1654 4289 1693 4350 ad
1710 4303 1901 4360 coneursum:

558 4367 690 4430 dicuntur
710 4368 823 4431 stellae.

677 4468 726 4520 ris·
740 4467 761 4511 e
1056 4472 1106 4524 me
1120 4468 1141 4516 t.
1367 4462 1405 4520 uc
1414 4461 1459 4518 bic
1470 4459 1589 4517 ABODE
1602 4466 1644 4517 est
1663 4461 1811 4530 perfectum
1823 4463 1903 4532 quin·

1280 4541 1445 4611 quangulum
1463 4548 1558 4612 estque
1571 4539 1659 4611 figura
1670 4542 1763 4613 prime
1781 4557 1837 4598 non
1853 4542 1901 4598 de·

1279 4617 1401 4678 siderans
1419 4621 1498 4677 abans
1516 4619 1676 4691 perfectam,
1704 4636 1740 4676 ex
1762 4638 1817 4691 qua
1834 4639 1901 4679 con-

1280 4697 1430 4755 tinuatione
1447 4699 1562 4756 laterum
1578 4700 1750 4770 producatur.

1233 4775 1250 4823 1
1367 4777 1405 4836 At
1427 4779 1543 4836 FGHIK
1574 4787 1615 4836 est
1642 4780 1845 4852 quinqusngnla
1874 4787 1903 4838 et

1282 4853 1369 4925 figure
1386 4863 1479 4923 aucte.
1504 4858 1666 4916 continuatis
1684 4859 1812 4917 lateribus
1830 4861 1902 4916 binis

1282 4949 1339 5012 pon
1362 4939 1511 5009 contiguis,
1537 4936 1610 4994 verbi
1632 4953 1714 4996 censa
1730 4939 1778 4998 AB
1802 4946 1831 4997 et
1853 4937 1903 4996 Dc

1284 5017 1320 5072 ad
1337 5033 1495 5074 concursum
1514 5017 1536 5075 1.
1853 5025 1858 5040 ⁸
