4467 6192
886 667 971 728 hibe
986 671 1018 728 V.
1041 670 1129 744 Caput
1144 658 1200 780 1⁵th
1645 678 1707 749 317

352 847 421 904 adro
441 855 471 904 et
487 847 588 905 sociae.
624 847 843 904 cousentaneum
859 846 943 917 igitrrr
959 851 1011 916 eat,
1030 845 1111 902 ειὶιιιιι
1130 845 1271 917 physicam
1289 847 1493 920 inscriptionem
1510 855 1536 910 ei
1555 863 1708 929 competere

352 941 406 980 nee
422 926 506 996 plane
523 925 714 981 teuaedricam
730 939 782 980 nec
798 925 880 994 plane
898 924 1134 993 dodecatdrieam,
1154 925 1203 980 sed
1220 929 1327 994 generis
1345 927 1512 1004 intermedii;
1540 943 1572 989 nt
1589 936 1653 1005 qnia
1670 943 1710 990 te·
1780 969 1785 988 ,

352 1005 482 1060 ramos
498 1004 589 1074 planis
606 1005 760 1075 pertingere
777 1003 870 1060 debuit
888 1003 923 1058 ad
935 1018 1069 1058 summum
1088 998 1170 1072 orbis,
1190 1003 1380 1060 dudecaedron
1398 1024 1453 1064 non
1471 1014 1615 1082 attingere,
1633 1020 1708 1069 certo

351 1085 459 1154 spatio:
474 1085 532 1158 jam
551 1085 620 1139 haee
637 1083 763 1139 aculeata
780 1081 869 1154 figura
885 1081 1019 1140 lateribus
1036 1083 1151 1138 inversis
1168 1083 1239 1136 inter
1251 1085 1370 1152 spatium
1387 1086 1576 1146 ioosiedrieum
1594 1098 1622 1147 et
1639 1092 1711 1146 inter

353 1162 430 1218 orbis
448 1162 572 1233 inscripti
590 1179 723 1218 summum
741 1171 803 1228 stet
821 1162 944 1232 proxime
962 1162 1034 1216 hane
1050 1161 1232 1220 summitatem
1250 1163 1394 1231 attingens,
1413 1165 1436 1219 si
1453 1175 1542 1222 tumen
1561 1170 1641 1224 etiam
1657 1169 1712 1225 ista

353 1239 447 1309 figura
463 1242 662 1296 insacietatem
679 1241 845 1310 reliquarum
855 1235 1443 1314 quinqueadsciseendaiuitleqesqueistae,
1462 1246 1596 1302 euntibus
1606 1247 1711 1317 legibus

352 1319 473 1388 illarum,
491 1318 605 1376 tolerari
622 1327 777 1390 potuerunt
795 1319 854 1376 Imo
873 1322 938 1390 quid
956 1318 1017 1374 dico
1034 1319 1145 1374 tolerari
1163 1321 1330 1396 potuerunt?
1348 1322 1447 1390 quibua
1464 1323 1527 1378 illae
1546 1341 1638 1381 carere
1656 1342 1710 1380 non

352 1405 513 1468 potuerunt.
551 1399 622 1455 Nam
640 1401 664 1454 si
682 1400 851 1456 dodecaedro
871 1400 1044 1468 competebat
1060 1398 1203 1467 inscriptio
1222 1395 1298 1467 laxa,
1317 1415 1367 1453 nee
1385 1401 1534 1471 attingens,
1553 1403 1619 1472 qnid
1637 1403 1711 1458 aliud

352 1476 525 1533 indefinitam
542 1479 617 1536 illam
633 1480 774 1535 laxitatem
791 1479 866 1534 intra
882 1487 975 1533 certae
992 1477 1152 1548 quantitatis
1171 1485 1257 1532 metas
1276 1483 1401 1534 coercere
1419 1482 1524 1550 potuit,
1544 1499 1623 1553 qnam
1642 1483 1710 1537 haec

352 1556 520 1614 subsidiaria
536 1559 638 1628 iiqurs,
665 1555 835 1615 dodecaedro
854 1565 883 1614 et
900 1556 1036 1613 icosiedro
1054 1565 1187 1628 cognata,
1214 1557 1390 1628 inscriptione
1413 1575 1463 1616 aua
1490 1563 1612 1630 proxime
1631 1561 1710 1616 attin-

354 1641 447 1704 gente,
466 1651 517 1692 neo
533 1637 597 1706 plus
615 1637 757 1694 deficiente
774 1638 809 1705 (si
826 1644 917 1692 mmen
935 1634 1036 1707 deficit)
1059 1653 1141 1705 quam
1158 1636 1315 1692 tetraedron
1333 1638 1441 1694 excedit
1458 1647 1486 1694 et
1511 1648 1649 1712 penetrat,
1677 1641 1710 1695 de

353 1728 410 1781 qua
428 1714 580 1782 quantitate
593 1716 652 1785 jam
668 1717 697 1772 in
715 1718 840 1786 sequenti
858 1731 976 1785 agemus

445 1805 542 1868 Valde
571 1809 749 1869 versimilem
777 1808 872 1869 reddit
899 1807 976 1868 banc
1004 1825 1123 1867 cansam
1152 1806 1246 1867 eebini
1269 1808 1407 1867 associati
1440 1807 1554 1868 duabus
1577 1812 1710 1884 cognatis

354 1891 461 1968 liguris
483 1891 534 1978 (ut
555 1896 668 1957 scilieet
689 1897 929 1956 determinaretur
957 1898 1107 1972 proportio
1131 1895 1245 1954 orbium
1268 1893 1371 1954 biartis
1394 1905 1424 1955 et
1446 1895 1584 1970 Veneris,
1622 1913 1710 1971 quam

354 1979 428 2040 illae
441 1982 624 2044 indefinitam
639 1983 836 2064 reliquerant),
859 1983 939 2060 quod
962 1985 1109 2043 invenitur
1131 1983 1346 2044 semidiametri
1368 1983 1447 2043 urbia
1462 1983 1587 2044 Telluris
1602 1979 1711 2064 (1000)

354 2084 451 2146 prope
472 2069 631 2130 admodum
653 2071 750 2131 medio
778 2073 846 2131 looo
875 2070 1101 2149 proportionalis
1131 2073 1205 2129 inter
1234 2071 1333 2129 orbem
1356 2071 1459 2130 Martis
1487 2071 1659 2149 peribelium
1682 2080 1712 2130 et

357 2153 484 2216 Veneria
504 2159 669 2236 spinolium
693 2162 779 2236 quasi
799 2162 938 2236 spatim,
960 2156 1040 2234 quod
1062 2157 1186 2224 cabirus
1199 2157 1330 2218 vindicat
1351 2159 1483 2236 regnetis
1505 2158 1613 2235 ligaris,
1637 2160 1710 2218 inter

283 2246 287 2252 ’
356 2242 427 2302 ittae
443 2254 477 2304 m
490 2257 560 2322 pote
574 2247 684 2307 amites
699 2246 1010 2325 proportionalitatem
1024 2244 1162 2306 dianam.
1181 2253 1282 2318 (ram-s
1294 2253 1403 2314 spectem
1420 2251 1710 2313 aesitaveritis)

345 2348 348 2358 ⁴
447 2349 841 2428 Propositio'XhVHl.
884 2351 1040 2426 Inscriptio
1069 2349 1227 2427 figurarum
1257 2348 1432 2427 regularium
1455 2349 1614 2410 solidarum
1637 2352 1711 2412 inter

356 2440 447 2498 orbes
468 2439 648 2515 planetarios
678 2455 736 2498 non
758 2439 813 2497 init
835 2453 932 2498 merae
960 2435 1121 2513 libertatis;
1151 2435 1367 2514 impediebatur
1387 2439 1469 2497 ¹enim
1493 2439 1570 2498 eirea
1591 2443 1711 2499 minima

357 2527 397 2586 ab
420 2526 581 2586 harmoniis
603 2530 798 2585 intermutat
821 2524 965 2584 exuemos
988 2526 1114 2583 statutis.

444 2618 516 2671 Nam
533 2630 585 2685 per
601 2633 643 2671 am
664 2619 686 2670 i.
706 2622 734 2672 et
750 2617 776 2672 2.
793 2617 934 2686 proportio
953 2617 1059 2672 orbium
1076 2615 1210 2686 cujusqn'e
1227 2617 1332 2685 figurae
1355 2633 1409 2672 non
1426 2619 1487 2689 ipsa
1505 2631 1556 2687 per
1574 2631 1604 2671 se
1622 2617 1709 2688 ipsam

357 2695 516 2750 inrmediate
534 2695 628 2750 debuit
642 2695 766 2765 exprimi,
783 2695 833 2750 sed
845 2712 895 2764 per
905 2695 979 2749 iliam
992 2696 1163 2763 quaerendae
1176 2695 1251 2765 prius
1268 2694 1378 2750 itrernnt
1394 2697 1567 2765 motibusque
1584 2697 1713 2751 extremis

356 2775 606 2830 aceommcdandae
622 2775 788 2844 hamomae,
805 2776 873 2844 ipsis
891 2777 996 2830 orbium
1013 2775 1234 2844 proportionibus
1252 2775 1486 2832 lannliaritaimae.
1706 2805 1709 2812 ·

445 2854 563 2922 Deinde,
579 2860 612 2909 nt
627 2870 678 2923 per
694 2868 739 2909 as.
759 2855 800 2910 tii
817 2856 861 2910 20.
878 2853 1035 2910 bumoniae
1053 2852 1220 2910 universales
1233 2854 1347 2912 deornm
1365 2869 1494 2922 parmam
1510 2869 1573 2910 esse
1590 2863 1711 2924 possent,

357 2931 487 2988 tonanti
502 2934 626 2991 nonnihil
643 2933 707 2988 addi
724 2934 845 3002 oportuit
861 2932 1010 2990 harmoniis
1028 2932 1195 3000 morularum
1211 2932 1333 3002 burrum
1358 2930 1508 2998 majoribus
1526 2947 1574 3001 per
1592 2932 1711 2994 redonas

357 3011 534 3080 posteriores.
553 3014 590 3068 Ut
606 3014 689 3084 igitur
704 3014 759 3070 ista
776 3022 851 3070 stare
866 3020 979 3084 possent
997 3013 1107 3084 suisque
1125 3013 1242 3086 propriis
1259 3013 1310 3068 niti
1328 3013 1487 3082 rationibus,
1505 3011 1713 3080 requirebantur

358 3089 505 3145 intervalla
519 3088 682 3147 dissidentia
699 3092 821 3147 nonnihil
847 3089 948 3160 abiis,
976 3107 1046 3161 quae
1071 3101 1137 3150 aunt
1160 3107 1195 3148 ex
1213 3091 1396 3171 ,ipsoriptione
1420 3091 1541 3160 peri'ecta
1566 3086 1724 3158 figurarum

358 3170 433 3223 inter
450 3169 548 3240 orbes,
573 3171 678 3240 legibus
698 3176 820 3226 motuum
845 3186 904 3240 cap.
923 3172 947 3226 il.
965 3170 1118 3239 explicatis.
1157 3169 1188 3223 Id
1215 3177 1245 3226 ut
1263 3169 1454 3238 comprobetur
1481 3177 1508 3220 et
1527 3176 1556 3221 ut
1574 3175 1713 3236 appareat,

358 3255 494 3316 quantum
511 3249 658 3320 derogetur
684 3249 797 3319 singulis
814 3249 908 3317 figuris
934 3266 985 3320 per
1003 3248 1157 3303 barmoniae
1182 3247 1299 3317 propriis
1317 3242 1469 3303 rationibus
1487 3245 1634 3300 stabilitas:
1663 3261 1713 3314 age

358 3341 395 3380 ex
413 3326 470 3379 iilis
487 3337 659 3386 exstruamus
676 3329 820 3387 intervalla
836 3329 1007 3399 planetarum
1025 3326 1118 3384 aSole
1135 3343 1205 3382 nova
1223 3329 1310 3383 forma
1328 3326 1424 3382 calculi
1442 3340 1492 3380 nec
1510 3333 1592 3378 antea
1609 3329 1714 3377 tentata

360 3421 542 3474 equaquam

450 3491 543 3550 Erum
565 3500 663 3554 autem
686 3494 884 3572 inquisitionis
914 3493 1004 3569 hujus
1026 3494 1081 3552 tria
1109 3493 1224 3571 capita:
1253 3493 1378 3568 primum
1407 3487 1620 3568 uscujusque
1645 3485 1713 3561 pla·

360 3586 450 3638 netae
472 3582 601 3639 motibus
632 3582 708 3642 binis
740 3581 877 3641 extremis
906 3583 1086 3657 inquirantur
1112 3581 1177 3656 ejus
1201 3588 1230 3638 et
1261 3579 1337 3638 Solis
1360 3575 1516 3638 intervalla
1538 3573 1640 3633 itidem
1662 3591 1715 3632 ex·

360 3675 465 3738 trema,
491 3684 526 3725 er
548 3672 584 3727 iis
606 3669 704 3728 radius
727 3669 857 3728 urbisin
880 3668 931 3726 illa
951 3678 1145 3728 extremorum
1168 3665 1387 3726 intervallorum
1409 3663 1590 3723 dimensione
1613 3661 1714 3737 eujus-

360 3770 420 3830 qne
444 3751 580 3829 planetae
602 3758 730 3834 propria.
775 3755 926 3831 Secundo,
955 3775 990 3814 ex
1013 3755 1116 3815 iisdem
1138 3755 1267 3814 motibus
1298 3753 1451 3824 extremis,
1482 3753 1510 3808 in
1533 3749 1713 3808 dimensione

361 3844 502 3900 omninm
526 3843 646 3916 eadann
685 3846 866 3921 inquirantur
893 3851 991 3904 motus
1023 3843 1112 3903 medii
1147 3856 1306 3918 eorumque
1336 3842 1495 3918 proportio.
1547 3837 1646 3897 Tertio
1677 3851 1713 3892 ex

360 3931 552 4006 proportione
575 3939 707 3991 motuum
728 3932 892 3991 mediorum
910 3931 974 4007 iam
996 3932 1145 4008 patefacta
1166 3931 1316 4006 proportio
1339 3930 1453 3987 orbium
1474 3943 1528 3985 seu
1552 3922 1713 3984 mediorum

361 4016 588 4079 intervallorum
608 4021 835 4095 investigabitur
863 4027 892 4078 et
919 4036 981 4078 nna
1003 4021 1091 4078 etiam
1114 4026 1324 4090 extremorum,
1359 4014 1469 4091 illaque
1498 4010 1715 4090 comparabitur

362 4121 430 4162 eum
454 4107 694 4181 proportionibus
716 4107 895 4183 figuralibus.
1472 4116 1475 4122 '

456 4190 544 4266 Quod
566 4195 690 4269 primum
711 4197 829 4254 attinet:
860 4191 1049 4269 repetendum
1072 4199 1117 4251 est
1145 4208 1180 4251 er
1203 4207 1267 4267 cap.
1285 4192 1314 4250 3.
1337 4206 1457 4248 numero
1482 4189 1518 4262 6,
1547 4184 1624 4266 quod
1647 4198 1716 4261 pro·

363 4281 462 4356 portio
485 4288 617 4340 motuum
640 4289 834 4342 extremorum
866 4283 905 4339 sit
926 4279 1016 4356 dupla
1047 4280 1244 4356 proportionis
1268 4294 1387 4340 aversae
1410 4273 1645 4354 respondentium
1669 4273 1715 4326 in-

363 4367 558 4426 tervallorum
580 4386 599 4427 a
620 4367 700 4430 Sole.
745 4368 819 4428 (lum
841 4369 931 4444 igitur
952 4361 1041 4428 etiam
1064 4366 1272 4442 quadratorum
1302 4364 1450 4444 proportio
1473 4364 1511 4420 sit
1533 4359 1624 4436 dupla
1645 4372 1715 4434 μο-

363 4457 508 4531 portionis
530 4473 650 4515 suornm
672 4456 808 4531 laterum,
833 4471 903 4532 ergo
925 4459 1046 4531 numeri,
1070 4455 1178 4530 quibus
1193 4459 1315 4514 extremi
1338 4459 1435 4511 motus
1457 4446 1638 4524 singulorum
1661 4461 1713 4503 ex·

363 4545 542 4618 primuntur,
573 4543 835 4604 considerabuntur
864 4550 897 4601 nt
923 4530 1072 4619 quadrati
1088 4551 1117 4600 et
1148 4543 1298 4618 quaesitae
1321 4539 1438 4599 iliorum
1466 4535 1580 4596 radices
1602 4532 1714 4592 dabunt

363 4638 497 4692 esberno
518 4631 688 4705 intervalla,
722 4647 845 4708 quornm
872 4630 958 4689 iaeile
980 4640 1025 4690 est
1053 4629 1182 4688 medium
1204 4627 1417 4687 arithmeticum
1439 4625 1570 4698 accipere
1592 4637 1644 4696 pro
1667 4637 1716 4678 se·

364 4717 550 4777 midiametro
593 4719 673 4778 oriris
707 4727 738 4778 et
772 4720 997 4800 eecentricitate.
1054 4716 1149 4792 Igitur
1184 4705 1353 4780 harmoniae
1389 4712 1531 4770 hactenus
1566 4707 1715 4768 stabilitae

365 4807 633 4882 praescripserunt:
