4467 6192
857 664 942 721 Liber
957 668 1001 721 Ν.
1023 669 1117 737 Caput
1129 666 1178 723 ΠΙ.
1629 668 1692 726 229

337 856 477 901 sonoram
499 846 704 920 proportiones
724 843 822 920 iisque
844 852 949 905 ustura
971 846 1098 905 bominis
1122 844 1284 904 delectatur
1305 844 1465 923 impensius
1489 840 1692 919 exprimendis,

336 926 368 987 dt
390 927 479 1002 inda,
511 933 583 1005 quis
604 948 694 993 sonos
717 930 763 991 rel
793 935 919 993 maxime
941 936 971 991 in
994 939 1140 1010 potestate
1170 931 1259 991 habet
1288 933 1421 990 animans
1445 931 1552 1001 omnis,
1585 932 1693 1006 quippe

337 1016 416 1074 intra
444 1034 478 1077 se
506 1017 662 1091 lonastos,
690 1020 729 1081 ab
756 1019 829 1095 ipsis
857 1019 1034 1096 praecordiis
1063 1024 1202 1093 emissos,
1235 1017 1272 1077 ad
1302 1036 1417 1077 omnem
1447 1020 1551 1076 mentis
1581 1023 1692 1088 nutum,

338 1119 455 1165 cennens
478 1104 574 1165 cordis
594 1114 705 1167 motum
728 1109 949 1182 promtissimus,
974 1114 1004 1166 et
1025 1106 1106 1183 qnod
1130 1110 1210 1186 prius
1234 1104 1352 1179 dictum,
1378 1106 1447 1181 quia
1469 1106 1694 1163 instrumentum

338 1192 430 1250 etiarn
450 1194 624 1253 nactus-'est
645 1194 837 1271 aptissimum,
860 1204 961 1269 guttur
981 1196 1012 1251 in
1035 1194 1156 1269 longum
1179 1198 1352 1271 porrectum,
1377 1194 1468 1251 instar
1490 1190 1615 1252 chordae
1640 1208 1693 1249 seu

338 1279 438 1353 potius
466 1279 597 1356 listulas,
626 1298 687 1358 qua
709 1285 738 1341 ln
762 1280 945 1359 longitudine
976 1281 1127 1342 rectilinea
1157 1298 1215 1341 vox
1238 1298 1353 1340 sursum
1375 1280 1510 1340 deorsum
1542 1288 1617 1337 errat
1641 1294 1695 1336 ex·

338 1365 530 1442 peditisslme.
791 1374 794 1381 ‘

425 1452 610 1515 Generaliter
634 1464 733 1517 antem
764 1457 793 1513 in
821 1458 957 1517 omnibns
987 1457 1090 1526 rebus,
1122 1456 1280 1532 inquibus
1304 1454 1453 1530 quantitas
1481 1460 1509 1513 st
1533 1443 1694 1511 abeundum

339 1558 404 1599 mm
432 1541 603 1601 maniae
631 1546 732 1621 qoseri
755 1552 894 1624 possunt,
923 1548 1022 1604 insunt
1051 1544 1120 1602 illae
1150 1542 1242 1602 multo
1273 1541 1469 1600 evidentiores
1499 1558 1552 1617 per
1573 1546 1695 1611 motum,

338 1645 429 1702 qaam
450 1630 515 1689 sine
536 1638 627 1689 motu.
671 1630 747 1690 llam
776 1633 832 1691 etsi
859 1635 935 1692 inest
965 1635 996 1690 ia
1029 1630 1220 1707 unaqualibet
1243 1628 1320 1689 linea
1342 1638 1421 1687 ructa
1444 1627 1507 1701 eius
1531 1624 1694 1701 dimidium,

339 1717 442 1789 urna,
472 1725 593 1796 quarta,
625 1721 742 1794 quinta,
772 1727 858 1778 serta
879 1735 1038 1796 earumque
1061 1718 1256 1795 multiplices,
1287 1717 1379 1776 latent
1409 1722 1505 1772 tamen
1536 1730 1589 1773 eae
1619 1714 1695 1771 inter

340 1812 439 1879 partes
462 1803 551 1877 sliss,
582 1809 637 1864 toti
665 1806 986 1878 incommensurabiles,
1018 1809 1046 1863 in
1076 1824 1137 1866 una
1165 1815 1194 1865 et
1217 1804 1319 1863 eadem
1342 1804 1511 1863 corilusione
1541 1817 1606 1859 cum
1630 1808 1693 1858 tota

337 1892 379 1955 sie
409 1890 617 1970 absconditae,
646 1901 678 1952 ut
704 1895 730 1952 sl
762 1896 887 1954 maxime
916 1894 1044 1954 secunda
1074 1895 1151 1953 linea
1181 1892 1313 1967 aequalis
1343 1891 1539 1967 aliquotarum
1567 1889 1693 1965 partium

341 1976 429 2039 alieni
452 1986 512 2039 stet
535 1978 622 2054 juxta
645 1987 753 2052 totam,
782 1982 864 2041 verbi
892 1998 983 2041 causa
1012 1980 1093 2041 trabs
1115 1980 1344 2057 superliminaris
1374 1980 1459 2037 trium
1482 1974 1589 2053 pedum
1608 1974 1695 2050 juxta

342 2071 458 2141 postem
482 2067 616 2141 quinam,
647 2068 712 2142 ejus
735 2076 832 2129 tamen
855 2070 1004 2146 proportio
1027 2070 1064 2127 sd
1089 2079 1181 2126 totam
1204 2084 1261 2125 non
1286 2070 1327 2124 ita
1349 2065 1435 2151 facile
1451 2064 1633 2131 innotescat,
1662 2078 1698 2120 ac

340 2153 363 2211 si
388 2161 492 2211 motus
514 2153 621 2229 aliquis
643 2156 856 2231 comparabiles
878 2156 1076 2232 longitudines
1100 2156 1260 2228 discernet,
1285 2154 1452 2213 constituat
1466 2158 1496 2211 at
1516 2150 1696 2208 determinet.

343 2239 445 2300 Causa
466 2240 540 2300 baec
563 2249 616 2313 est,
640 2243 718 2317 quod
742 2244 793 2301 ubi
817 2247 968 2320 quantitas
990 2253 1035 2303 est
1057 2246 1120 2302 sine
1143 2249 1223 2301 motu
1247 2241 1406 2300 secundum
1430 2255 1503 2313 earn,
1526 2238 1565 2295 lbi
1590 2236 1696 2307 omnia,

342 2344 419 2402 quae
448 2329 550 2387 insunt
581 2331 610 2386 in
640 2332 820 2405 quantitate,
850 2332 938 2391 slmal
967 2340 1035 2391 sunt
1063 2331 1166 2390 eodem
1199 2337 1343 2405 tempore,
1375 2344 1475 2385 ornnes
1504 2342 1544 2383 sc.
1569 2326 1693 2401 partium

343 2417 474 2473 omnium
504 2417 707 2492 proportiones
734 2417 772 2477 ad
802 2425 912 2490 totnm3
943 2426 975 2477 st
1006 2420 1031 2477 si
1061 2418 1210 2493 quantitas
1238 2416 1338 2492 aliqua
1370 2422 1450 2472 motu
1474 2411 1601 2487 quodam
1629 2426 1698 2487 per·

342 2504 492 2573 nubitur,
516 2510 587 2563 tunc
608 2501 652 2581 (ut
672 2512 717 2563 est
738 2513 835 2564 motus
858 2503 997 2581 essentia)
1018 2514 1096 2582 quae
1120 2506 1311 2581 pertransitae
1325 2510 1391 2560 sunt
1408 2502 1619 2579 proportiones,
1642 2514 1697 2556 eae

341 2606 397 2648 non
422 2599 493 2649 snut
515 2590 655 2668 amplios,
683 2609 760 2667 quse
791 2592 920 2652 nundum
947 2600 1016 2651 sant
1038 2594 1246 2669 pemansitac,
1279 2588 1408 2647 nondam
1439 2590 1527 2647 etiam
1551 2594 1633 2658 snut,
1666 2593 1696 2643 et
1743 2582 1751 2593 “

341 2694 400 2737 nna
422 2679 549 2751 qnaeris
572 2682 719 2755 proportio
742 2679 806 2738 sola
829 2689 888 2751 est,
912 2696 978 2739 cnm
1000 2690 1097 2739 motus
1120 2681 1150 2735 in
1173 2678 1237 2753 ejus
1261 2678 1385 2751 vestigia
1407 2676 1549 2752 parvenit.
1594 2672 1641 2731 Ita
1666 2670 1699 2730 dt

341 2766 529 2824 wccsssione
552 2775 699 2837 motuum,
728 2775 759 2825 at
783 2766 972 2826 enucleentur
997 2768 1199 2845 proportiones
1228 2765 1427 2823 harmonicae
1444 2764 1482 2820 ab
1506 2760 1697 2830 inconcinnis,

341 2860 371 2912 st
392 2858 526 2911 uerene
547 2869 567 2911 s
588 2856 714 2912 mixtura
735 2851 860 2922 illarum,
884 2854 978 2913 veluti
999 2873 1089 2933 purae
1112 2856 1142 2911 in
1165 2852 1229 2912 luce
1252 2852 1466 2911 constituantur
1495 2848 1590 2923 adque
1614 2864 1697 2906 com-

341 2938 580 3013 prehendendum
603 2942 737 3000 sensibus
760 2943 989 3018 exporrigentar.
1035 2941 1178 3015 Adeoque
1200 2957 1236 2998 ne
1251 2956 1332 2997 mens
1351 2941 1417 3015 ipsa
1432 2936 1551 3013 quidem
1574 2938 1602 2990 in
1629 2934 1699 2992 data

340 3027 508 3099 quantitate
531 3030 734 3103 proportiones
756 3028 938 3105 harmonicas
973 3031 1035 3088 sine
1059 3028 1186 3105 quadam
1220 3033 1316 3085 motus
1341 3026 1470 3100 imagine
1498 3022 1636 3081 discernit
1660 3020 1697 3077 nb

340 3115 524 3173 inconcinnis
551 3114 686 3187 infinitis,
715 3123 784 3176 ante
812 3124 842 3176 et
864 3124 931 3195 post
952 3118 1114 3190 stantibus,
1147 3114 1198 3174 sed
1229 3113 1410 3191 pertransitis
1432 3106 1529 3193 (verbi
1552 3122 1641 3167 causa
1663 3110 1692 3164 in

340 3195 469 3280 circulo)
490 3200 639 3261 sabiensis
666 3202 802 3276 induitis,
831 3206 861 3261 in
889 3204 1031 3263 snbteusa
1061 3204 1164 3263 tertiae
1194 3208 1245 3260 sat
1276 3206 1397 3276 quartae
1424 3199 1514 3275 partis
1543 3195 1642 3255 circuli
1666 3204 1694 3253 ct

338 3284 488 3346 similibus
511 3306 635 3364 sperma
664 3298 709 3350 est
731 3290 852 3366 ejusque
876 3290 1153 3351 demonstrationem
1183 3290 1308 3363 exquirit
1336 3291 1523 3364 praestatque
1552 3286 1695 3357 cogitatu,

340 3373 422 3451 quod
444 3383 576 3451 praestat
598 3393 702 3436 manns
725 3378 814 3438 ducta
835 3376 927 3453 linea,
955 3387 989 3437 ut
1012 3396 1077 3439 eam
1097 3378 1156 3436 boc
1178 3384 1245 3435 ectu
1274 3381 1405 3434 secernat
1435 3373 1472 3433 ab
1496 3371 1615 3431 infinitis
1638 3384 1695 3425 non

340 3464 481 3534 cogitatis
511 3476 542 3521 et
562 3480 620 3521 non
645 3462 756 3537 ductis,
785 3475 817 3524 ut
839 3465 905 3541 ejus
933 3468 1154 3546 congruentiam
1184 3472 1236 3522 aut
1258 3462 1516 3537 incongruitatem,
1533 3459 1654 3518 seorsim
1678 3473 1696 3513 a

339 3550 447 3609 ceteris
470 3565 552 3608 mens
574 3553 730 3612 intueatur.
1516 3565 1521 3574 “

430 3635 518 3697 biens
548 3637 665 3713 quidem
693 3641 751 3698 ista
776 3646 888 3715 potest,
912 3641 983 3714 quia
1010 3636 1163 3698 voluntate
1186 3639 1275 3696 utitur
1305 3650 1418 3710 suoque
1440 3634 1581 3692 arbitratu
1609 3629 1698 3689 saltat

339 3726 370 3781 in
394 3722 449 3781 illa
472 3728 667 3798 quantitatum
694 3726 807 3786 infinita
829 3726 986 3794 divisione,
1017 3744 1094 3802 quae
1123 3734 1187 3785 tota
1217 3723 1305 3783 menti
1328 3720 1413 3781 simul
1444 3729 1560 3798 praesto
1591 3725 1636 3776 est
1658 3715 1697 3775 ad

339 3810 547 3888 cogitandum,
577 3814 727 3873 sensicnss
758 3830 828 3873 vero
858 3816 1120 3890 perceptionesque
1150 3812 1226 3872 aliae
1255 3808 1421 3880 naturales,
1447 3816 1548 3866 motus
1572 3802 1697 3879 deniquo

339 3915 515 3974 corporum,
547 3916 598 3975 per
620 3917 694 3975 quos
717 3900 894 3976 adjuvantur
923 3905 1139 3977 perceptiones,
1169 3915 1226 3957 non
1254 3900 1296 3956 sic
1324 3899 1352 3953 in
1376 3895 1529 3954 animantis
1552 3898 1697 3969 potestate

338 3991 428 4055 snut,
460 3994 510 4057 ut,
541 3988 566 4043 si
588 3986 692 4046 inliniti
715 3990 780 4048 soni
811 3997 862 4046 aut
888 3989 1023 4047 binorum
1046 3988 1228 4063 planetarum
1260 3984 1390 4043 indnitae
1413 3980 1615 4055 angulationes
1648 3994 1698 4054 per

340 4082 441 4133 totum
464 4074 565 4131 circuli
589 4075 730 4134 ambitam
760 4075 846 4133 simul
878 4074 981 4135 eodem
1004 4083 1136 4152 tempore
1170 4076 1244 4131 inter
1266 4089 1298 4130 ss
1321 4072 1458 4131 contusae
1481 4074 1593 4137 essent,
1623 4080 1695 4140 pos·

337 4162 401 4219 sint
423 4176 462 4219 se
481 4160 645 4220 subducere
666 4181 684 4219 a
707 4162 971 4238 reiecticiis-lnque
993 4161 1073 4222 solos
1094 4162 1245 4238 placentes
1267 4176 1332 4219 sese
1347 4160 1489 4232 recipere3
1514 4171 1587 4229 opas
1610 4155 1698 4226 igitar

337 4248 458 4307 babent
480 4256 571 4318 motu,
592 4266 652 4323 quo
675 4249 870 4310 intercedente
892 4252 1000 4321 omnia,
1022 4267 1099 4326 quse
1123 4248 1295 4325 quantitatis
1319 4260 1407 4306 causa
1429 4242 1567 4301 confusae
1589 4249 1696 4308 essent,

337 4353 395 4413 per
421 4334 557 4411 tempor‘a
579 4335 765 4396 succedentia
780 4336 964 4409 evolvantur,
987 4341 1021 4395 at
1034 4336 1151 4412 singula
1166 4335 1231 4396 sola
1250 4334 1382 4393 sensibus
1404 4327 1545 4388 accident.
1585 4323 1697 4399 Quodsi

340 4422 426 4482 oenli
451 4421 547 4481 simila
575 4422 645 4497 quid
674 4425 764 4483 menti
787 4432 925 4500 possunt,
957 4432 990 4483 ut
1022 4442 1058 4483 er
1080 4425 1251 4484 confusione
1283 4418 1393 4475 infinita
1416 4433 1474 4474 uns
1502 4414 1697 4490 praesentium

339 4514 409 4569 sine
436 4515 519 4568 motu
548 4508 660 4585 eligant
688 4513 902 4587 praestantiora
928 4505 978 4592 (ut
1007 4514 1032 4570 si
1055 4528 1193 4571 manuum
1223 4523 1291 4569 usse
1311 4504 1488 4571 ministerio,
1521 4518 1555 4559 er
1578 4497 1697 4556 infinitis

312 4645 317 4653 .
338 4596 449 4659 circuli
472 4597 621 4657 subtensis
643 4598 834 4674 possibilibus
857 4598 968 4673 eligant
981 4596 1185 4675 delineentque
1200 4593 1367 4653 subtenssm
1388 4590 1490 4647 tertiae
1506 4588 1589 4664 parti,
1619 4582 1697 4644 latus

338 4704 382 4747 sc.
407 4680 583 4765 trianguli),
607 4683 637 4743 id
659 4688 754 4761 ipsum
776 4702 836 4744 non
858 4695 918 4744 tam
943 4685 1028 4757 ocull,
1053 4704 1141 4761 qnam
1164 4698 1244 4741 mens
1268 4682 1331 4754 ipsa
1354 4692 1405 4754 per
1428 4673 1528 4733 oculos
1552 4671 1697 4732 censenda

337 4782 388 4835 est
412 4772 524 4843 lacere,
547 4788 601 4831 nec
624 4772 680 4831 hoc
701 4772 790 4849 plane
813 4774 877 4833 sine
899 4780 995 4843 motu,
1019 4780 1052 4833 ut
1074 4772 1148 4841 dixi,
1172 4783 1318 4827 manuum.

437 4856 478 4917 Ut
500 4860 589 4934 igitar
612 4859 689 4919 banc
710 4860 946 4919 observationem
969 4860 1112 4935 prioribus
1135 4852 1332 4939 pronunciatis
1354 4846 1549 4925 applicemus,
1575 4854 1697 4923 oportet,

338 4950 366 5007 si
390 4963 445 5005 res
468 4945 571 5020 aliqua
592 4949 752 5023 gauslinum
774 4947 863 5008 debet
885 4963 951 5007 esse
972 4947 1136 5020 subjectum
1152 4939 1343 5018 proportionis
1365 4936 1560 5007 harmonicae,
1583 4941 1698 5011 oportet

339 5040 472 5110 iuquam
495 5040 524 5092 et
545 5036 755 5108 quantitatem,
787 5032 998 5109 longitudinem
1029 5047 1069 5091 sc
1100 5032 1129 5087 in
1153 5027 1204 5088 illa
1226 5042 1255 5085 re
1278 5026 1373 5083 inesse
1401 5029 1430 5082 et
1459 5024 1543 5099 siqua
1573 5038 1636 5081 csse
1659 5020 1698 5079 sd

339 5124 417 5183 bins
441 5121 553 5195 minus,
586 5123 611 5181 st
633 5120 786 5198 iongitudo
810 5131 854 5181 est
877 5119 1018 5192 nunnius,-
1051 5115 1098 5177 rel
1121 5118 1212 5191 trina,
1240 5114 1367 5187 sirecte
1390 5110 1482 5185 lines,
1506 5125 1626 5186 quoram
1649 5108 1698 5181 rel
