4467 6192
443 755 446 760 ’
531 739 591 806 tto
974 737 1016 793 Da
1034 737 1194 808 lignianum
1212 737 1434 797 nurncnicarun

525 923 562 966 aa
584 909 625 966 aa
646 878 754 980 wien
776 912 946 968 continuatio
970 911 1092 972 numus
1116 916 1145 972 n
1167 893 1315 985 inuam
1339 920 1383 972 cca
1407 915 1479 970 enim
1502 911 1661 974 nameus
1686 914 1769 985 nutu
1788 923 1874 974 necue

527 1004 650 1058 regnurn
677 1006 748 1060 quae
765 991 861 1064 paucis
880 996 991 1048 suerunt
1006 993 1120 1050 adscitis
1137 994 1230 1050 stat'm
1249 1009 1279 1050 se
1296 995 1391 1052 munit.
1427 996 1500 1052 Ecce
1518 994 1619 1052 fornas
1642 995 1693 1052 hta
1711 994 1779 1052 duas
1797 995 1876 1050 ctiam

527 1068 614 1138 abiar,
631 1061 712 1125 lit'era
728 1070 778 1125 Aa
815 1069 919 1137 Quodsi
937 1072 1096 1128 continuare
1114 1071 1316 1148 omuino'velia
1333 1080 1457 1129 monstra
1469 1073 1601 1145 qooedtnn
1619 1080 1683 1130 aunt
1694 1072 1876 1144 adadacenda,

529 1149 583 1203 duo
600 1147 732 1218 decagoni
748 1149 821 1204 inter
837 1164 867 1204 se
885 1151 1030 1219 commissi,
1049 1153 1156 1230 extritis
1173 1151 1203 1210 iu
1220 1159 1336 1222 utroque
1354 1151 1424 1208 binis
1436 1151 1582 1219 lateribus;
1600 1150 1685 1220 tque
1696 1151 1781 1206 serica
1794 1159 1877 1208 aunc-

526 1232 606 1282 turae
636 1227 839 1298 quinquangulus
861 1228 943 1283 etiam
966 1230 995 1286 in
1012 1230 1118 1287 infinita
1135 1231 1349 1301 continuatione,
1376 1231 1418 1288 sic
1435 1237 1465 1288 ut
1490 1229 1669 1300 inprimet
1691 1230 1879 1300 angustissima

533 1306 760 1379 quinquangulari
785 1308 855 1363 seria
877 1308 931 1364 sint
956 1308 1088 1380 decagoni
1113 1313 1245 1382 quinque,
1270 1309 1767 1378 nudun.monstru1nintermadium;
1794 1309 1826 1367 in
1840 1324 1877 1372 se

529 1383 620 1438 conda
638 1383 735 1444 laxiori
757 1373 841 1441 series
866 1387 983 1444 lineares
1008 1373 1221 1459 deesngulorum
1242 1387 1364 1445 mediant
1380 1389 1504 1459 singulae
1522 1388 1636 1457 copulae
1661 1403 1695 1443 ex
1713 1388 1784 1447 binis
1803 1387 1879 1444 dece·

530 1461 614 1530 gonis-
627 1463 698 1520 inter
714 1471 744 1519 so
762 1466 927 1536 comnisaia3
947 1467 980 1521 ‘in
996 1469 1079 1524 tertia
1097 1469 1266 1537 singulorum
1284 1468 1445 1538 angulorum
1463 1469 1524 1528 loca
1542 1475 1678 1537 occupant
1696 1465 1821 1536 singulae
1838 1481 1880 1518 co·

528 1537 610 1610 pnlae
629 1545 663 1597 e'x
681 1541 750 1598 binis
769 1541 915 1615 decagonis
932 1545 1003 1601 inter
1021 1561 1051 1600 se
1069 1547 1234 1618 commissis,
1254 1561 1321 1618 quea
1339 1547 1442 1608 inediat
1459 1548 1614 1616 decagonus
1635 1563 1721 1616 nnua3
1738 1547 1767 1600 in
1786 1553 1881 1617 quarta

528 1624 602 1676 atam
624 1637 733 1678 mesum
754 1622 854 1692 integri
871 1625 1004 1695 decagoni
1024 1625 1052 1680 in
1073 1625 1198 1696 angulis,
1220 1626 1392 1698 mediantqua
1415 1626 1493 1682 binos
1515 1625 1630 1696 ungulos
1648 1625 1712 1700 bini
1728 1623 1882 1700 decagoni,s

533 1699 657 1770 dispositi
682 1701 840 1772 aequalibus
862 1704 1025 1775 intewallis3
1051 1705 1079 1759 in
1101 1706 1195 1775 quinta
1219 1712 1293 1762 stant
1309 1706 1407 1763 stellae
1432 1722 1494 1764 eun
1517 1704 1630 1773 siugulis
1648 1706 1775 1762 extremis
1799 1705 1881 1760 radii.

531 1780 559 1834 in
577 1779 690 1851 singulis
708 1782 824 1849 angulis,
841 1783 955 1853 implent
973 1794 1037 1839 vero
1054 1782 1140 1858 lineas
1159 1785 1214 1840 bini
1233 1784 1363 1855 decagoni
1380 1785 1480 1854 integri
1502 1793 1530 1840 et
1553 1784 1581 1840 in
1599 1783 1688 1842 rnedio
1713 1784 1794 1840 binae
1813 1799 1871 1841 com

532 1859 668 1922 murae.
687 1862 893 1934 decagonorum.
927 1863 966 1918 Et
990 1862 1029 1918 nic
1052 1871 1250 1934 cousequenter
1274 1865 1469 1934 unaquaelibet
1490 1865 1578 1920 orma
1603 1861 1807 1936 quinquangdla
1831 1863 1882 1923 lert

531 1939 594 2070 fiori
619 1940 732 2012 aliquid.
773 1941 917 1998 structura
943 1948 986 1997 eat
1011 1941 1224 2007 laboriosissime
1250 1949 1280 2002 tt
1307 1942 1544 2010 artificiosissima,
1569 1941 1682 1998 uisenda
1708 1941 1744 1997 sd
1770 1942 1882 2001 endan

619 2097 680 2157 Huc
698 2101 780 2156 etiam
797 2100 870 2156 refer
887 2100 994 2156 stellam
1012 2099 1198 2170 decaogulern,
1216 2101 1244 2156 in
1262 2100 1342 2169 cujus
1360 2113 1457 2176 cauum
1474 2099 1603 2170 angulum
1619 2092 1750 2180 *cigno
1766 2097 1884 2170 angulus

531 2179 692 2247 pentagoni3
714 2186 743 2237 et
760 2180 878 2235 ncioim
903 2178 973 2238 radii
997 2179 1053 2234 bini
1070 2178 1206 2246 tridecilea
1229 2196 1291 2236 cum
1305 2173 1378 2244 ¹binis
1400 2180 1590 2252 pentagonicis
1614 2187 1766 2250 congruunt
1793 2186 1823 2235 et
1840 2180 1885 2234 irn-

532 2252 608 2322 pieot
620 2255 711 2314 locum
722 2259 847 2315 solidum.
870 2259 954 2315 ilaec
966 2259 1053 2315 forma
1065 2259 1163 2329 recipit
1174 2257 1332 2329 inaequalea
1343 2263 1523 2327 pentagonoa,
1544 2265 1572 2315 et
1583 2257 1647 2314 licat
1664 2261 1701 2316 sit
1718 2256 1885 2327 continuabi-

524 2331 581 2402 ,lis‚
598 2336 696 2405 recipit
713 2344 804 2393 umen
820 2339 850 2395 in
866 2339 983 2394 medium
1000 2354 1101 2394 vacuos
1119 2338 1271 2407 deougcncs
1289 2337 1403 2396 hiulcos.
1439 2337 1537 2418 Forma
1549 2345 1594 2394 est
1612 2337 1820 2412 uisendaliteraj
1836 2337 1884 2391 no.

620 2414 796 2485 Pentagonus
808 2423 884 2472 'unns
900 2418 929 2472 in
947 2426 1087 2477 ternorum
1108 2417 1253 2488 plenorum
1271 2417 1397 2486 copulatu
1414 2416 1516 2474 anoni
1539 2433 1595 2474 non
1612 2424 1718 2488 petest,
1744 2432 1808 2496 nam
1827 2417 1885 2486 ejus

533 2493 651 2564 angulus
668 2495 753 2554 babet
771 2497 785 2570 ζ
805 2497 885 2553 unias
904 2498 984 2566 recti,
1002 2513 1053 2566 par
1068 2497 1092 2553 1.
1111 2498 1158 2556 33:
1177 2511 1247 2566 ergo
1271 2497 1379 2565 angulis
1404 2496 1511 2554 dnobus
1534 2496 1648 2568 reliquia
1668 2495 1887 2566 ratnqmrann

484 2627 490 2645 ,
538 2572 577 2644 ῗ,
596 2573 705 2633 cuilibet
721 2575 751 2648 ζ’,
770 2577 877 2648 qualern
895 2576 971 2632 nulls
986 2573 1182 2647 figurafbabet.
1217 2577 1277 2631 Nec
1294 2575 1365 2632 sumi
1381 2584 1499 2645 possunt
1515 2575 1652 2647 hexagoni
1670 2576 1740 2644 duo:
1762 2591 1885 2632 nanu‘re·

534 2650 642 2733 siduum
660 2659 703 2708 eat
722 2654 804 2710 etiam
821 2656 958 2726 hexagoni
979 2657 1094 2726 ungulus
1112 2663 1142 2714 et
1157 2657 1189 2710 iit
1206 2655 1293 2712 torona
1316 2655 1562 2725 superinundare,
1585 2671 1646 2712 cun
1668 2672 1726 2712 soa
1740 2656 1785 2725 bic
1805 2668 1887 2724 quaa·

533 2740 625 2787 tomus
642 2738 794 2790 structuras
812 2749 848 2789 ex
865 2734 970 2792 duabus
989 2736 1148 2806 speciebus,
1171 2751 1226 2792 non
1243 2751 1278 2790 en
1296 2735 1632 2805 uncacfspeciaiugusia
1664 2736 1724 2792 ,12oe
1740 2741 1887 2804 sequentes

534 2807 706 2878 plurilateris
723 2808 833 2883 figuras,
853 2829 967 2886 quarum
985 2814 1102 2884 angulus
1117 2814 1205 2884 major
1223 2821 1266 2872 eat
1283 2815 1464 2884 baxagooleo.
1488 2815 1635 2880 subtristis
1652 2813 1760 2870 duobus
1777 2812 1888 2884 angulis

534 2888 702 2964 adrectis,
725 2891 890 2962 relinquitur
911 2909 961 2963 pro
978 2890 1084 2965 reliquo
1102 2894 1310 2965 miuusgquam
1328 2892 1411 2950 babet
1435 2893 1630 2962 bersgonicus:
1659 2905 1713 2947 nno
1742 2902 1806 2946 vero
1827 2889 1888 2946 aub-

535 2971 636 3033 usca,
659 2971 748 3026 minua
765 2969 926 3042 relinquitur
942 2987 1000 3045 pro·
1012 2971 1119 3028 duobus
1143 2973 1269 3044 reliquis,
1291 2987 1378 3048 'quarn
1400 2973 1505 3029 babent
1525 2971 1580 3028 duo
1598 2969 1767 3040 baragouici.
1801 2969 1890 3039 Atqui

535 3045 570 3100 de
586 3044 621 3102 iia
639 3047 742 3119 liguria,
760 3064 832 3119 quac
848 3051 992 3121 pauciores
1010 3049 1040 3106 et·
1054 3052 1173 3119 mores
1191 3053 1294 3109 babent
1314 3052 1436 3122 angulos,
1456 3067 1537 3122 quarn
1548 3052 1717 3120 hexagonus,
1731 3048 1789 3118 jam
1809 3055 1890 3104 nutes

537 3132 705 3183 transactum
722 3129 802 3187 nobis
820 3137 876 3200 eat,
895 3145 964 3199 quae
982 3139 1012 3186 et
1030 3139 1096 3202 quot
1113 3147 1174 3187 esse
1193 3132 1313 3202 possint,
1333 3123 1444 3202 quaudo
1460 3129 1532 3185 terni
1550 3127 1844 3200 stemuntplauitiem.

622 3199 697 3262 XX.
730 3205 971 3292 Propositio.
1015 3208 1060 3268 Ex
1090 3207 1185 3286 plania
1217 3207 1332 3285 angulis
1361 3208 1448 3264 trium
1478 3209 1643 3285 specierum
1669 3204 1752 3266 locus
1782 3201 1891 3281 ρΙιυω
1970 3273 1971 3278 ¹

536 3305 670 3366 congrue.
684 3292 822 3370 impletur
842 3299 955 3370 quitor.
1000 3349 1003 3354 .
1074 3304 1083 3333 '-
1351 3332 1357 3345 ι
1602 3310 1605 3316 ’
1639 3350 1642 3359 .

621 3375 675 3431 ilic
698 3386 759 3433 uon¹
775 3375 929 3440 tolerantur
949 3384 1007 3444 tres
1027 3376 1156 3447 pluresue
1182 3377 1318 3446 trigonio„
1343 3375 1447 3432 fecium
1476 3376 1548 3431 enirn
1572 3380 1629 3430 tres
1646 3374 1739 3444 auguli
1765 3371 1893 3442 trigonici

537 3453 608 3511 duca
625 3461 728 3531 reaoa5
751 3455 913 3527 relinquitur
929 3443 1033 3527 ruffina,
1052 3447 1218 3538 quam-iacit
1236 3471 1341 3516 summa
1353 3445 1528 3512 'uduimorunu
1545 3458 1609 3524 post
1626 3449 1701 3521 ilios,
1729 3451 1892 3521 tetragcnlui

506 3576 509 3581 .
583 3539 612 3588 et
631 3536 817 3605 pcnugcnici.
853 3536 895 3592 Ob
911 3537 942 3609 id
960 3552 1049 3608 neque
1066 3532 1174 3603 duobus
1190 3531 1330 3608 tigonicis
1349 3532 1542 3590 audendi-duo
1561 3532 1724 3602 tetragonici
1740 3539 1790 3588 aut
1807 3531 1893 3597 ωιῇο·

539 3627 596 3680 rea,
614 3615 748 3685 quianon
766 3617 964 3689 relinqueretur
980 3617 1047 3671 ands
1065 3616 1148 3687 spatii
1165 3621 1214 3687 p'ro
1232 3615 1334 3685 angulo
1351 3615 1454 3684 iiguroo
1472 3612 1569 3670 tertiae
1586 3611 1695 3681 speciei.

537 3695 540 3703 '
631 3698 652 3751 l.
680 3695 756 3764 Ergo
774 3695 798 3751 ai
815 3695 940 3765 trigoniei
958 3693 1078 3751 aiot-duo
1096 3701 1124 3750 et
1135 3695 1319 3764 tetragonicus
1332 3707 1411 3765 unna,
1430 3689 1578 3748 sedabitur
1593 3691 1650 3744 illia
1661 3684 1895 3758 dodecagonieus;

540 3789 596 3830 nou
613 3780 711 3832 tameo.
721 3774 893 3844 condonatur
910 3768 1089 3828 torma-'ride
1106 3773 1193 3830 literis
1211 3774 1256 3842 (lc,
1277 3773 1329 3840 bd,
1345 3773 1388 3834 Ee
1406 3772 1590 3838 uniformes,
1611 3783 1703 3826 omnes
1722 3767 1758 3824 ad
1777 3767 1897 3837 primuni

541 3866 634 3910 casum
651 3852 827 3942 pertinentes:
864 3853 924 3907 Huc
943 3852 1122 3908 etiam'atalle
1140 3852 1341 3930 dode'cagouica
1358 3850 1499 3920 referatur,
1517 3857 1651 3918 utsupra.
1688 3845 1758 3904 Nam
1773 3852 1898 3915 quatuor

540 3925 678 4002 trigonicr,
705 3945 776 3984 unua
800 3932 986 4015 tetragonicua
1010 3939 1039 3986 et
1062 3947 1133 3988 unus
1157 3931 1253 3988 stellae
1277 3932 1370 3988 radius
1392 3916 1543 4013 inplebunt
1566 3930 1664 4012 locunt.
1680 4001 1683 4009 Ι
1700 3923 1898 4008 Eccos-ornas

532 3997 667 4072 ‘Fi„Gg‚
685 3999 740 4054 Hb.
776 4000 927 4069 Turgonrcis
944 4001 1051 4057 duobus
1068 4003 1092 4057 al
1109 4004 1306 4074 pentagonicus
1324 4017 1394 4058 unus
1410 4008 1556 4070 pungatur,
1573 3999 1712 4054 mardorum
1730 4001 1782 4052 erut
1799 4009 1894 4050 incon·

542 4097 648 4155 gruurrq
667 4081 716 4154 st,
738 4081 830 4137 nullus
848 4083 919 4137 enirn
936 4079 1052 4152 angulus
1069 4083 1153 4139 babet
1174 4084 1214 4156 st.
1250 4081 1297 4138 Sin
1320 4097 1390 4136 unus
1413 4079 1530 4158 addatur
1551 4077 1736 4148 nuagouicns
1753 4072 1898 4142 tdgonicia

542 4160 813 4232 duoouaresiduus
835 4157 916 4216 etiam
938 4161 1126 4230 hexagonicna
1151 4160 1203 4215 erit
1226 4167 1255 4215 et
1279 4160 1367 4216 torma
1391 4159 1442 4215 erit
1466 4174 1526 4218 una.
1541 4175 1578 4218 ex
1602 4154 1798 4226 superioribus.
1835 4153 1899 4209 Non

540 4249 671 4316 poterunt
687 4242 770 4310 igitun
785 4252 868 4309 porro
886 4255 948 4296 ease
965 4241 1021 4298 bini
1038 4240 1146 4308 trigoni.
1182 4239 1256 4309 Ergo
1275 4239 1346 4295 si‘ait
1357 4238 1506 4308 trigonium
1523 4251 1602 4304 unua,
1622 4234 1647 4290 ei
1664 4241 1720 4296 tres
1732 4231 1900 4300 tetragonici

540 4339 597 4380 nou
614 4322 762 4390 eddadem,
780 4320 891 4375 dmum
909 4322 980 4374 eninr
991 4319 1134 4389 conflatur,
1152 4319 1295 4390 necspatii
1306 4317 1374 4374 tatia
1387 4318 1486 4385 ungulo
1503 4316 1601 4371 tertiae
1613 4307 1714 4385 speciei
1725 4310 1899 4380 relinquitur.

629 4401 655 4455 2.
689 4397 897 4456 Addanturuni
912 4401 1046 4469 trigonico
1065 4401 1119 4458 duo
1136 4397 1303 4468 teuegonlci
1320 4397 1350 4451 ln
1366 4396 1505 4452 residuum
1527 4392 1563 4450 ed
1580 4399 1698 4462 quatuor
1721 4397 1814 4480 motos
1832 4403 1899 4480 con·

543 4489 623 4555 groet
639 4473 839 4550 hexagonieua3
864 4476 951 4535 torma
968 4480 1089 4550 duplex,
1100 4473 1193 4534 'literis
1210 4476 1234 4531 li
1252 4475 1466 4540 contiuunbssis,'
1482 4473 1528 4528 Kk
1551 4487 1606 4528 uon
1624 4467 1820 4530 continuabilra
1840 4481 1899 4523 aruc

543 4563 670 4619 mixtura.
706 4560 812 4631 Estque
828 4559 875 4616 bic
891 4570 971 4628 casus
989 4559 1133 4616 secundun.
1184 4555 1185 4560 ’
1394 4581 1398 4587 ·
1505 4577 1506 4580 “
1665 4567 1666 4572 ’

631 4639 792 4711 Trigonicus
816 4650 887 4696 unus
905 4656 966 4696 cum
983 4638 1172 4717 pentagouicia
1191 4637 1296 4699 duobus
1314 4635 1525 4705 coniungitur,
1549 4639 1636 4690 restat
1652 4629 1724 4685 eninr
1748 4627 1848 4685 inlatus
1868 4629 1900 4700 t}

545 4719 626 4777 unius
642 4720 718 4786 recti,
735 4719 840 4776 alimus
858 4733 876 4774 a
891 4718 1061 4788 regularibus
1077 4717 1186 4787 tranq
1202 4731 1258 4796 uec
1275 4731 1337 4771 curn
1355 4714 1535 4785 pentagonico
1553 4724 1620 4781 nno,
1638 4716 1841 4796 runsnmenrm
1857 4721 1901 4798 re·

546 4804 622 4856 aaut
638 4797 686 4870 ss,
704 4813 765 4854 eum
781 4798 859 4854 nulla
875 4797 1008 4868 regularia
1024 4797 1114 4869 ligura
1132 4797 1232 4854 babeat
1243 4795 1290 4870 {35
1309 4811 1360 4850 nec
1371 4810 1432 4854 curn
1445 4793 1612 4872 megarico
1627 4803 1689 4854 uno,
1706 4785 1813 4877 iniunt
1825 4799 1900 4840 enom

545 4878 683 4941 tractos,
709 4872 769 4932 tum
791 4875 883 4934 nudus
904 4876 981 4934 solua
1002 4876 1117 4946 angulus
1141 4875 1190 4932 fiat
1209 4882 1317 4938 unlus,
1340 4873 1478 4930 dimidium
1503 4887 1566 4927 varo
1590 4872 1674 4942 buius
1696 4871 1732 4952 sut
1753 4865 1900 4932 quantine

546 4955 719 5026 tetragonlci‚
737 4956 772 5011 de
788 4973 842 5027 quo
857 4957 914 5026 jan
930 4947 975 5011 est'
991 4962 1095 5025 actum
1119 4970 1169 5013 noc
1188 4969 1249 5010 cum
1265 4952 1447 5022 heptagonico
1464 4950 1508 5006 vel
1525 4949 1684 5020 ocwgcnicb
1700 4942 1742 5000 vel
1760 4957 1900 5011 euueago

547 5038 617 5106 nied,
635 5033 760 5104 sngubq
783 5044 920 5091 restarent
936 5035 1008 5092 enim
1022 5051 1075 5105 pro
1093 5024 1193 5105 unguo
1211 5033 1309 5094 tertiae
1327 5031 1427 5102 speciei
1445 5030 1592 5101 figurarum
1603 5028 1660 5086 ¹rel
1676 5027 1711 5098 gt
1737 5022 1781 5114 vel
1803 5024 1833 5093 ⁸⁸¹
1857 5025 1901 5080 vel

546 5115 592 5186 Ι·,·,
615 5113 711 5183 quales
727 5112 805 5170 nulla
820 5114 953 5184 regularia
970 5113 1057 5181 ligura
1073 5112 1165 5168 babet
1201 5112 1276 5183 Ergo
1288 5113 1447 5182 trigonicus
1463 5125 1542 5166 nnus
1560 5123 1633 5192 eumq·
1649 5107 1816 5174 decagomoo
1843 5119 1900 5160 uno

454 5215 459 5223 ·
549 5194 714 5266 acnpcabua
730 5192 858 5265 relinquit
882 5192 986 5249 bistnru
1005 5192 1052 5266 ἓξ,
1079 5199 1195 5261 quantus
1222 5198 1264 5247 eat
1286 5187 1620 5272 pentskaedecagcnicua
1645 5185 1701 5242 liic
1718 5189 1762 5240 eut
1785 5184 1901 5258 quiden
