4467 6192
576 668 639 730 394
1084 664 1234 721 Ptolemaei
1251 666 1407 723 Harmonia.

575 838 688 896 stabiles
705 839 834 911 quinque.
870 840 917 896 Sin
935 847 1025 897 autem
1044 842 1102 897 siae
1120 857 1203 898 cansa
1219 841 1310 912 placet
1328 840 1466 911 duplicare
1483 840 1622 913 diapason,
1640 842 1762 913 placebit
1772 844 1821 899 alii
1838 844 1909 913 tripli·

575 934 647 984 care,
666 918 806 990 utplures
825 918 927 974 babeat
943 921 1067 991 stabiles,
1087 922 1169 976 etiam
1187 920 1324 982 veteribus
1342 922 1437 976 ιιιιιοι.
1473 922 1528 977 Tot
1544 920 1629 992 igitur
1644 922 1799 978 aomimbas
1817 923 1911 979 vacillat

575 997 747 1067 septenarius
766 997 904 1053 stabilium
923 1012 1057 1055 sonorum.

664 1076 737 1132 Nota
754 1076 802 1133 IX.
838 1078 976 1134 Econtra
993 1081 1164 1149 septenarius
1181 1068 1310 1135 nannenus
1328 1078 1498 1149 planetarum
1516 1089 1558 1136 est
1568 1081 1603 1135 'in
1620 1080 1733 1149 antiqua
1751 1086 1859 1135 tantum
1875 1094 1911 1136 ιιι

577 1161 743 1217 Ptolemaios
760 1161 932 1229 astronomia,
952 1167 982 1215 at
999 1161 1045 1215 illa
1063 1161 1141 1216 nobis
1159 1159 1292 1216 terricolis
1310 1174 1341 1214 ιι
1359 1175 1407 1231 per
1426 1160 1521 1215 oculos
1531 1160 1664 1229 insinuat,
1683 1175 1746 1214 oum
1762 1162 1866 1230 reipsa
1878 1176 1911 1215 res

577 1242 658 1312 louge
675 1241 774 1296 habeat
790 1240 875 1295 aliter.
912 1242 982 1296 Nem
1000 1242 1023 1295 si
1041 1241 1183 1310 primarios
1201 1241 1326 1310 planetas
1351 1240 1378 1295 in
1396 1240 1498 1295 mundo
1517 1240 1685 1300 consideres,
1709 1248 1776 1296 sunt
1794 1240 1815 1294 ii
1833 1255 1912 1294 sesan

577 1320 642 1377 dum
665 1321 843 1390 Cupernieum
866 1331 978 1375 numero
1001 1336 1057 1376 sex,
1092 1321 1172 1375 Luna
1190 1319 1280 1375 Solem
1304 1335 1358 1373 non
1381 1318 1603 1389 circumvehitur,
1630 1318 1679 1375 sed
1701 1317 1857 1385 Tellurem,
1880 1327 1912 1373 est

576 1401 659 1469 igitar
675 1400 747 1454 inter
765 1399 954 1469 secundarios,
974 1407 1004 1455 ut
1021 1403 1038 1456 4
1056 1398 1270 1467 circumjoviales
1289 1406 1320 1453 et
1334 1398 1425 1454 ceteri.
1463 1399 1509 1454 Sin
1528 1414 1622 1454 omnes
1639 1412 1818 1454 numeramus
1836 1397 1913 1466 piane

577 1488 628 1549 tas,
647 1480 727 1535 etiam
746 1479 933 1548 secundarios,
959 1488 987 1535 st
1004 1481 1051 1550 qai
1070 1479 1196 1549 planetas
1214 1477 1282 1534 alios
1301 1478 1539 1534 circumvehuntur
1562 1477 1676 1549 epicycli
1692 1485 1784 1545 motu,
1808 1478 1865 1545 jam
1879 1492 1912 1530 es·

575 1559 708 1628 perdentia
732 1557 922 1627 additusque
949 1559 1076 1615 excurrit.
1113 1558 1243 1614 Omnibus
1268 1558 1349 1627 igitur
1371 1558 1458 1653 modis
1483 1557 1595 1613 ιοιιιιιιιι
1619 1564 1661 1612 ιιι
1679 1558 1852 1627 conspiratio
1868 1571 1913 1624 ssp-

576 1640 739 1693 teuariorum
757 1637 889 1692 istorum.

661 1716 782 1771 Natali.
819 1716 894 1785 Quae
913 1716 957 1770 bic
974 1714 1009 1770 de
1026 1722 1101 1771 motu
1119 1715 1216 1770 diurno
1234 1717 1318 1770 totius
1331 1714 1423 1770 mundi
1442 1715 1477 1771 ab
1489 1716 1591 1771 ortuis
1601 1711 1739 1785 occasum,
1758 1722 1789 1770 et
1807 1714 1914 1770 demota

576 1795 709 1865 sphaerae
726 1792 840 1848 drumm
859 1793 1013 1849 tardissimo
1030 1794 1059 1848 in
1072 1795 1237 1851 contrariam
1249 1796 1357 1865 plagam
1370 1796 1504 1864 dicuntur,
1523 1811 1556 1850 ea
1567 1803 1631 1850 suut
1643 1801 1833 1853 consentanea
1844 1802 1913 1849 astro

476 1898 478 1903 .
578 1872 683 1929 nomiae
701 1872 889 1927 Ptolemaicae.
926 1873 1090 1965 Copernicas
1108 1872 1196 1928 reales
1214 1874 1265 1928 hos
1284 1882 1374 1929 motus
1393 1892 1447 1929 nou
1465 1874 1595 1943 agnoscit,
1614 1873 1662 1928 sed
1680 1874 1804 1942 priorem
1822 1872 1915 1943 quiden

576 1952 748 2023 transscribit
765 1950 895 2007 volutiani
914 1951 1030 2007 Telluris
1050 1952 1122 2007 eirca
1135 1969 1214 2008 suum
1233 1970 1311 2010 asem
1329 1955 1356 2009 in
1369 1953 1476 2024 plagam
1489 1952 1650 2063 oppositam,
1669 1955 1854 2023 posteriorem
1864 1966 1915 2007 reno

577 2030 704 2127 emotioni
723 2030 782 2085 axis
800 2029 918 2103 Telluris
937 2045 952 2084 e
971 2046 1020 2085 sno
1040 2031 1094 2086 sita
1112 2030 1285 2100 parallelo

618 2110 866 2164 Notalll.1n
886 2110 1051 2164 astronomia
1069 2111 1211 2180 copernici
1230 2112 1373 2168 dicendam
1391 2112 1437 2169 bic
1455 2119 1537 2179 ιιιιι,
1556 2126 1678 2181 apogaes
1694 2110 1856 2179 limitesque
1871 2108 1916 2179 pla·

494 2212 501 2221 ¹
574 2196 698 2245 netarum
716 2189 813 2243 boreos
838 2196 865 2244 et
882 2191 1018 2246 austrinos
1036 2198 1170 2260 perpetuo
1195 2192 1246 2246 sab
1264 2191 1359 2247 iisdem
1382 2192 1445 2247 fixis
1464 2191 1619 2261 quiescere;
1640 2191 1695 2245 hoo
1716 2191 1792 2245 enim
1817 2187 1917 2244 credidit

575 2268 748 2325 Ptolemaeus
767 2268 801 2322 ιιι
819 2270 934 2338 planetis
954 2272 1080 2339 quinque.
1116 2272 1151 2325 At
1169 2270 1328 2326 observatio
1341 2270 1469 2337 longioris
1483 2270 1541 2324 aeri
1560 2270 1663 2325 detexit
1677 2270 1774 2337 plura;
1795 2284 1861 2324 nam
1870 2282 1918 2320 soc·

575 2348 677 2403 cedunt
694 2349 774 2402 etiam
793 2348 861 2403 baec
879 2358 980 2417 puncta
997 2350 1156 2419 imaginaria
1179 2350 1269 2406 afixe
1292 2351 1326 2405 ad
1344 2350 1427 2405 fixam
1449 2350 1538 2417 aliam,
1558 2355 1585 2405 ιι
1605 2347 1803 2418 inaequalibus
1823 2344 1917 2414 quidem

578 2428 719 2484 celeritate
736 2428 933 2497 progressibus.

664 2526 737 2583 Nota
754 2528 815 2583 Χιι.
852 2527 913 2582 Jam
938 2527 1011 2596 qnod
1030 2527 1207 2595 sphaerarum
1224 2526 1424 2594 magnitudines
1443 2526 1556 2589 attinet,
1581 2538 1629 2578 eae
1651 2521 1727 2577 nullo
1751 2522 1919 2576 modorum

579 2620 670 2661 saram
688 2607 800 2663 eandem
819 2606 976 2672 observent,
1002 2622 1082 2676 quam
1102 2606 1264 2661 chordarum
1281 2604 1437 2676 longitudo,
1462 2618 1496 2657 sc
1518 2618 1553 2657 ne
1571 2602 1675 2655 eminus
1694 2600 1807 2669 quidem
1835 2613 1919 2689 appro

580 2686 721 2755 pisanam,
740 2687 788 2741 sed
807 2684 1009 2754 generalissima
1028 2684 1160 2752 quaedam
1179 2683 1316 2752 allegatur
1332 2684 1537 2753 proportionum
1558 2676 1883 2748 inaequalissimarum
1862 2674 1921 2731 armi

577 2760 676 2834 litudo,
703 2772 730 2818 st
755 2765 857 2819 nudum
881 2780 968 2818 meses
987 2779 1099 2827 nomen,
1127 2769 1154 2817 et
1177 2764 1298 2833 opinatio
1324 2764 1359 2817 de
1382 2763 1558 2831 sphaerarum
1583 2759 1784 2830 magnitudine
1812 2773 1882 2828 quae
1900 2759 1920 2810 is

576 2846 747 2901 astronomia
764 2844 914 2899 Ptolemaei
929 2842 1016 2899 libera
1034 2842 1142 2911 quidem
1161 2852 1211 2911 est,
1231 2843 1279 2897 sed
1297 2858 1314 2896 a
1331 2857 1396 2896 rera
1407 2839 1574 2895 astronomia
1584 2838 1730 2893 refutatur.
1767 2838 1923 2906 Quinem

575 2922 641 2977 ordo
666 2922 837 2991 planetarum
863 2923 1001 2978 veteribus
1026 2922 1249 2991 creditus'longe
1273 2920 1355 2974 habet
1379 2915 1458 2973 aliter
1476 2918 1549 2987 apud
1568 2917 1748 2987 Copernicum
1770 2924 1801 2970 ιι
1826 2922 1924 2985 praeter

574 3002 742 3071 opinionem.
778 3003 839 3057 Etsi
858 3002 974 3057 enimin
994 3002 1122 3069 Saturno,
1137 3002 1214 3068 Jove,
1233 3001 1322 3054 Marte
1339 2997 1432 3053 nullus
1450 3012 1526 3052 error
1543 2996 1654 3065 ordinis,
1673 3004 1703 3050 at
1719 3010 1771 3049 nec
1789 2995 1819 3048 irs
1831 2995 1924 3047 Venere

574 3090 601 3137 et
622 3081 771 3149 Mercurio,
798 3090 924 3150 respectu
948 3080 1107 3136 inclusionis
1131 3088 1158 3136 et
1176 3078 1447 3147 circumscriptionis3
1473 3082 1503 3130 at
1516 3076 1554 3129 -in
1573 3074 1636 3129 Sole
1654 3080 1729 3127 errat
1750 3079 1831 3127 retus
1852 3080 1925 3126 astro

574 3160 676 3227 nomia,
698 3175 758 3214 cum
778 3160 934 3215 certissimis
953 3159 1145 3229 experimentis
1164 3159 1378 3214 demonstratum
1395 3156 1554 3223 babeamus,
1566 3152 1700 3208 Venerem
1712 3154 1813 3221 (eoque
1825 3160 1855 3205 et
1865 3150 1925 3204 ιιιι

575 3239 688 3305 curium)
717 3238 788 3293 circa
807 3238 896 3293 Solem
913 3238 961 3305 ire,
979 3246 1034 3293 tam
1053 3236 1164 3293 altiores
1181 3238 1229 3291 illo
1247 3236 1423 3305 quaudoque,
1440 3250 1521 3303 quam
1539 3233 1656 3288 vicissim
1673 3231 1835 3286 humiliores
1854 3232 1926 3290 sliam

574 3325 601 3372 et
626 3317 790 3372 Mercurium
812 3316 920 3385 quidem
937 3318 1044 3372 Venere
1062 3334 1135 3374 nuno
1153 3318 1290 3385 ιιιιιιιιιι,
1309 3315 1415 3371 dsunt
1433 3314 1592 3369 humiliores
1610 3310 1689 3380 Sole,
1708 3327 1783 3366 nunc
1801 3327 1836 3366 ea
1852 3308 1927 3364 humi

573 3396 683 3465 liorem,
703 3398 726 3451 si
744 3396 822 3450 ambo
842 3395 905 3451 Sole
924 3394 1041 3450 altiores.
1078 3397 1175 3464 Itaque
1200 3403 1231 3451 ut
1251 3395 1411 3451 emendetur
1427 3394 1472 3447 hic
1490 3392 1557 3447 ordo
1580 3390 1729 3445 secundum
1748 3392 1929 3462 Copernitsn,

576 3474 693 3529 Telluris
718 3481 745 3527 et
764 3474 834 3529 Solis
853 3474 1020 3529 conditiones
1039 3480 1102 3528 sunt
1122 3475 1330 3544 permutandae,
1354 3480 1386 3530 ut
1409 3473 1540 3540 uon.Sol,
1564 3470 1612 3526 sed
1631 3470 1716 3525 Terra
1745 3471 1864 3524 ιιιιιιιιι
1888 3483 1928 3521 sno

580 3550 682 3607 mediet
706 3550 777 3606 inter
794 3551 930 3621 planetas,
956 3551 1003 3606 Sol
1020 3566 1083 3607 vero
1103 3562 1150 3608 eor
1172 3554 1209 3609 sit
1225 3555 1343 3609 omnium
1361 3559 1390 3609 et
1413 3558 1545 3618 centrum,
1573 3565 1628 3604 non
1646 3549 1741 3604 Terra.
1787 3548 1826 3602 lit
1849 3556 1929 3602 uma

578 3631 670 3686 etiam
683 3630 721 3685 sic
741 3630 876 3699 (restituto
895 3628 1081 3699 ordine'sero)
1101 3631 1223 3687 exulabit
1240 3648 1256 3685 e
1274 3648 1387 3687 numero
1406 3633 1492 3698 Luna,
1511 3638 1542 3688 ιι
1560 3644 1631 3699 quae
1649 3626 1789 3683 Tellurem
1808 3623 1929 3683 mmuh

588 3715 674 3778 e'oque
692 3724 708 3763 a
726 3717 819 3763 centro
840 3707 1009 3777 planetarum
1028 3710 1108 3763 abest
1125 3708 1233 3777 longius
1245 3712 1351 3765 Venere
1369 3718 1397 3766 et
1418 3709 1564 3765 Mercurio
1597 3710 1641 3763 lta
1660 3714 1724 3763 nete
1736 3706 1930 3791 hyperbolaeon

584 3788 691 3842 nullum
708 3787 821 3843 habebit
839 3786 983 3856 planetam,
1002 3792 1060 3859 ant,
1079 3792 1109 3841 ut
1126 3788 1231 3843 Lunam
1248 3789 1361 3858 babeat,
1380 3803 1524 3887 enumero
1523 3783 1680 3842 ιιιιιιιιιι
1697 3793 1725 3840 et
1743 3784 1811 3839 ιιιιιί
1827 3794 1932 3839 seorsn

589 3867 641 3923 erit
657 3865 800 3923 tendenda

676 3948 754 4015 Quod
772 3959 836 4000 sero
849 3931 906 4013 jam
925 3944 1037 4000 mobiles
1055 3945 1120 4000 hinc
1138 3961 1220 4000 sonos
1238 3961 1288 4000 sen
1304 3946 1392 4013 locos,
1415 3944 1479 3999 inde
1496 3944 1676 4013 particulares
1694 3940 1866 4011 singulorum
1882 3938 1931 4007 pls

591 4032 715 4082 netarum
735 4024 866 4091 sphaeras
884 4023 990 4093 attinet,
1008 4022 1059 4077 hic
1064 4024 1163 4078 iterum
1175 4025 1367 4118 impedimenta
1378 4023 1472 4092 multa,
1491 4040 1545 4093 quo
1563 4024 1651 4078 minus
1667 4021 1837 4091 comparatio
1853 4016 1934 4089 poss'a

590 4103 704 4158 institui.
740 4102 809 4157 Nam
827 4100 1113 4171 proslambanomenos
1132 4119 1187 4157 non
1204 4104 1288 4158 habet
1306 4103 1395 4158 socios
1413 4101 1537 4170 mobiles,
1555 4116 1616 4156 cum
1631 4100 1766 4155 Saturnus
1784 4107 1877 4154 umen
1892 4096 1933 4149 hs

588 4182 652 4237 beat
670 4181 828 4259 epicyclum,
848 4188 875 4236 ιι
893 4182 971 4235 Luna
990 4178 1109 4250 epicyclo
1129 4182 1248 4238 secando
1267 4176 1309 4243 t'in
1321 4184 1487 4239 asmonomia
1503 4189 1648 4250 utrumque
1659 4178 1842 4247 Ptolemaios]
1859 4183 1934 4241 uret

588 4275 649 4314 cum
668 4260 704 4315 sit
716 4250 796 4328 apud
814 4264 896 4313 neten
916 4260 990 4314 socia
1007 4258 1124 4328 mobilis,
1143 4268 1295 4330 paranete!
1318 4262 1388 4316 Nam
1407 4261 1479 4331 quod
1492 4261 1665 4316 Ptolemaeus
1676 4260 1773 4315 Lunae
1785 4275 1836 4330 per
1846 4270 1933 4312 secur

587 4338 671 4394 tricos
690 4336 771 4393 etiarn
789 4338 885 4393 tribuit
895 4334 998 4407 longos
1017 4336 1177 4396 descensus
1174 4356 1367 4410 ascensusque
1384 4351 1474 4410 (quem
1491 4354 1542 4409 ego
1560 4340 1594 4393 ad
1612 4354 1755 4393 numerum
1765 4335 1934 4406 mss-gisalo

586 4418 645 4473 ta
637 4436 665 4473 ru
683 4424 760 4471 testu
782 4430 841 4470 sum
860 4416 962 4470 merito
986 4422 1109 4485 secutus,
1136 4421 1237 4490 quippe
1259 4419 1373 4491 loquens
1399 4420 1476 4476 uelut
1497 4434 1531 4474 es
1554 4418 1614 4489 ejus
1638 4427 1708 4488 oret,
1736 4417 1873 4473 refutatus
1898 4420 1936 4466 st

588 4499 689 4555 dudum
707 4494 895 4551 astronomicis
914 4496 1115 4565 experimentis.
1152 4496 1207 4553 Sed
1225 4512 1276 4553 nec
1295 4499 1468 4568 respondent.
1480 4497 1661 4569 epinyclorum
1683 4496 1886 4566 magnitudines
1901 4494 1935 4545 ιι

588 4578 708 4635 ιιιιιιιιι
725 4576 797 4629 inter
815 4574 934 4639 saties,
950 4590 1038 4644 nsque
1056 4575 1285 4645 magnitudinibus
1304 4578 1345 4646 (ut
1363 4586 1477 4648 apparet
1495 4594 1529 4633 ex
1546 4594 1587 4647 eo,
1606 4578 1680 4647 quod
1692 4576 1873 4647 triplicandae
1884 4574 1937 4629 tae

587 4664 651 4711 runt
669 4657 862 4726 proportiones
881 4655 1036 4725 systematis
1054 4653 1174 4723 musici),
1201 4670 1289 4724 neque
1308 4656 1483 4712 similitudino
1500 4656 1698 4726 proportionis,
1716 4671 1772 4709 noa
1790 4659 1898 4709 natan
1912 4650 1938 4703 ιι

589 4738 792 4805 comparatione
819 4736 854 4790 ad
879 4750 909 4789 se
926 4741 1033 4802 mutuo,
1060 4732 1109 4787 sed
1134 4732 1216 4786 etiam
1240 4732 1275 4787 ad
1292 4736 1375 4790 orbes
1392 4750 1472 4803 suos;
1498 4733 1541 4788 bis
1560 4734 1631 4788 enim
1656 4732 1780 4788 omnibus
1796 4729 1887 4786 modis
1902 4728 1937 4782 ιι

589 4814 717 4885 aequales
736 4820 803 4867 sunt
819 4812 947 4881 utrinqne
964 4811 1169 4882 proportiones,
1196 4817 1228 4865 ut
1246 4812 1383 4880 epicyclus
1400 4809 1497 4867 Martis
1518 4812 1801 4879 omnium'maximus,
1825 4808 1938 4865 ama

589 4893 624 4947 ad
643 4908 725 4947 sunm
743 4891 835 4946 orbem
854 4898 1027 4959 comparatus
1047 4891 1128 4945 etiam
1141 4889 1235 4961 maior,
1254 4907 1317 4944 curn
1328 4891 1466 4952 stabilium
1478 4904 1605 4945 sonorum
1617 4887 1938 4945 intervallssolnmmoda

589 4972 644 5026 siut
661 4970 846 5041 magnitudine
866 4969 1031 5043 differentia,
1056 4987 1140 5025 unum
1152 4970 1220 5024 ‘toni
1240 4970 1407 5038 disjunctim,
1435 4968 1550 5024 alternus
1572 4967 1740 5025 tetrachordi
1763 4967 1940 5021 disemum

588 5052 630 5105 lta
650 5050 728 5105 rides
745 5049 774 5101 iu
792 5047 902 5118 tabella,
921 5066 956 5104 ιι
975 5049 1026 5104 hac
1044 5048 1153 5118 quidem
1171 5048 1352 5115 triplicatione
1369 5047 1575 5118 proportionum
1594 5048 1748 5117 systematis
1766 5046 1868 5111 ιιιιιι,
1888 5059 1940 5112 qao

590 5126 678 5183 minus
695 5126 724 5182 in
742 5127 831 5182 Marte
856 5135 884 5185 et
900 5128 1008 5185 Venere
1025 5128 1157 5183 immanes
1182 5128 1237 5183 sint
1259 5144 1432 5184 numerorum
1449 5127 1692 5185 astronomicarum
1716 5142 1734 5182 a
1754 5124 1865 5181 musicis
1889 5122 1941 5180 ιι
