4467 6192
531 657 594 718 468
922 649 1089 721 Appendieis
1106 649 1329 706 Harmonieorum
1347 630 1489 721 Apologia

533 829 662 891 criminis
686 830 855 908 opinibnem
877 831 1050 891 sustineant.
1096 829 1142 889 De
1164 836 1261 892 cetero
1284 829 1408 890 candide
1430 847 1476 891 me
1499 828 1555 890 tibi
1577 847 1708 905 excuso,
1730 848 1776 890 me
1795 847 1870 910 prac-

531 925 666 994 terqnam
689 916 770 994 qnod
794 919 931 978 omnibus
952 936 1027 995 pens
1050 918 1136 977 lineis
1165 934 1236 976 eum,
1253 918 1363 991 iassns,
1394 916 1466 976 nihil
1488 916 1570 978 eliud
1598 921 1798 996 quaesivisse,
1825 917 1874 978 boc

531 1005 644 1066 scilicet
675 1013 764 1064 unum
791 1013 955 1084 spectasse,
990 1014 1023 1068 nt
1053 1003 1178 1069 lectores
1208 1007 1350 1082 imperiti,
1387 1006 1435 1080 qni
1460 1005 1546 1068 laeile
1569 1006 1664 1066 titulis
1695 1006 1874 1084 decipiuntur,

532 1095 649 1167 scirent,
676 1092 748 1168 quid
771 1092 849 1171 apud
873 1110 1028 1170 quemque,
1053 1109 1111 1169 quo
1134 1092 1494 1175 discrimineinrenirent.
1538 1092 1573 1152 Id
1594 1092 1725 1154 sialiter
1745 1094 1806 1154 lieri
1826 1110 1875 1152 nen

532 1182 638 1257 potuit,
664 1183 734 1257 quin
759 1187 791 1238 tu
815 1177 863 1239 vel
884 1181 1120 1259 perstringentis
1141 1180 1244 1240 leviter
1268 1177 1316 1259 vel
1339 1178 1524 1241 offenderetis
1548 1184 1688 1261 graviter,
1713 1182 1785 1240 illud
1802 1184 1876 1257 equi·

531 1268 597 1327 dem
620 1270 802 1342 necessario,
836 1267 895 1337 hoc
921 1276 1023 1353 contra
1052 1285 1148 1328 meam
1181 1267 1363 1326 voluntatem
1386 1267 1495 1327 laetum
1525 1269 1711 1346 perpendito,
1755 1269 1793 1329 Et
1814 1269 1878 1329 haec

531 1355 650 1432 quidem
674 1354 709 1414 de
733 1357 1002 1433 comparationibus
1024 1356 1097 1415 meis
1121 1374 1158 1415 ex
1179 1353 1340 1432 appendice
1362 1352 1402 1412 ad
1426 1372 1500 1431 opus
1522 1353 1754 1426 Haimonicnm

619 1440 768 1518 Quantum
791 1439 1102 1520 attinet'praesentem
1126 1441 1304 1526 apologiam,
1327 1443 1382 1518 etsi
1406 1441 1513 1502 crebris
1536 1443 1650 1518 injuriis
1661 1445 1794 1504 irritatus
1815 1461 1878 1503 cau·

530 1547 594 1590 sam
618 1527 787 1590 habuissem
810 1533 920 1606 passim
943 1528 1183 1602 excandescendi‚
1207 1546 1292 1608 spero
1316 1535 1413 1588 tamen
1436 1527 1509 1588 nihil
1532 1531 1560 1589 in
1576 1539 1615 1603 te,
1639 1532 1716 1590 nihil
1739 1534 1770 1590 in
1793 1532 1878 1590 bono·

529 1636 591 1677 rem
614 1616 662 1678 vel
685 1617 858 1694 dignitatem
874 1609 962 1677 'tuam
985 1618 1183 1678 dictumesse
1207 1619 1336 1692 gravius,
1362 1608 1434 1675 nibil
1458 1616 1537 1694 quod
1561 1636 1627 1678 cum
1649 1621 1815 1680 acerbitate
1836 1628 1878 1678 tna

530 1704 652 1765 conferri
675 1708 785 1783 possit3
815 1706 892 1765 sales
916 1721 985 1765 vero
1008 1713 1038 1766 et
1057 1706 1117 1781 joci
1142 1704 1354 1781 disputatorum
1385 1712 1453 1764 sunl
1480 1705 1688 1768 embammate„
1734 1705 1801 1767 Hac
1822 1726 1878 1767 mea

530 1786 807 1870 aequanimitatem
831 1800 863 1852 tn
886 1793 974 1859 saeris
996 1793 1166 1868 mitigatus,
1188 1790 1260 1852 nibil
1283 1792 1312 1849 in
1336 1800 1485 1868 posterum
1509 1793 1659 1870 impediet,
1684 1798 1757 1871 quin
1782 1796 1875 1854 amiei-

530 1883 600 1941 tiam
624 1881 754 1940 colemus
776 1880 935 1942 literariam
958 1887 988 1944 at
1010 1879 1090 1957 quod
1113 1881 1236 1959 quisque
1253 1880 1365 1954 accepit
1381 1879 1480 1957 aDeo
1498 1880 1650 1956 talentum,
1676 1881 1709 1941 id
1724 1885 1756 1941 in
1770 1882 1876 1942 laudam

530 1969 668 2028 creatoris
698 1969 786 2044 inque
817 1968 1011 2029 cruditionem
1041 1970 1167 2045 proximi
1201 1968 1275 2027 eitra
1304 1967 1546 2027 obtrectationem
1578 1967 1705 2029 alterius
1735 1971 1871 2044 conferat;

530 2072 698 2132 quaerero
722 2056 795 2116 alter
818 2057 856 2116 ab
879 2056 971 2116 altero
995 2055 1068 2115 bene
1090 2058 1199 2133 scripta
1223 2050 1384 2127 offenderit,
1408 2072 1443 2116 ea
1464 2054 1503 2112 ab
1524 2054 1574 2115 illo
1599 2074 1669 2119 eum
1693 2061 1872 2118 veneratione

530 2141 680 2218 largitoris
697 2145 818 2221 spiritus
841 2144 938 2204 animo
960 2144 1045 2220 grato
1067 2149 1200 2221 acceptet
1222 2150 1311 2217 atque
1334 2142 1455 2208 fruatur,
1501 2141 1586 2203 Vale.
1657 2222 1660 2223 7

992 2228 1056 2291 Cal.
1079 2230 1208 2309 Augusti
1232 2231 1303 2288 anni
1328 2224 1420 2293 1621.

989 2358 1003 2403 γ
1102 2385 1307 2483 ΗΜ
