4467 6192
538 658 603 721 att
952 646 994 708 De
1013 653 1278 724 configurationibus
1298 612 1478 708 Harmonicis.

538 828 647 898 lectum,
665 828 737 898 quod
754 835 894 897 aspectam
907 830 1083 898 quincuncem
1102 846 1152 885 seu
1168 831 1237 885 150⁰
1256 845 1318 884 cum
1330 827 1439 896 quintili
1451 826 1503 881 72⁰
1518 831 1545 879 et
1557 822 1695 893 biquintili
1705 821 1781 877 144⁰
1800 818 1888 875 eodem

538 909 625 979 gradu
643 908 744 976 locavi,
763 908 849 977 prima
867 913 958 962 mmeu
975 907 1040 962 sede
1058 908 1100 963 his
1119 908 1190 964 data.

625 983 849 1059 Propositio
871 981 958 1042 XIV.
1004 981 1141 1058 Quintus,
1164 984 1284 1045 ultimus
1307 991 1336 1042 et
1359 982 1603 1042 imbecillissima
1626 984 1802 1056 aspectuum
1824 992 1889 1051 gra-

540 1072 594 1131 dus
618 1078 663 1131 est
686 1071 788 1130 deoilie
811 1080 840 1129 et
861 1071 1016 1143 trideoilis,
1040 1071 1136 1130 ootilis
1159 1079 1188 1131 et
1211 1071 1353 1129 trioctilis.

625 1152 754 1220 umatum
772 1153 861 1207 locum
880 1155 933 1208 leci
951 1153 1029 1208 decili
1048 1163 1076 1208 et
1087 1154 1203 1209 trideoili
1217 1154 1388 1215 (Maestliuus
1401 1149 1608 1221 semiquiatilem
1622 1156 1650 1204 et
1661 1148 1892 1219 sesquiquintilem

518 1297 521 1302 ¹
541 1232 686 1302 appellat),
714 1248 782 1301 quos
800 1232 827 1284 in
846 1232 1075 1301 Ephemeridibus
1092 1235 1225 1289 hactenus
1244 1233 1333 1302 omisi,
1353 1232 1450 1301 quibus
1469 1230 1600 1285 associavi
1623 1229 1731 1283 octilsm
1751 1238 1779 1282 et
1797 1228 1894 1283 trioeti·

539 1310 594 1365 lem
612 1326 662 1366 scu
680 1310 843 1379 sequadrum
863 1322 890 1365 et
909 1313 1100 1383 sesquadrum,
1121 1330 1189 1382 quoe
1208 1311 1459 1379 calendariogrephi
1477 1326 1512 1365 cx
1530 1326 1590 1364 mea
1602 1308 1709 1377 quidem
1722 1308 1894 1376 suggestione

540 1400 568 1445 et
589 1390 718 1444 nonnulla
730 1389 878 1444 Ptolemaei
897 1391 1067 1454 auctoritate,
1086 1392 1135 1445 sed
1154 1391 1231 1445 nimis
1249 1390 1337 1445 calide
1355 1395 1383 1444 et
1400 1388 1599 1444 inconsiderate
1616 1389 1800 1457 insinuemus.
1834 1387 1896 1440 Pro·

539 1469 660 1525 bendum
677 1467 758 1534 igitur
777 1475 818 1522 est
836 1475 988 1537 utrumque,
1007 1470 1123 1537 primum
1141 1470 1330 1526 imbecilliores
1349 1485 1409 1524 esse
1429 1471 1477 1523 hos
1491 1476 1609 1538 quatuor
1624 1469 1730 1536 quintili
1750 1472 1779 1521 et
1790 1467 1894 1535 biquin-

541 1550 595 1618 tili,
614 1548 711 1604 deinde
731 1547 844 1600 decilem
863 1556 890 1602 et
906 1547 1058 1602 tridecilem
1076 1549 1202 1604 fortiores
1222 1548 1294 1603 ootili
1313 1556 1340 1602 et
1359 1548 1479 1615 t‘rioctili,
1497 1564 1593 1617 pamm
1612 1547 1767 1602 admodum.

628 1628 695 1683 (lum
713 1627 795 1696 igitur
812 1627 1012 1695 propositiones
1031 1635 1141 1681 nostrae
1159 1628 1336 1696 praecipuum
1359 1627 1393 1682 ad
1412 1625 1561 1682 efficaciam
1578 1634 1744 1681 momentum
1763 1625 1896 1679 collocent

540 1720 567 1772 in
587 1707 763 1774 congruentia
779 1704 883 1774 figurae
903 1707 1080 1775 praecipuae,
1103 1708 1159 1760 hoo
1177 1713 1220 1761 est
1237 1705 1500 1775 circumferentialis,
1529 1704 1700 1759 manifestum
1719 1712 1777 1771 est,
1802 1710 1897 1772 pents-

540 1804 640 1857 gonnm
657 1793 686 1840 et
703 1786 809 1840 stellam
828 1786 888 1853 ejus
907 1801 1057 1855 congruere
1080 1801 1141 1839 cum
1161 1801 1226 1839 suae
1246 1800 1381 1853 quamque
1404 1784 1505 1854 speciei
1522 1784 1617 1853 figuris
1644 1785 1679 1839 ed
1697 1782 1817 1838 solidum
1842 1799 1897 1851 per·

540 1868 642 1924 fectum
659 1861 841 1934 formandum,
868 1872 900 1920 ιιι
914 1865 972 1933 jam
989 1865 1071 1918 modo
1090 1865 1206 1933 dietum,
1235 1879 1385 1931 congruere
1410 1866 1490 1919 etiam
1509 1866 1580 1919 inter
1597 1880 1627 1919 se
1644 1864 1759 1933 pulchre
1788 1862 1826 1917 ad
1844 1862 1897 1931 pla·

539 1962 603 2001 num
623 1943 804 1999 sternendum.
842 1946 1003 2012 llecagonus
1021 1942 1138 1997 vicissim
1149 1950 1176 1997 et
1189 1950 1339 2011 octogonus
1358 1960 1418 1998 oum
1431 1943 1517 1999 stellis
1531 1945 1596 2013 suis,
1616 1958 1740 2014 quaeque
1756 1958 1820 1997 cum
1834 1955 1896 1995 suae

542 2022 720 2095 specicialiis,
740 2022 767 2075 in
786 2021 873 2076 solido
892 2038 1041 2089 congruere
1059 2038 1113 2075 nou
1132 2031 1256 2091 possunt.
1294 2025 1452 2089 congruunt
1470 2023 1578 2092 quitiam
1602 2021 1763 2091 decagonus
1777 2028 1805 2075 et
1826 2028 1897 2077 octo·

540 2118 640 2173 genus,
668 2100 717 2155 sed
736 2117 798 2155 cum
816 2101 876 2154 aliis
902 2117 956 2154 non
974 2099 1099 2155 omnibus
1127 2101 1169 2154 sui
1188 2102 1307 2169 generis3
1336 2101 1431 2155 stellae
1449 2118 1512 2156 vero
1539 2103 1668 2179 inchoant
1693 2102 1817 2169 aliquam
1837 2116 1897 2154 cou-

539 2182 691 2252 gruentiam
708 2180 737 2234 in
755 2179 851 2248 solido,
870 2187 899 2233 at
916 2196 971 2233 non
989 2180 1148 2249 absolvunt3
1168 2181 1248 2233 etiam
1267 2182 1293 2233 in
1312 2181 1393 2249 plano
1411 2180 1557 2249 ignobilior
1575 2188 1617 2235 est
1634 2178 1727 2234 darum
1745 2192 1898 2248 congruen-

539 2265 587 2331 tia,
606 2260 671 2328 quia
688 2273 739 2311 neo
756 2267 864 2312 mutuas
881 2257 992 2312 tradunt
1012 2273 1108 2325 operas
1128 2260 1238 2326 quaevis
1257 2258 1346 2328 ligura
1363 2274 1424 2311 cum
1442 2273 1492 2312 sue
1510 2258 1591 2313 stella
1608 2257 1736 2323 solitarie,
1754 2264 1787 2311 ut
1805 2264 1898 2327 penta

437 2339 440 2351 ‘
541 2356 628 2411 gonns
648 2353 708 2392 oum
725 2352 791 2401 sue,
819 2337 867 2392 sed
886 2354 947 2392 cum
970 2337 1024 2390 illis
1043 2336 1100 2389 suis
1119 2336 1205 2391 stellis
1232 2344 1259 2391 et
1277 2344 1427 2405 octogonus
1449 2354 1509 2393 cum
1526 2346 1669 2406 tetragono
1692 2338 1720 2391 in
1739 2338 1899 2391 societatem

540 2419 651 2473 veniunt
669 2418 862 2484 congruentiae
880 2417 1000 2480 alienae,
1026 2415 1155 2483 illamque
1181 2415 1343 2483 quominus
1366 2417 1517 2471 continuari
1542 2419 1629 2487 possit
1655 2418 1715 2486 ipse
1739 2418 1899 2482 vdecagonus

540 2496 668 2566 impedit,
695 2495 775 2555 stella
799 2497 881 2550 etiam
900 2496 958 2564 ejus
978 2495 1095 2549 hiulcam
1120 2496 1147 2547 in
1175 2494 1271 2549 mediis
1294 2496 1453 2563 interceptis
1471 2496 1566 2565 spatiis
1591 2497 1656 2550 lacit
1683 2496 1899 2564 congruentiam

471 2637 474 2642 ,
541 2576 697 2643 Octogonus
715 2589 778 2629 vero
797 2582 825 2628 et
842 2574 921 2630 stella
941 2575 1000 2641 eJue
1024 2572 1135 2628 alternis
1156 2573 1255 2640 juvant
1280 2574 1512 2628 continuationem
1535 2576 1740 2643 congruentiae,
1771 2575 1900 2630 admixtis

542 2652 694 2725 quadratis,
722 2655 902 2722 congruentia
922 2655 954 2708 tit
975 2653 1180 2708 diversiformie.
1217 2654 1260 2707 Ita
1283 2668 1353 2722 pene
1376 2668 1456 2721 pares
1484 2664 1547 2709 suut
1570 2657 1621 2711 hae
1641 2666 1759 2725 quatuor
1783 2658 1812 2711 iu
1841 2672 1901 2709 eon·

541 2733 665 2805 gruentia
682 2731 772 2802 plana,
790 2721 949 2801 praesertim
968 2748 1030 2787 cum
1051 2748 1128 2786 creas
1147 2737 1278 2803 utraeque
1295 2732 1398 2801 figurae
1417 2732 1536 2788 habeant
1550 2732 1708 2789 ineffabiles.
1745 2734 1785 2788 At
1802 2734 1833 2787 in
1852 2733 1899 2787 sci-

541 2812 645 2867 bilitate
663 2811 778 2866 muitum
795 2812 936 2882 praecellit
962 2820 1037 2867 secta
1059 2812 1248 2879 pentagonica.
1283 2811 1403 2867 Primum
1428 2813 1453 2867 si
1469 2812 1603 2871 centrales
1624 2811 1725 2879 figuras
1744 2812 1901 2865 considere·

542 2903 610 2959 mus,
629 2904 699 2960 quae
718 2899 782 2944 eunt
800 2891 844 2945 hic
858 2891 915 2959 jam
933 2898 1105 2960 pentagonus
1125 2897 1152 2944 et
1171 2889 1250 2945 stella
1263 2891 1344 2961 ejus,
1362 2892 1469 2947 illarum
1486 2892 1594 2963 quidem
1612 2891 1698 2947 latera
1716 2892 1770 2946 sub
1787 2892 1902 2947 eandem

541 2970 661 3040 speciem
686 2969 863 3026 ineffabilium
886 2970 987 3024 cadunt
1010 2985 1071 3025 cum
1095 2969 1228 3026 lateribus
1247 2971 1373 3039 octogoni
1399 2979 1427 3025 et
1446 2971 1553 3038 stellae,
1582 2971 1726 3027 existentia
1744 2970 1860 3027 elasson
1878 2980 1904 3026 et

542 3048 646 3110 mizon3
665 3047 707 3102 sin
726 3048 996 3118 circumferentiales,
1024 3062 1094 3117 quae
1112 3047 1158 3103 hic
1174 3056 1238 3126 sunt
1260 3048 1348 3103 latera
1365 3050 1496 3119 decagoni
1522 3058 1550 3106 et
1567 3048 1662 3105 stellae
1681 3051 1754 3119 ejus,
1783 3051 1833 3105 iila
1851 3067 1902 3105 non

542 3133 648 3181 tentum
670 3133 734 3179 sunt
757 3141 793 3179 ex
811 3126 902 3195 specie
920 3124 1045 3178 nobiliori
1063 3126 1229 3180 binominum
1255 3134 1283 3181 et
1300 3136 1501 3198 apotomarum,
1530 3146 1592 3185 cum
1614 3132 1796 3199 octogonicaa
1814 3131 1903 3187 lineae

543 3206 598 3260 sint
616 3220 651 3259 ex
669 3211 765 3272 quarta
784 3204 888 3273 specie,
917 3218 987 3273 quae
1005 3211 1048 3257 est
1065 3204 1200 3259 micanum
1227 3212 1255 3259 et
1272 3206 1439 3271 massonum,
1467 3208 1516 3263 sed
1539 3209 1683 3279 acquirunt
1701 3210 1786 3265 etiam
1816 3208 1904 3264 omum

542 3282 629 3338 latera
654 3284 851 3353 pentagonicee
875 3293 966 3337 sectae
984 3282 1180 3341 nobilissimam
1198 3285 1392 3353 proprietatem
1411 3288 1538 3341 sectionis
1563 3286 1710 3341 secundum
1729 3296 1861 3342 extreme
1879 3295 1904 3339 et

541 3363 674 3429 medium,
702 3378 772 3430 quae
789 3362 871 3431 plane
889 3362 956 3416 nihil
975 3363 1073 3417 attinet
1098 3363 1185 3419 lineae
1204 3365 1388 3435 octogonicas.
1425 3364 1528 3431 Quodsi
1552 3366 1711 3433 octogonica
1729 3374 1810 3421 secta
1838 3382 1905 3419 non·

541 3441 610 3497 nihil
627 3440 796 3508 praepollere
815 3442 874 3500 visa
891 3447 934 3496 est
951 3441 977 3493 in
997 3444 1186 3512 congruentia,
1212 3443 1257 3497 hic
1271 3444 1329 3513 jam
1348 3444 1465 3499 vicissim
1483 3444 1568 3499 multo
1587 3445 1686 3499 lortius
1704 3444 1872 3512 deprimitur
1890 3462 1904 3497 a

542 3518 730 3589 pentagonica
765 3519 851 3574 Recte
867 3520 951 3589 igitur
969 3527 1107 3588 utrasque,
1127 3527 1158 3574 ut
1177 3522 1210 3576 de
1227 3522 1395 3592 praestantia
1414 3522 1617 3591 contendentes,
1637 3524 1665 3577 in
1685 3540 1767 3578 uuam
1787 3523 1905 3580 classem

544 3598 654 3667 redegi,
672 3598 822 3667 praemissa
838 3607 931 3654 tamen
949 3597 1137 3667 pentagonica.
1175 3600 1339 3655 consulatur
1357 3600 1390 3653 de
1409 3600 1451 3653 his
1473 3594 1620 3656 identidem
1638 3601 1706 3656 liber
1724 3603 1744 3655 l.

631 3675 684 3731 Est
702 3686 730 3731 et
746 3676 892 3745 peculiaris
910 3676 1100 3746 praerogativa
1119 3678 1269 3747 biquintilis
1288 3695 1354 3748 prae
1368 3680 1483 3734 tridecili
1502 3688 1529 3735 et
1540 3681 1650 3735 trioctili
1669 3682 1809 3751 etiamque
1829 3684 1905 3753 quin-

546 3770 640 3824 ounee,
660 3754 733 3823 quod
751 3755 832 3810 stella
848 3755 1038 3825 pentagonica,
1056 3757 1186 3825 primaria
1204 3776 1240 3817 sc.
1252 3757 1432 3829 illius-figura,
1452 3760 1622 3828 aptissimum
1634 3767 1661 3814 et
1672 3760 1801 3827 trigouici
1815 3776 1905 3817 aemu-

543 3835 601 3893 lum
617 3834 701 3891 habet
719 3834 862 3903 angulum
882 3835 946 3904 quia
964 3842 995 3889 ut
1011 3841 1066 3888 tres
1085 3838 1178 3907 anguli
1196 3839 1304 3908 trigoni,
1323 3838 1362 3895 sic
1376 3839 1457 3893 etiam
1476 3840 1597 3909 quinque
1610 3839 1700 3907 angult
1718 3839 1820 3895 stellae
1841 3856 1905 3910 pen·

542 3912 684 3982 tagonioee
698 3912 816 3982 junctim
835 3914 962 3982 utrinque
980 3926 1133 3980 aequantur
1149 3916 1268 3975 -duobus
1282 3918 1380 3989 rectis,
1409 3925 1439 3972 ut
1458 3918 1497 3972 sio
1514 3918 1601 3972 latera
1623 3917 1737 3986 angulos
1756 3918 1907 3973 formantia

541 3992 636 4048 οιιιιιιι
653 4007 733 4047 moue
752 4007 874 4062 quaeque
893 4009 958 4048 suos
975 3994 1159 4064 intercipiant,
1178 4014 1232 4051 non
1251 4014 1314 4053 vero
1334 3996 1397 4052 bina
1416 4005 1444 4050 et
1468 3996 1531 4051 bine
1552 3995 1844 4065 portionemaliquam
1857 3998 1906 4051 cir·

544 4069 598 4129 culi
616 4072 800 4140 communiter,
820 4072 893 4140 quod
911 4073 1032 4129 instella
1050 4082 1122 4143 octo,
1141 4074 1242 4145 decem,
1262 4075 1404 4131 duodecim
1420 4074 1565 4143 radiorum,
1585 4075 1619 4129 ob
1632 4074 1706 4142 paris
1718 4076 1831 4129 numeri
1844 4092 1905 4131 eon

544 4151 681 4211 ditionem,
699 4151 889 4220 inqueccteria
907 4151 1000 4219 liguris
1019 4152 1185 4222 primigeniis
1203 4157 1238 4211 ob
1257 4155 1348 4225 anguli
1366 4152 1575 4225 magnitudinem
1593 4152 1652 4207 fieri
1669 4169 1723 4207 non
1743 4162 1850 4221 potest

631 4228 749 4285 Excussi
767 4246 861 4286 omnes
878 4229 990 4298 loculos,
1009 4237 1041 4285 ut
1058 4233 1227 4300 argumentis
1245 4232 1349 4288 idoneis
1367 4232 1448 4287 iidem
1466 4231 1597 4301 lacerem,
1615 4248 1649 4285 ne
1668 4231 1766 4284 nimius
1788 4230 1841 4285 fiat
1860 4248 1906 4285 nu-

545 4325 635 4366 merus
659 4318 831 4379 aspectuum,
855 4309 1043 4366 confusionem
1069 4311 1096 4365 in
1122 4312 1288 4382 experiundo
1310 4313 1464 4382 pariturus;
1489 4312 1560 4365 intra
1585 4310 1746 4380 quadratum
1766 4311 1857 4378 igitur
1880 4322 1906 4363 et

544 4387 926 4462 quintilembiquintilemquc
945 4388 1150 4447 subsistendum
1175 4404 1236 4445 esse
1261 4405 1311 4445 neo
1336 4390 1371 4443 ad
1394 4404 1487 4443 eorum
1512 4388 1646 4443 derivatos
1673 4398 1794 4458 quatuor
1820 4386 1907 4441 ultimi

544 4468 644 4536 gratim
662 4477 758 4537 utpote
775 4468 964 4539 imbecillimos
984 4466 1225 4538 progrediendum,
1253 4468 1317 4523 licet
1334 4467 1384 4522 hos
1403 4483 1513 4539 quoque
1530 4468 1616 4538 prima
1633 4469 1786 4538 propositio
1809 4467 1907 4522 admit

544 4556 592 4602 tet.
630 4546 658 4599 Si
677 4557 766 4601 mmen
784 4536 839 4601 iste
857 4563 912 4601 non
930 4546 1105 4603 satisfaciunt
1131 4555 1160 4602 et
1177 4549 1201 4603 si
1218 4554 1294 4603 muta
1311 4556 1354 4603 est
1376 4549 1477 4618 primae
1504 4547 1696 4618 propositionis
1715 4547 1852 4616 dignitas,
1878 4556 1907 4599 ut

528 4626 702 4681 intercessio
721 4627 807 4681 omnis
825 4626 932 4683 sublata
950 4628 997 4682 eit:
1017 4642 1077 4696 age,
1094 4626 1193 4695 cuique
1212 4643 1261 4697 per
1278 4642 1320 4682 me
1338 4626 1454 4681 liberum
1467 4636 1535 4694 esto,
1553 4626 1689 4695 respicere
1707 4626 1742 4680 ad
1755 4626 1809 4681 hos
1825 4627 1906 4681 etiam

545 4712 685 4774 aspectus,
710 4707 868 4773 praesertim
889 4706 923 4761 iis
945 4705 1126 4777 temporibus,
1149 4706 1248 4773 quibus
1272 4705 1357 4761 ceteri
1379 4720 1472 4760 omnes
1499 4705 1640 4761 defuerint.
1677 4706 1732 4759 Par
1753 4706 1904 4771 suim‘est,

546 4798 628 4853 super
645 4782 688 4836 his
706 4799 813 4854 quoque
832 4786 921 4840 audiri
938 4785 1130 4842 testificantem
1149 4785 1357 4855 experientium,
1385 4791 1503 4856 atquae
1521 4792 1549 4839 et
1566 4785 1663 4841 cetems
1686 4784 1804 4854 primasii
1824 4786 1906 4841 tidem

545 4860 611 4916 iecit
628 4866 690 4915 ante
707 4861 834 4917 rationes.

631 4935 850 5011 Propositio
872 4938 945 5001 X-V.
989 4940 1064 5001 Sunt
1085 4940 1204 5017 aliquae
1227 4937 1487 5015 configurationes,
1511 4955 1588 5015 quae
1610 4942 1686 4999 inter
1710 4938 1850 4999 efficaces
1872 4946 1901 4999 et

546 5022 762 5169 {ron-siticeccs
784 5026 951 5103 ambiguut3
978 5014 1115 5089 nimirum
1136 5044 1220 5099 erasm
1244 5024 1307 5105 ιιι,υ
1337 5045 1373 5088 ex
1394 5026 1691 5105 pentekeedecagono
1723 5035 1755 5087 et
1781 5020 1844 5085 18⁰
1867 5044 1902 5087 ex

558 5126 709 5188 oosrgouo.
