4467 6192
533 611 596 669 278
919 604 961 659 De
979 605 1100 660 Motibus
1119 603 1294 659 Plauetarum
1312 603 1491 660 Harmonicis.

460 805 470 824 .
533 801 585 844 csse
608 785 787 842 eecenniece
808 782 922 842 orbitae
944 786 1039 841 uniue
1059 783 1193 842 habeant
1214 785 1294 841 inter
1315 801 1345 841 se
1357 787 1586 860 proportionem
1601 797 1736 842 evertam
1754 799 1878 858 propor-

536 875 628 931 tionis
648 871 878 929 intervallorum
901 871 1036 930 duorum
1059 890 1078 929 a
1102 871 1180 930 Sole.
1227 870 1319 929 Simul
1343 878 1441 930 autem
1471 869 1700 930 demonstratum
1723 877 1769 929 est
1792 889 1809 928 a
1831 885 1878 940 me,

532 955 663 1019 orbitam
683 958 828 1032 planetae
850 973 908 1017 esee
930 959 1102 1034 ellipticam,
1127 966 1154 1016 et
1178 959 1295 1032 Solem,
1319 929 1434 1034 iontem
1456 967 1564 1032 motus,
1588 976 1646 1017 este
1667 961 1702 1015 in
1723 959 1820 1018 altero
1838 959 1882 1034 [o-

532 1063 637 1106 corum
660 1045 752 1117 liujus
774 1045 893 1120 ellipsis,
917 1049 1020 1120 itaque
1040 1038 1120 1120 pieri,
1144 1053 1178 1102 ut
1196 1046 1340 1122 planeta,
1372 1045 1509 1106 absoluto
1531 1049 1623 1106 totius
1643 1049 1791 1104 circuitus
1811 1063 1882 1120 qua·

532 1133 642 1192 drante
669 1147 690 1189 a
712 1148 767 1190 tuo
790 1133 925 1209 aphelio,
952 1135 1086 1207 praecise
1114 1134 1262 1191 mediocre
1290 1132 1398 1191 lrabeat
1422 1125 1630 1191 intervallum
1652 1151 1672 1191 a
1688 1131 1782 1206 Sole,
1814 1135 1884 1189 inter

533 1224 706 1279 monimum
730 1222 763 1276 in
786 1221 904 1294 aphelio
934 1221 1146 1278 e'tmlnimum
1170 1224 1204 1277 in
1226 1220 1378 1296 perillelio.
1425 1221 1468 1278 Ex
1497 1221 1637 1279 hisvero
1666 1219 1783 1278 duobus
1807 1221 1884 1277 axio-

537 1309 666 1389 matibus
688 1305 850 1376 conficitur,
879 1315 916 1366 ut
936 1307 1069 1366 diurnus
1087 1309 1231 1382 planetae
1253 1307 1371 1365 medius
1393 1315 1491 1368 motus
1514 1313 1550 1366 in
1571 1311 1730 1368 eeeentrico
1754 1307 1832 1364 idem
1853 1309 1886 1365 rit

532 1403 560 1454 et
581 1411 671 1455 verus
694 1396 758 1468 ejus
780 1397 1047 1453 eecentrici‘arcus
1069 1394 1202 1453 diurnus
1232 1395 1291 1452 illis
1313 1397 1486 1467 momentis,
1517 1395 1626 1471 quibus
1646 1397 1774 1470 planeta
1797 1403 1837 1452 est
1856 1397 1886 1451 in

530 1483 590 1559 fine
617 1481 799 1576 quadrantis
828 1485 983 1541 eecentrici
1013 1483 1051 1540 ab
1083 1482 1203 1556 aplrello
1231 1477 1415 1556 computati,
1447 1483 1514 1542 licet
1534 1483 1585 1541 ille
1612 1481 1774 1558 quadram
1804 1497 1887 1539 verus

533 1569 634 1628 adlmc
653 1572 756 1627 minor
778 1577 929 1645 appareat
952 1572 1036 1642 iusto
1057 1569 1241 1643 quadrante.
1287 1569 1426 1644 Sequitur
1455 1569 1596 1645 amplius,
1628 1569 1710 1646 quod
1737 1561 1800 1626 delo
1823 1571 1886 1644 qvi·

532 1665 652 1733 aerique
674 1673 765 1715 arcta
787 1659 942 1716 eccentrici
964 1656 1069 1715 diuam
1092 1659 1254 1730 verissimi,
1279 1657 1449 1732 aequaliter
1470 1675 1539 1716 vere
1561 1657 1722 1726 distantes,
1753 1656 1833 1713 alter
1853 1654 1887 1713 ab

534 1745 660 1821 aphelio,
684 1745 762 1801 alta
783 1764 803 1803 a
824 1745 986 1821 peridelio,
1005 1747 1107 1817 juncti
1121 1751 1260 1818 aequent
1281 1744 1357 1803 duce
1379 1744 1507 1803 diurnos
1528 1743 1656 1820 medios,·
1688 1751 1718 1803 et
1746 1759 1800 1819 per
1823 1759 1888 1801 cou-

534 1847 674 1909 sequens,
704 1848 773 1889 oum
804 1835 843 1890 eit
871 1831 975 1890 eadem
1006 1832 1191 1889 circulorum
1222 1833 1393 1907 proportio,
1433 1851 1511 1906 quae
1542 1831 1781 1902 diametrorum,
1813 1827 1888 1906 quad

534 1920 639 1978 eadem
664 1921 703 1976 sit
731 1923 888 1995 proportio
915 1922 1009 1978 unius
1039 1918 1146 1976 diurni
1168 1918 1259 1975 medii
1281 1919 1324 1976 ad
1341 1921 1464 1992 junctas
1486 1918 1598 1979 medias
1626 1935 1730 1978 omnes
1759 1920 1841 1976 inter
1862 1935 1887 1975 re

533 2008 682 2083 aequales,
706 2013 872 2081 quaterent
893 2005 927 2064 in
951 2012 1011 2065 toto
1033 2009 1173 2080 circuitu,
1198 2023 1276 2081 quae
1299 2011 1340 2064 eet
1362 2006 1453 2064 medii
1475 2007 1581 2065 diurni
1604 2005 1646 2064 ad
1662 2007 1788 2079 junctos
1810 2021 1888 2063 verce

534 2111 636 2153 omnes
658 2103 749 2152 arcus
770 2097 959 2166 eecentrieoe‚
989 2093 1111 2152 totidem
1134 2109 1280 2167 numero,
1303 2092 1355 2151 sed
1374 2096 1454 2152 inter
1476 2111 1505 2152 se
1527 2094 1709 2178 inaequales.
1758 2092 1795 2149 Et
1819 2092 1892 2150 baec·

525 2180 574 2239 'de
598 2184 677 2246 ,veris
701 2183 854 2240 eacentrici
876 2180 1002 2240 arcubus
1025 2178 1135 2238 diurnis
1159 2179 1255 2256 deque
1278 2181 1355 2240 veris
1371 2182 1499 2239 motibus
1520 2188 1589 2240 sunt
1603 2179 1887 2256 praecognoscentia,

535 2276 569 2327 ut
588 2268 651 2346 jam
675 2285 712 2326 ex
735 2270 772 2326 iis
796 2268 994 2344 intelligamus
1016 2276 1114 2326 motus
1138 2276 1329 2343 apparentes,
1355 2268 1441 2326 oculo
1465 2272 1493 2325 in
1517 2261 1772 2344 Sole‘sappasito.

623 2356 723 2415 Sexto.
769 2354 919 2431 Quantum
949 2371 1019 2412 vero
1043 2357 1148 2413 attinet
1181 2371 1265 2416 arcus
1289 2365 1464 2432 apparentes
1496 2355 1579 2414 velut
1607 2373 1641 2414 ex
1665 2355 1755 2428 Sole,
1789 2361 1887 2410 notum
1916 2393 1923 2406 .

537 2451 583 2503 eat
605 2460 640 2501 ex
664 2445 786 2518 antiqua
818 2447 906 2503 etiam
930 2445 1123 2514 astronomia,
1158 2442 1236 2516 quod
1260 2459 1296 2501 ex
1319 2440 1447 2502 motibus
1479 2446 1571 2518 reris,
1603 2443 1691 2502 etiam
1714 2440 1887 2517 aequalibus

536 2534 612 2603 inter
634 2547 682 2603 se,
715 2533 741 2588 ie
765 2533 814 2606 qui
832 2531 955 2615 =longius
983 2538 1123 2589 acentra
1147 2529 1248 2587 mundi
1270 2532 1391 2589 recessit
1415 2533 1459 2607 (nt
1482 2532 1532 2606 qui
1556 2540 1599 2590 est
1626 2531 1654 2587 in
1678 2523 1815 2610 aphelio)
1838 2545 1889 2604 ap-

535 2627 640 2696 pareat
662 2633 726 2678 ease
749 2620 844 2677 minor
865 2619 1009 2694 epvcmuti
1033 2634 1069 2676 ex
1091 2616 1144 2674 iilo
1168 2625 1276 2693 centro,
1301 2619 1350 2693 qui
1374 2621 1492 2694 propior
1515 2621 1561 2690 sit,
1585 2626 1617 2676 ut
1632 2621 1682 2694 qui
1697 2625 1742 2676 est
1766 2618 1795 2673 in
1812 2618 1889 2691 peri-

535 2706 625 2778 helia,
656 2705 732 2764 idem
759 2713 792 2764 et
821 2707 923 2781 maJor.
977 2703 1051 2763 (lum
1081 2706 1170 2779 igitur
1199 2701 1318 2779 insuper
1347 2708 1435 2764 etiam
1467 2706 1593 2780 majores
1623 2708 1682 2763 sint
1713 2706 1775 2762 veri
1807 2719 1888 2761 meus

538 2792 634 2851 diurni
658 2796 687 2850 in
710 2795 889 2869 propinquo,
919 2802 1036 2868 propter
1066 2801 1177 2850 matum
1201 2792 1385 2870 celeriorem,
1415 2795 1540 2850 minores
1570 2795 1600 2850 in
1628 2790 1745 2870 aphelio
1770 2797 1888 2850 remoto.

538 2887 658 2957 propter
679 2887 777 2942 motae
800 2879 981 2952 tarditatem,
1006 2878 1073 2938 binc
1096 2895 1152 2955 ego
1176 2877 1372 2937 demonstravi
1397 2881 1426 2936 iu
1447 2877 1639 2951 Martialibus,
1660 2882 1888 2954 proportionem

539 2972 911 3044 apparentium·arcuum
935 2966 1120 3026 diurnorum
1143 2969 1237 3024 unius
1253 2970 1493 3025 eccentriei‘satis
1510 2967 1792 3043 praeciseduplarn
1807 2983 1889 3024 ever-

519 3073 605 3139 ¹cam
628 3073 686 3114 eree
706 3057 912 3131 proportionis
942 3071 1069 3113 suorum
1092 3055 1327 3113 intervallorum
1356 3073 1376 3112 a
1401 3053 1476 3114 Sole.
1523 3051 1562 3114 Ut
1584 3056 1607 3112 si
1632 3053 1762 3130 plaustri
1780 3056 1810 3110 in
1833 3069 1889 3110 uua

538 3158 659 3200 suarum
682 3142 809 3216 dierum,
841 3139 958 3218 quando
983 3149 1028 3200 est
1044 3145 1078 3198 'in
1101 3141 1232 3216 aphelio,
1263 3141 1385 3200 distaret
1407 3159 1426 3199 a
1448 3140 1517 3200 Sale
1539 3143 1686 3219 partibus,
1715 3155 1889 3216 quacunque

538 3243 684 3302 mensura,
710 3227 762 3308 10,
784 3232 813 3286 in
837 3231 974 3305 apposita
995 3227 1059 3302 die,
1088 3229 1205 3303 quando
1229 3238 1273 3287 est
1295 3231 1324 3285 in
1348 3228 1504 3305 peribolio,
1535 3230 1667 3306 partibus
1690 3229 1889 3288 consimilibus

540 3319 577 3375 9:
608 3326 719 3376 certum
742 3324 802 3387 est,
834 3316 912 3391 quod
936 3333 972 3374 ex
995 3315 1064 3375 Sole
1086 3333 1232 3391 apparens
1262 3315 1326 3392 ejus
1354 3319 1499 3392 promotio
1529 3319 1558 3372 in
1574 3315 1701 3392 ,aphelio
1733 3317 1832 3375 sutura
1854 3317 1889 3372 sit

538 3403 576 3463 ad
599 3412 787 3480 apparentem
811 3405 838 3459 in
863 3402 1019 3479 perihelio,
1044 3405 1120 3462 sicut
1144 3405 1181 3460 81
1207 3401 1245 3461 ad
1271 3403 1341 3462 100.

627 3491 693 3550 Hoc
716 3501 814 3548 tutem
837 3503 938 3549 verum
961 3497 1007 3548 est
1032 3505 1099 3548 cnm
1122 3490 1167 3548 his
1195 3491 1396 3549 cautioribus:
1425 3492 1537 3567 primo,
1570 3497 1603 3548 ut
1629 3507 1715 3549 arcus
1738 3491 1889 3549 eccennici

542 3593 599 3634 nan
623 3581 683 3636 sint
703 3579 813 3652 magni,
838 3593 874 3636 ne
896 3580 1198 3637 communicantium
1222 3577 1372 3636 distantiis
1392 3578 1515 3637 diversis
1534 3577 1658 3636 multum
1681 3577 1889 3648 differentibus,

540 3665 596 3724 hoc
621 3674 665 3723 est
688 3681 724 3724 ne
748 3673 904 3725 causentur
925 3665 1094 3723 sensibilem
1115 3666 1288 3725 vunetatem
1311 3665 1467 3724 distantiae
1497 3669 1685 3723 terminorum
1710 3681 1830 3723 suorum
1852 3665 1889 3721 ab

540 3751 710 3830 apsidibus3
734 3751 850 3825 deiude,
873 3761 906 3810 ut
928 3755 1127 3811 eccentricitae
1150 3767 1207 3811 non
1231 3755 1267 3810 eit
1291 3750 1378 3811 vaide
1402 3769 1525 3828 magua,
1553 3769 1701 3828 namquo
1724 3752 1821 3826 major
1840 3767 1890 3810 ec·

540 3841 723 3913 centrieitas,
752 3857 792 3899 sc.
817 3856 875 3915 quo
899 3839 1167 3914 majoritanus,
1197 3840 1253 3899 boe
1275 3842 1369 3914 magis
1392 3848 1515 3915 atigetur
1538 3840 1600 3916 ejus
1624 3843 1814 3917 apparentiae
1836 3855 1890 3898 an-

539 3927 626 4003 gulus
656 3925 733 3986 bitra
765 3927 917 3986 modulum
945 3928 1237 4002 appropinquationis
1274 3945 1345 3986 suae
1377 3927 1413 3985 ad
1445 3927 1558 4000 Salem,
1592 3945 1646 4004 per
1676 3927 1827 3986 theorema
1860 3928 1888 3984 8.

541 4011 712 4092 Opticorum
736 4014 881 4088 Euclidis3
905 4013 984 4090 quod
1007 4022 1103 4072 tamen
1126 4016 1157 4070 in
1180 4015 1305 4073 arcubus
1328 4017 1426 4090 parvis
1449 4023 1478 4074 et
1497 4031 1605 4091 magna
1621 4015 1761 4072 distantia
1783 4011 1890 4072 nullius

542 4109 588 4160 eet
609 4104 766 4175 momenti,
791 4104 875 4160 utin
898 4103 972 4159 meis
996 4099 1110 4177 Opticia
1133 4104 1229 4177 capite
1256 4105 1305 4161 ll.
1328 4104 1437 4160 monui.
1483 4102 1541 4160 Sed
1565 4110 1610 4161 est
1632 4103 1691 4160 alia
1714 4117 1821 4178 causa,
1841 4117 1890 4158 cur

540 4188 597 4248 boc
618 4204 762 4247 moneam.
808 4189 883 4248 Nam
907 4205 991 4248 arcus
1014 4190 1167 4247 eceentrici
1196 4191 1273 4247 circa
1295 4189 1406 4248 mediae
1430 4189 1592 4248 anomaliae
1620 4191 1814 4265 inspiciuntur
1835 4189 1889 4246 ab·

541 4277 622 4352 lique
644 4295 680 4336 ex
702 4283 802 4334 centro
826 4276 915 4354 Solii,
937 4291 1013 4351 quae
1037 4276 1197 4350 obliquitas
1220 4278 1325 4334 minuit
1348 4280 1537 4353 apparentiae
1560 4277 1802 4351 magnitudinem,
1825 4293 1888 4334 cum

540 4363 724 4423 eradverso
748 4381 831 4422 arcus
855 4362 1071 4438 circaapsidas
1095 4366 1242 4439 aspectui,
1265 4365 1348 4423 velut
1372 4368 1401 4422 in
1424 4363 1493 4422 Sole
1517 4365 1680 4436 collocato,
1712 4363 1891 4438 objiciantur

542 4458 628 4511 recte.
675 4449 800 4525 Quando
822 4453 910 4525 igitur
932 4452 1132 4508 eccentricitas
1156 4458 1201 4508 est
1222 4451 1309 4510 valde
1332 4469 1454 4528 magna,
1479 4461 1556 4509 tuna·
1571 4451 1749 4510 sensibiliter
1771 4457 1890 4509 nocetur

542 4540 723 4615 proportioni
746 4546 887 4611 motuum,
911 4538 936 4594 si
958 4544 1068 4595 matum
1091 4535 1218 4595 medium
1246 4538 1380 4598 diurnum
1408 4541 1470 4598 siue
1495 4538 1687 4598 diminutione
1708 4539 1889 4615 applicemus

527 4625 699 4685 ,distantiae
720 4625 874 4699 mediocri,
897 4626 982 4701 qnasi
1005 4626 1031 4682 is
1054 4641 1090 4682 ex
1113 4623 1251 4682 distantia
1274 4627 1412 4685 mediocri
1436 4633 1535 4685 tantus
1559 4635 1733 4708 appareret,
1765 4633 1888 4702 quantus

543 4721 597 4786 eet,
620 4721 654 4772 ut
676 4713 749 4771 inira
772 4716 799 4770 in
822 4712 968 4772 Mercurio
996 4711 1160 4789 apparebit.
1208 4711 1292 4771 Haec
1315 4717 1413 4772 omnia
1442 4714 1583 4789 prolixius
1606 4713 1759 4772 traduntur
1786 4717 1814 4770 in
1835 4713 1888 4790 Ep.

544 4801 622 4860 Astr.
646 4800 864 4877 Gopernicanae
887 4800 952 4859 Lib.
977 4799 1021 4873 V,
1053 4799 1173 4858 suerunt
1203 4807 1301 4859 autem
1330 4799 1496 4860 bic'etiam
1524 4802 1792 4873 commemoranda,
1821 4801 1889 4875 quia

544 4890 670 4947 attinent
690 4888 851 4962 ipsissimas
873 4890 1011 4948 terminos
1034 4887 1253 4948 harmoniarum
1276 4888 1464 4963 caelestium,
1488 4907 1538 4966 per
1560 4906 1592 4948 se
1616 4889 1748 4965 singulos
1770 4889 1887 4970 seorsim

544 4970 751 5037 ameideratos.
1206 4994 1209 5000 ·

630 5058 772 5146 Septimo.
816 5060 848 5120 Si
871 5063 917 5122 eu'l
939 5064 1014 5127 tone
1036 5068 1191 5123 accurrant
1212 5063 1232 5120 ii
1255 5070 1352 5123 motus
1375 5061 1478 5137 diurni,
1502 5065 1552 5140 qui
1571 5077 1630 5124 non
1646 5071 1789 5140 apparent
1808 5061 1886 5122 relat
