4467 6192
534 648 599 710 ιιι
970 649 1013 703 ιιι
1030 642 1254 717 Propertionibna
1272 644 1449 703 iimmouicis.

620 822 709 883 XVI.
732 822 828 883 Etiam
850 822 924 885 illud
946 826 975 884 la
998 827 1102 903 poenis
1125 823 1287 902 irrogandis
1316 823 1354 885 ad
1376 828 1585 903 geometricam
1606 827 1733 904 pertinet
1753 828 1887 905 aequita-

534 919 603 984 tem,
627 910 707 988 quod
730 914 814 988 pueri
837 928 926 989 qnam
949 912 1197 989 adulti,‚J‘uvenis
1220 930 1309 989 qnam
1330 915 1434 987 aean,
1455 914 1582 975 laminae
1605 931 1696 992 quam
1718 918 1774 975 viri
1797 932 1888 994 poena

534 1007 581 1059 est
601 998 705 1059 lenior.
749 998 829 1058 Nihil
858 998 907 1060 hie
936 1001 1065 1076 iniquius
1089 1000 1269 1077 aequalitate
1298 1001 1481 1063 arithmetica
1507 1009 1663 1081 perpetua,
1694 1000 1888 1080 (ιιιιίιιιιιι

534 1088 561 1147 si
582 1086 729 1146 adimatur
750 1084 922 1164 prudentiae
940 1087 1060 1165 judicis,
1083 1105 1136 1166 pru
1158 1104 1189 1175 re
1212 1094 1283 1149 nata
1304 1088 1488 1168 usurpanda,
1511 1089 1676 1151 turbabitur
1697 1090 1887 1151 rrihilominna

471 1225 474 1231 ,
533 1174 704 1235 mumoniae
724 1176 884 1251 proportio.
1113 1228 1120 1235 .
1349 1200 1353 1205 ·

620 1260 723 1321 XVII.
747 1260 956 1324 Harmoniam
977 1260 1345 1341 proportionemssodinna
1366 1264 1396 1321 in
1419 1264 1455 1323 iis
1469 1263 1585 1342 legibus
1601 1265 1792 1338 demonstrat,
1815 1280 1889 1339 quae

534 1365 601 1410 cum
630 1351 755 1427 primurn
785 1357 883 1411 aetum
911 1350 1028 1411 amleds
1059 1350 1223 1428 aequaliter
1252 1353 1282 1409 in
1313 1351 1448 1411 omuibus
1475 1352 1536 1411 leri
1562 1352 1673 1413 mulcta
1701 1351 1889 1427 ulciscuntur,

533 1436 626 1497 ueluti
649 1436 855 1498 admonitionis
877 1437 960 1512 ioco,
989 1436 1155 1501 relabentes
1182 1445 1286 1515 postea
1313 1440 1433 1515 gravius
1455 1441 1595 1516 puniunt,
1624 1442 1711 1501 tortio
1733 1446 1890 1517 peccantur

534 1525 638 1585 iterum
661 1526 782 1601 gravim
803 1533 834 1585 et
856 1524 982 1603 deniqne
1004 1534 1097 1587 morte
1121 1526 1261 1604 plectunt.
1307 1524 1359 1587 Est
1380 1528 1457 1585 enim
1486 1530 1579 1589 nriata
1600 1528 1767 1605 aequalitas
1782 1535 1785 1540 “
1798 1526 1891 1587 ιιιιιι-

534 1614 643 1673 ιιιιιιι
664 1614 810 1688 inprime
832 1619 911 1688 aetra
934 1617 1113 1691 geometrica
1136 1616 1285 1697 proportio
1308 1614 1337 1671 in
1360 1616 1475 1692 repetiti
1498 1632 1593 1691 coque
1614 1617 1758 1691 gravioris
1773 1614 1891 1675 sceleris

533 1701 662 1777 graviori
685 1716 789 1777 poena.
832 1699 917 1762 Haec
940 1699 1056 1762 Bodine
1078 1703 1252 1779 compositio
1276 1701 1400 1761 duarum
1422 1704 1452 1762 in
1475 1719 1563 1763 unam
1587 1705 1651 1765 aisa
1673 1711 1719 1765 est
1741 1703 1891 1763 burnoni-

533 1804 599 1849 cam
622 1790 799 1849 constituere
821 1790 1049 1867 proportionem.

622 1874 740 1935 XVIII.
765 1875 799 1935 ln
821 1894 944 1955 genere,
975 1877 1056 1954 qnod
1078 1892 1193 1956 poetam
1220 1878 1284 1939 sive
1312 1876 1439 1952 legibus·
1459 1878 1523 1937 sive
1548 1876 1659 1953 iudicia
1687 1876 1811 1937 arbitrio
1841 1894 1892 1955 pro

534 1962 706 2024 diversitate
728 1970 758 2023 et
780 1964 983 2041 magnitudine
1012 1967 1164 2025 criminum
1187 1962 1394 2041 dispensantur
1422 1965 1648 2041 universumque
1676 1963 1751 2024 adeo
1771 1965 1825 2041 jus
1849 1972 1895 2025 ta·

534 2051 622 2113 lionis
644 2052 840 2127 geometricae
861 2052 1018 2129 somogiae
1041 2049 1227 2114 tribuendum
1251 2059 1305 2124 est,
1328 2050 1408 2127 quod
1430 2052 1550 2128 qnidam
1571 2050 1758 2128 legislatores
1781 2069 1895 2129 aequa-

534 2139 602 2200 liter
622 2139 793 2215 inaequalia
813 2141 969 2216 generibus
990 2147 1114 2217 peccata
1138 2139 1303 2199 vindicante
1333 2138 1517 2201 arithmetica
1539 2138 1614 2201 haec
1633 2141 1710 2201 ratio
1740 2142 1817 2201 inter
1840 2140 1895 2201 luo·

535 2228 629 2287 mines
652 2226 751 2287 locum
773 2243 831 2286 non
853 2226 952 2301 hahet,
976 2229 1005 2285 in
1028 2228 1103 2301 Deo,
1128 2227 1214 2304 cujus
1235 2226 1399 2302 aequaliter
1421 2244 1522 2289 omnes
1536 2234 1669 2287 creatura
1682 2244 1795 2300 snmus,
1819 2246 1896 2303 qna·

533 2314 605 2374 reiis
624 2316 733 2375 ansuis
761 2320 793 2375 ut
818 2313 1046 2392 reprehendatur
1077 2316 1122 2375 sas
1153 2332 1212 2375 non
1240 2322 1294 2375 est.
1341 2315 1381 2375 at
1403 2314 1483 2391 qnod
1502 2313 1719 2391 legumlatores
1748 2315 1896 2391 quaedam

534 2401 648 2463 leviora
675 2419 726 2480 per
755 2420 788 2463 sc
816 2404 937 2463 erimina
966 2404 1170 2482 ςιιιιιιίιιιι,
1199 2404 1377 2479 irrogatione
1407 2420 1584 2480 poenarum,
1618 2405 1689 2481 reip.
1718 2418 1810 2463 causa
1843 2421 1896 2463 es-

535 2496 672 2566 asquaut,
695 2497 726 2551 et
747 2490 827 2567 quod
851 2492 880 2549 iu
898 2491 966 2567 iure
988 2490 1108 2551 talionis
1131 2508 1189 2551 noo
1212 2490 1285 2551 dens
1308 2508 1360 2567 pro
1384 2488 1488 2565 dente,
1519 2489 1571 2551 sed
1593 2488 1660 2550 loco
1683 2488 1778 2549 dentis
1799 2492 1896 2551 aesti-

536 2583 648 2636 matnm
671 2578 812 2655 pretinm,
842 2577 880 2640 dn
901 2595 960 2654 quo
983 2580 1058 2639 inter
1078 2577 1230 2655 litigantes
1252 2580 1410 2639 convenire
1433 2583 1540 2656 potest,
1562 2576 1747 2654 rependitur,
1778 2594 1836 2637 nec
1860 2580 1894 2652 ei,

535 2666 586 2741 qni
608 2664 680 2725 milri
703 2663 741 2725 de
762 2662 878 2746 duobus
900 2666 994 2727 oculis
1016 2684 1106 2727 unum
1129 2667 1214 2735 eruit,
1238 2683 1304 2726 enm
1319 2668 1382 2744 ipae
1399 2663 1543 2727 unoculus
1558 2671 1646 2738 esset,
1669 2667 1798 2728 caecitas
1812 2683 1896 2725 mera

535 2752 677 2828 infligitur
697 2760 781 2813 eruto
802 2770 873 2827 suo,
904 2752 933 2813 id
955 2753 1143 2817 harmonicae
1166 2753 1281 2813 Bodino
1309 2752 1586 2831 contemperationis
1608 2760 1668 2829 est3
1697 2754 1741 2812 sic
1763 2754 1844 2811 enim
1868 2760 1896 2813 et

535 2839 654 2914 ringula
674 2848 796 2917 peccata
817 2858 930 2917 poenas
952 2837 1065 2904 habant
1085 2840 1269 2903 arithmetice
1291 2840 1449 2918 aequales,
1481 2847 1511 2901 et
1533 2838 1652 2913 diversa
1676 2840 1780 2919 poeula
1803 2842 1896 2901 etiarn

534 2926 760 3003 dintinguantur.
1360 2938 1362 2943 '

542 3057 545 3065 ·
620 3014 712 3077 XIX.
737 3015 795 3094 Qui
817 3021 941 3078 conatus
963 3016 1054 3075 animi
1077 3017 1203 3093 puniunt
1224 3032 1321 3094 poena
1342 3032 1401 3075 uon
1417 3008 1535 3089 leviori}
1555 3032 1644 3091 quam
1658 3014 1895 3091 sisolnntatem

535 3110 732 3180 consequatur
753 3105 890 3174 effeetus,
914 3105 1016 3179 etqui
1039 3104 1150 3165 iudum
1172 3104 1310 3182 puniunt,
1333 3119 1353 3163 a
1375 3120 1434 3179 qno
1455 3104 1559 3163 aberat
1581 3103 1712 3176 animus,
1743 3101 1894 3181 plebejam

536 3190 749 3253 arithmeticam
771 3190 982 3269 aequalitatem
1005 3193 1078 3251 uitio
1101 3209 1160 3253 non
1183 3190 1242 3252 levi
1264 3190 1428 3265 stabiliunt,
1450 3189 1512 3249 illic
1534 3192 1565 3247 in
1587 3188 1779 3252 dissimilibus
1801 3192 1894 3250 animi

534 3279 706 3354 meatibus,
734 3278 784 3340 hic
806 3282 835 3338 in
858 3278 1050 3339 dissimilibus
1081 3278 1278 3355 lacin'oribus3
1306 3280 1357 3355 qui
1386 3277 1539 3355 distinguit
1560 3277 1609 3337 hic
1637 3280 1711 3341 inter
1732 3284 1895 3339 conatuum

535 3367 633 3427 varias
653 3365 772 3440 lormna,
796 3374 829 3427 ιιι
851 3383 977 3445 posnam
999 3366 1118 3427 sceleris
1140 3366 1267 3442 habeat,
1291 3368 1343 3442 qui
1366 3366 1465 3427 omnia
1485 3364 1564 3439 lecit,
1588 3381 1664 3442 quaa
1687 3366 1805 3425 animus
1828 3383 1895 3427 nra-

535 3452 645 3514 ditatua
668 3454 707 3514 ad
729 3463 867 3515 eventum
890 3454 991 3514 adema
1012 3462 1126 3531 potest,
1157 3456 1221 3514 sive
1244 3454 1467 3531 perpetraverit,
1498 3454 1562 3512 slve
1575 3467 1679 3529 scopu
1702 3453 1894 3529 aberraverit,

438 3596 444 3608 ,
534 3557 593 3601 acu
614 3540 733 3612 habeat,
757 3544 809 3619 qui
831 3542 1036 3603 occasionibus
1058 3541 1177 3617 quidem
1198 3540 1355 3603 insidiatus
1377 3548 1430 3615 est,
1454 3538 1491 3600 ad
1507 3556 1567 3599 reru
1587 3547 1694 3614 mmen,
1715 3540 1801 3617 cujus
1815 3542 1895 3600 ima-

534 3630 601 3704 gine
624 3629 825 3690 cooscelerata
850 3636 968 3706 poterat
989 3630 1162 3703 abatmmri,
1192 3644 1251 3688 non
1266 3620 1369 3701 seuit,
1401 3627 1449 3688 liic
1480 3630 1689 3704 geometricam
1711 3630 1895 3704 aequitatem

535 3716 692 3791 οιιιιιιιιι
714 3734 770 3779 nec
790 3719 897 3790 minua,
919 3719 970 3793 qui
992 3716 1102 3777 undans
1125 3718 1345 3797 persuasionem
1361 3714 1486 3778 'sceleris
1508 3714 1603 3775 larius
1626 3716 1726 3792 punit,
1751 3731 1843 3791 quam
1866 3719 1895 3775 in

534 3809 683 3881 patratore
705 3803 937 3883 seelns'ipsum,
959 3811 990 3867 ct
1011 3812 1126 3879 conus,
1150 3808 1201 3881 qui
1223 3812 1373 3867 auctorem
1396 3811 1425 3865 ct
1448 3801 1637 3881 impulsorem
1658 3804 1779 3879 marius
1804 3820 1895 3879 quant

534 3892 708 3967 miciacum,
731 3900 764 3953 ut
785 3895 843 3969 qui·
859 3893 988 3953 alienum
1010 3892 1107 3953 scelus
1131 3895 1276 3970 patravit3
1299 3892 1349 3968 (ιιι
1366 3889 1492 3967 denique
1514 3890 1611 3951 levius
1634 3906 1711 3963 enm,
1735 3906 1824 3965 quern
1850 3893 1895 3949 via

535 3980 644 4055 ma'gua
665 3978 796 4040 libidinis
819 3981 866 4041 vel
889 3982 950 4040 irae
972 3987 1170 4041 transversum
1193 3980 1304 4058 rapuit,
1330 3994 1418 4055 quam
1442 3979 1492 4054 qni
1515 3979 1643 4053 quietior
1675 3977 1713 4037 ab
1736 3978 1772 4041 ils
1796 3980 1898 4039 omnia

449 4075 455 4107 ¹
534 4066 747 4145 praemeditato
776 4069 875 4128 animo
903 4069 1025 4146 peregit.
1071 4067 1155 4128 idem
1182 4066 1219 4129 dc
1242 4072 1402 4127 eventuum
1426 4066 1569 4127 varietate
1599 4063 1766 4125 tenendum.
1814 4066 1896 4125 Ean·

535 4153 603 4215 dem
622 4171 748 4233 poenam
770 4163 905 4229 meretur,
928 4157 978 4232 qni
1003 4156 1147 4216 viatorem
1169 4153 1278 4235 spoliat
1300 4152 1436 4227 trioboln,
1459 4155 1484 4230 (ιι
1507 4154 1606 4213 animo
1623 4168 1748 4230 magum
1764 4152 1894 4230 praedae

535 4242 679 4318 initiavit,
707 4260 795 4319 quam
819 4243 868 4320 qni
891 4241 1035 4303 ιιιιιιιιι
1057 4245 1181 4320 eripuit;
1210 4244 1353 4303 minorem
1376 4247 1495 4315 conus„
1514 4241 1566 4316 qui
1588 4257 1654 4301 cuns
1676 4246 1770 4299 totum
1793 4247 1895 4318 posset

534 4330 647 4391 anferre
669 4330 784 4408 pondua
807 4332 887 4403 auri,
918 4330 1064 4391 modicum
1086 4329 1224 4404 abstulit,
1257 4344 1346 4406 quam
1368 4330 1421 4405 qui
1443 4344 1609 4389 crumenam
1632 4328 1754 4406 eripuit,
1781 4329 1811 4387 in
1835 4342 1896 4404 qua

535 4418 657 4496 pauculi
676 4435 769 4478 asses.
812 4418 877 4478 Has
900 4416 1018 4494 quidem
1040 4420 1235 4496 geometricas
1258 4417 1460 4478 distinctiones
1482 4414 1625 4475 Bodinus.
1646 4415 1685 4475 ad
1707 4413 1895 4493 philosophi·

534 4524 599 4566 eam
621 4506 773 4566 eriminum
796 4507 1032 4569 aestimationem
1051 4506 1148 4578 reiert,
1172 4521 1284 4583 poenas
1307 4520 1387 4577 vcro,
1410 4502 1517 4581 qulbus
1533 4502 1667 4580 exempla
1690 4501 1808 4581 publice
1829 4509 1895 4563 ata·

510 4600 671 4669 tenatur,
702 4592 742 4661 ad
770 4592 920 4671 publicam
950 4593 1193 4669 tranquillitatem
1215 4593 1410 4671 pertinentes,
1443 4590 1613 4652 omnimoda
1639 4589 1690 4651 illa
1713 4589 1894 4666 aequalitate

535 4682 651 4754 eximit,
674 4688 707 4740 ιι
729 4683 771 4743 ita
793 4681 921 4742 erebrius
944 4681 974 4738 in
995 4679 1088 4754 laeta,
1113 4696 1189 4758 quae
1212 4682 1241 4739 in
1265 4680 1374 4739 civium
1396 4678 1500 4741 oculos
1522 4680 1680 4751 incurrunt,
1703 4677 1895 4738 animadver-

535 4776 614 4828 tatur
634 4767 769 4845 publice,
792 4769 922 4830 erebrius
945 4776 1067 4829 conatus
1090 4784 1109 4827 a
1130 4784 1223 4845 scopo
1243 4768 1426 4840 ammantat,
1456 4767 1565 4844 quippe
1587 4766 1769 4843 inconspicui
1792 4764 1894 4841 vulgo,

535 4856 681 4934 impuniti,
703 4863 755 4915 ant
776 4855 884 4935 levius,
905 4874 993 4934 quam
1015 4856 1194 4934 geometrice
1217 4872 1270 4933 par
1292 4854 1482 4930 erat,‘pnniti
1505 4856 1747 4927 nmsmittsnmr,
1771 4860 1805 4912 ut
1825 4869 1894 4913 aau-

452 4970 463 4997 ·
536 4942 665 5004 isumus
687 4944 784 5003 ninus
803 4962 895 5021 penes
913 4943 1046 5021 iudicem
1061 4945 1237 5022 reperiatur.
1269 4942 1341 5003 -Tot
1364 4948 1513 5019 respectus
1542 4942 1612 5002 boni
1635 4940 1746 5019 publici
1772 4940 1894 5001 nmmo·

535 5032 635 5093 uicum
657 5029 728 5106 qnid
751 5034 879 5108 sapiunt.
1265 5036 1273 5047 “

623 5116 699 5179 XX.
722 5117 758 5179 lu
777 5116 891 5196 jndicio
912 5119 1002 5197 inque
1023 5073 1289 5183 comrdtatienilrus
1308 5116 1495 5179 adthmetim
1516 5121 1563 5177 est
1583 5116 1659 5177 ratio
1679 5114 1892 5193 snuragtomn,
