4467 6192
557 698 597 759 86
993 692 1034 748 De
1052 692 1211 762 Figuratum
1228 693 1446 750 Harmonioarum

558 869 645 925 ductis
657 866 857 936 diagonalibus.
893 866 957 921 Cum
982 871 1070 922 autern
1094 882 1172 922 omne
1199 867 1252 922 tale
1270 867 1430 936 triangulum
1456 870 1556 926 habent
1571 875 1626 926 tres
1647 868 1769 939 (angulos)
1788 868 1895 926 dnobus

557 951 639 1008 rectis
657 945 796 1017 aequales:
824 947 851 1001 in
868 946 992 1016 trigoniei
1010 946 1091 1013 igitur
1108 945 1207 1013 angulo
1227 953 1268 1000 est
1290 964 1354 1016 pars
1372 948 1467 1016 tertia,
1493 947 1524 1004 in
1543 947 1702 1022 tetragonici
1725 947 1896 1004 elementaris

557 1025 656 1097 angulo
674 1041 737 1094 pars
755 1031 858 1094 quarta,
875 1024 903 1077 in
921 1024 1092 1093 pentagonici
1109 1041 1173 1093 pars
1191 1024 1293 1093 quinta,
1310 1023 1338 1082 in
1356 1025 1528 1095 heptagonici
1545 1039 1608 1095 pars
1627 1025 1742 1094 septima
1758 1031 1810 1082 eto.
1830 1025 1896 1080 duo·

558 1122 618 1160 rum
634 1111 777 1157 rectorum.
813 1102 849 1155 Et
866 1103 900 1157 ab
919 1103 969 1156 bae
987 1102 1139 1170 quantitate
1156 1101 1247 1170 anguli
1266 1102 1360 1171 incipit
1377 1103 1570 1160 demonstratio
1589 1104 1727 1174 cuiusque.

643 1177 700 1236 Xl.
724 1177 914 1237 Definitio.
959 1178 1120 1253 Impropria
1143 1177 1348 1238 demonstratio
1377 1187 1433 1253 est,
1463 1196 1528 1238 eum
1558 1179 1705 1258 proportio
1733 1178 1835 1240 lateris
1858 1178 1896 1240 ad

561 1266 731 1327 diametrum
753 1281 789 1324 ex
811 1265 874 1342 ipso
897 1265 1069 1343 angulorum
1090 1280 1210 1324 numero
1237 1263 1402 1325 immediate
1433 1264 1564 1326 adhibito
1586 1268 1690 1342 nequit
1711 1264 1896 1327 determinari

557 1353 826 1503 ffieffidrrfisi
847 1352 1020 1413 adhibeatur
1041 1351 1119 1411 latus
1141 1351 1250 1428 figurae
1273 1350 1405 1428 alterius,
1429 1371 1488 1413 non
1511 1351 1600 1432 duplo
1623 1361 1674 1413 aut
1696 1351 1816 1414 dimidio
1839 1372 1896 1414 nu·

644 1544 716 1606 XII.
739 1541 940 1602 Definitio.
977 1539 1102 1621 ‚Gradus
1124 1541 1262 1601 scientiae
1285 1540 1391 1602 diversi
1414 1551 1498 1620 sunt,
1528 1543 1581 1603 alii
1601 1545 1718 1615 remoti,
1752 1543 1805 1604 alii
1825 1561 1897 1621 pro·

559 1636 670 1714 pinqui.
705 1630 820 1691 Primus
842 1635 872 1688 et
892 1629 1040 1704 proximus
1061 1627 1180 1705 gradus,
1203 1645 1269 1689 eum
1290 1627 1398 1691 lineam
1412 1628 1541 1708 aliquam
1563 1632 1624 1691 scio
1647 1637 1676 1690 et
1697 1629 1896 1691 demonstrare

558 1739 676 1800 possum
699 1735 763 1779 esse
785 1715 925 1776 diametro
947 1715 1117 1793 aequalem,
1141 1725 1192 1776 ant
1213 1716 1341 1792 planum,
1365 1718 1434 1779 lieet
1455 1720 1539 1780 aliter
1560 1717 1729 1790 formatum,
1753 1718 1897 1795 quadrato

559 1809 689 1874 diametri
712 1804 844 1880 aequale.

643 1891 694 1946 Hie
711 1901 836 1942 mensura
854 1889 918 1939 nota
934 1885 1060 1954 perfecte,
1078 1883 1182 1941 scilieet
1199 1900 1228 1942 ae
1246 1885 1306 1955 ipsa
1323 1891 1351 1941 et
1368 1902 1422 1941 nno
1434 1893 1505 1956 actu,
1523 1891 1661 1942 mensurat
1678 1885 1817 1943 noscibile.

644 1978 732 2040 XIII.
761 1975 959 2036 Definitio.
1003 1975 1154 2038 Secundus
1182 1975 1304 2053 gradus,
1335 1994 1400 2054 eum
1428 1976 1567 2060 diametro
1595 1979 1625 2034 in
1657 1977 1770 2053 aliquot
1800 1987 1898 2057 partes

559 2069 696 2146 aequales
719 2070 796 2125 certo
818 2079 937 2123 numero
961 2062 1071 2144 divisa,
1099 2063 1149 2124 vel
1170 2064 1235 2140 ejus
1258 2062 1399 2139 quadrato
1421 2065 1568 2139 similiter,
1596 2063 1677 2124 linea
1703 2065 1751 2125 vel
1773 2065 1895 2145 planum

558 2157 739 2236 propositum
761 2156 903 2226 aequatur
924 2148 981 2220 tali,
998 2154 1072 2230 parti
1095 2147 1143 2210 vel
1157 2151 1305 2228 partibus.
1350 2151 1431 2212 Talis
1452 2151 1529 2212 linea
1558 2152 1662 2213 dicitnr
1685 2147 1795 2213 Graece
1826 2149 1898 2242 ῥηιη

435 2302 437 2309 ¹
558 2268 651 2320 μηκει,
682 2237 804 2301 effabilis
826 2237 1015 2313 longitudine.
1060 2237 1184 2298 Planum
1207 2255 1276 2298 vero
1300 2238 1357 2300 tale
1378 2236 1547 2317 'simpliciter
1569 2237 1674 2300 dieitur
1696 2234 1800 2319 (ipsos,
1825 2242 1897 2302 eiia-

560 2331 628 2394 bile.
671 2328 814 2388 Numerus
836 2327 912 2385 eninr
934 2332 978 2384 est
1000 2333 1211 2406 geometrarum
1232 2343 1335 2386 sermo.

646 2410 690 2466 Ad
714 2410 786 2464 huuc
803 2407 930 2463 scientiae
948 2408 1060 2476 gradum
1078 2409 1121 2464 rel
1139 2425 1189 2480 per
1207 2408 1416 2478 descriptionem
1443 2407 1698 2478 inscriptionemque
1716 2411 1897 2478 pervenimus,

559 2492 602 2547 vel
620 2490 697 2546 aliter
713 2487 793 2542 etiam
809 2501 860 2555 per
877 2486 1062 2556 cognationem
1081 2503 1141 2542 cum
1159 2487 1212 2546 alia
1229 2486 1320 2559 eliqua
1338 2486 1501 2556 quantitate,
1529 2484 1564 2542 ad
1582 2501 1663 2556 quam
1679 2501 1729 2556 per
1739 2486 1794 2554 ,itta
1810 2491 1898 2548 media

559 2569 769 2644 perveniebatur.
793 2565 889 2635 quue
906 2581 961 2620 non
978 2558 1138 2622 determinat
1154 2565 1221 2621 haee
1239 2566 1354 2636 qualitas
1372 2581 1453 2622 unam
1464 2566 1583 2637 aliquam
1596 2565 1772 2634 quantitatem
1781 2587 1789 2636 ;
1809 2584 1897 2640 nequa

509 2711 512 2716 ,
560 2650 631 2707 enim
648 2647 749 2721 suffieit
766 2646 801 2700 ad
817 2642 1079 2712 determinationem,
1105 2651 1136 2700 ut
1153 2645 1252 2714 sciam,
1279 2644 1380 2715 aliquid
1406 2641 1487 2702 carisa
1509 2644 1777 2700 commensurationis
1797 2647 1837 2702 sio
1854 2647 1895 2704 rel

560 2729 599 2784 sic
617 2743 676 2783 esse
695 2728 884 2793 comparatum,
903 2729 1010 2790 oportet
1022 2722 1103 2777 etiam
1113 2721 1167 2778 hoe
1179 2723 1257 2792 seire,
1275 2721 1417 2792 quomodo,
1434 2723 1516 2779 idest
1533 2739 1587 2793 quo
1605 2738 1716 2778 numero
1729 2723 1765 2779 sit
1777 2723 1896 2783 effabile.

645 2801 730 2861 XIV.
753 2798 957 2858 Definitio.
1001 2797 1116 2856 Tertius
1146 2797 1252 2874 gradus
1279 2798 1408 2869 emble,
1441 2816 1506 2859 eum
1536 2797 1615 2858 linea
1640 2799 1823 2876 longitudine
1853 2811 1896 2860 est

560 2889 728 2963 ineffabilis,
768 2894 799 2945 at
830 2884 894 2960 ejus
927 2882 1099 2961 quadratum
1135 2884 1248 2945 effabile
1280 2893 1310 2946 et
1341 2886 1487 2963 pertinens
1517 2883 1555 2945 ad
1582 2886 1741 2947 seeundum
1762 2887 1894 2965 gradm

561 2975 674 3038 Dicitur
696 2969 767 3054 p‘qsq
790 2977 914 3045 emanet,
937 2972 1061 3032 effabilis
1082 2973 1221 3050 potentia.

645 3063 715 3144 XV.
738 3059 930 3121 Definitio.
974 3056 1033 3134 Qui
1055 3065 1215 3136 sequuntur
1236 3057 1358 3136 gradus,
1382 3075 1482 3120 omnes
1504 3052 1689 3138 appellantur
1710 3057 1825 3142 diores,
1848 3063 1896 3120 in-

562 3151 700 3215 effabiles.
743 3149 917 3224 interpreter
939 3145 1036 3207 launi
1058 3153 1206 3207 verterunt
1228 3144 1417 3221 irrationales,
1439 3164 1546 3224 magno
1569 3148 1767 3224 ambiguitatis
1789 3157 1821 3209 et
1842 3149 1897 3210 ab·

561 3239 711 3300 surditatis
733 3234 870 3316 periculo.
899 3233 961 3293 Noa
984 3234 1160 3312 sepeliamus
1181 3234 1259 3295 bunc
1280 3236 1361 3295 vocis
1376 3251 1470 3314 usum,
1493 3237 1564 3312 qnia
1577 3233 1687 3297 multae
1701 3243 1770 3296 sunt
1790 3236 1897 3313 lmese,

561 3326 792 3404 quaequamvis
816 3321 989 3396 ineffabiles,
1020 3325 1137 3399 optimis
1163 3329 1260 3382 tamen
1291 3323 1472 3382 eontinentur
1498 3323 1669 3382 rationibus.
1713 3323 1897 3385 Aritlnnetici

562 3413 703 3476 consimili
726 3408 915 3472 translatione
938 3408 1087 3487 appellant
1109 3425 1243 3470 numeros
1265 3408 1385 3486 surdos,
1409 3409 1438 3468 id
1460 3417 1505 3469 est
1527 3411 1577 3488 qui
1599 3427 1657 3469 non
1680 3410 1747 3486 plns
1768 3410 1898 3488 loquun-

561 3509 615 3573 tur,
637 3518 724 3578 quam
739 3498 844 3560 surdoe
860 3496 958 3556 audit:
980 3497 1033 3557 sed
1055 3498 1110 3557 sub
1132 3497 1189 3557 hoc
1210 3497 1325 3556 nornine
1348 3504 1408 3556 tam
1423 3496 1553 3570 effabiles
1567 3497 1785 3574 solapotentia,
1809 3515 1899 3575 quam

560 3588 723 3648 ineffabiles
746 3587 925 3663 quantitates
947 3585 1121 3661 intelligunt.
1165 3584 1217 3644 Est
1231 3586 1320 3670 igitur
1342 3590 1460 3661 quartus
1483 3585 1514 3642 in
1534 3584 1633 3644 ordine
1647 3584 1764 3662 gradus,
1786 3589 1898 3664 primus

560 3693 630 3736 vero
652 3674 857 3746 ineffabilium,
885 3671 1002 3749 qnando
1028 3689 1083 3733 nec
1111 3671 1190 3732 linea
1218 3687 1273 3730 nec
1295 3671 1358 3756 ejus
1381 3670 1554 3748 quadratum
1577 3678 1644 3730 sunt
1671 3672 1815 3748 effabilia,
1845 3673 1898 3734 aed

561 3770 657 3822 tarnen
679 3761 852 3839 quadratum
873 3761 903 3818 in
918 3759 976 3821 tale
989 3759 1190 3838 reetangulum
1207 3758 1401 3820 bansformari
1415 3765 1520 3836 potest,
1545 3759 1627 3836 cujus
1642 3758 1735 3820 latera
1748 3763 1807 3820 sint
1824 3762 1898 3822 effa·

560 3849 629 3910 bilia
643 3848 748 3910 saltem
762 3849 902 3926 potentia.
945 3845 1028 3908 Haec
1042 3849 1121 3907 linea
1138 3847 1240 3906 dicitur
1255 3857 1334 3906 mese
1349 3844 1453 3928 (prop),
1475 3849 1545 3922 quia
1558 3854 1603 3907 eat
1617 3847 1714 3908 media
1728 3851 1897 3926 proportio·

557 3937 634 3997 nalis
657 3939 731 3996 inter
754 3936 826 3996 duas
849 3934 977 3995 effabiies
1000 3935 1064 3996 sola
1084 3937 1216 4013 potentia
1231 3933 1517 3996 commensurabiles:
1540 3942 1573 3994 ut
1594 3935 1618 3994 si
1642 3951 1703 3994 una
1717 3935 1836 4012 quidem
1857 3939 1897 3996 sit

560 4023 683 4085 e'fiabilis
704 4020 894 4100 longitudine,
918 4022 1010 4082 altera
1030 4021 1095 4084 sola
1114 4024 1260 4100 potentia,
1284 4029 1336 4082 aut
1357 4023 1383 4080 ai
1406 4029 1528 4099 utraque
1550 4020 1614 4081 sola
1635 4025 1768 4098 potentia
1790 4023 1897 4084 effabi-

559 4113 605 4186 lis,
628 4114 776 4189 potentiae
799 4118 895 4170 mmen
919 4111 992 4170 iuter
1013 4108 1045 4172 se'
1068 4127 1126 4171 non
1147 4113 1206 4170 sint
1228 4116 1260 4169 nt
1282 4107 1441 4186 quadratus
1461 4124 1602 4176 numerus
1621 4109 1660 4168 ad
1673 4107 1897 4186 quadratum.³)

560 4191 642 4260 Talis
665 4197 744 4258 linea
764 4215 824 4258 uon
846 4199 933 4257 scitur
956 4198 1004 4258 vel
1025 4203 1209 4259 mensuratur
1229 4195 1410 4272 longitudine
1425 4203 1566 4258 certarum
1581 4198 1706 4273 partium
1728 4197 1898 4274 aequalium

538 4281 704 4360 'diametri
729 4303 784 4348 nee
806 4286 870 4362 ejus
894 4285 1066 4360 quadratum
1088 4284 1229 4363 quadrato
1252 4284 1402 4358 diametri3
1432 4284 1483 4344 aed
1505 4300 1559 4344 nee
1581 4284 1676 4344 lineae
1697 4295 1899 4345 mensurantur

559 4393 579 4435 a
604 4375 746 4435 diametro
770 4372 873 4434 ambae
893 4372 988 4446 simul,
1011 4376 1085 4434 inter
1107 4389 1180 4449 quas
1203 4388 1281 4432 mese
1304 4371 1349 4430 est
1369 4369 1466 4432 media
1486 4371 1725 4449 proportionalis,
1754 4372 1807 4431 sed
1828 4373 1899 4432 illa-

562 4479 628 4527 rum
651 4462 792 4522 linearum
815 4460 965 4538 quadrata,
989 4459 1062 4520 baec
1085 4461 1200 4521 demum
1222 4479 1241 4519 a
1262 4459 1402 4535 quadrato
1427 4455 1556 4519 diametri
1580 4467 1789 4520 mensurantur.
1814 4459 1898 4536 Qua·

565 4550 677 4610 deatum
701 4567 795 4611 meses
819 4556 848 4608 et
869 4550 964 4626 ipsum
986 4565 1087 4608 meson
1110 4548 1226 4621 dieitur,
1251 4548 1313 4606 aive
1336 4548 1374 4606 sit
1396 4546 1504 4607 formae
1526 4547 1684 4623 quadratae
1709 4564 1761 4607 eeu
1776 4550 1805 4605 in
1821 4553 1898 4607 reet-

560 4637 698 4714 angulum
720 4644 940 4710 transmutetur,
963 4644 1067 4711 estque
1089 4636 1145 4695 boc
1168 4633 1290 4695 alterum
1311 4634 1391 4711 plani
1413 4651 1521 4711 genus,
1544 4641 1611 4712 post
1626 4633 1741 4695 effabile
1763 4635 1895 4712 planum.

560 4723 599 4784 Et
618 4724 698 4784 bisce
721 4725 835 4785 duobus
855 4723 967 4803 planis,
997 4718 1107 4785 effabili
1140 4729 1168 4784 et
1197 4738 1295 4801 meso,
1325 4729 1479 4799 sequentes
1501 4724 1613 4800 species
1641 4724 1715 4782 inter
1737 4739 1769 4782 ae
1792 4721 1897 4784 distin·

542 4817 693 4889 guantur.
719 4834 725 4852 .
1084 4886 1090 4892 ψ

645 4894 732 4958 XVl.
755 4898 954 4961 Definitio.
1000 4896 1046 4958 Ad
1077 4897 1171 4960 meae
1200 4895 1273 4958 alias
1303 4893 1464 4975 singulares
1485 4896 1623 4956 transitus
1656 4900 1700 4956 eat
1728 4896 1814 4957 nobis
1846 4913 1898 4974 per

561 4984 779 5061 copulationem
800 4986 941 5048 linearum
961 4986 1112 5059 binarum,
1145 5002 1220 5062 quae
1248 4986 1328 5062 ipsae
1357 4999 1474 5060 quoque
1502 4999 1596 5044 novos
1623 4980 1730 5059 grados
1759 4987 1896 5046 scientiae

562 5074 757 5150 interponunt.
810 5072 929 5136 Secatnr
956 5091 985 5132 n.
1016 5073 1064 5134 vel
1089 5073 1231 5134 diameter
1257 5070 1307 5134 vel
1334 5070 1434 5148 aliqua
1459 5069 1599 5132 diametro
1629 5071 1896 5134 commensurabilis

561 5159 664 5227 saltem
686 5161 821 5243 potentia
842 5163 935 5221 etsie
956 5161 1095 5237 effabilis,
1125 5162 1285 5223 autetiam
1306 5158 1406 5236 aliqua
1426 5174 1519 5234 mesa,
1549 5163 1681 5234 seesmr,
1703 5159 1839 5239 inquam,
1867 5161 1895 5218 in
