4467 6192
550 670 611 741 aaa
920 666 952 723 u
970 666 1188 725 annonarum
1205 667 1347 725 nouom
1364 667 1517 739 appensa.
1602 640 1612 657 ’

636 839 669 893 ln
686 839 840 896 inventione
857 841 996 899 Romanae
1012 860 1155 900 mensurae
1173 844 1244 899 idem
1262 843 1358 914 procul
1377 843 1457 899 dubio
1483 857 1629 913 processus
1652 841 1706 897 luit
1730 840 1898 896 observatus

551 916 660 984 Alioqui
679 918 702 971 si
718 917 882 975 liberrimum
900 920 951 975 fuit
968 922 1115 979 inventoris
1134 924 1283 992 arbitrium,
1303 914 1478 977 cansa'uulla
1495 922 1558 991 luit,
1583 938 1632 977 cur
1648 922 1734 977 librae
1751 921 1847 990 potius
1867 924 1897 974 le·

550 994 651 1048 solidos
670 997 781 1063 pollices
799 997 927 1053 fontanae
945 1001 1086 1065 tribueret,
1105 1018 1187 1071 quarn
1208 1002 1238 1058 to
1256 1002 1300 1055 vel
1318 1002 1360 1056 12.
1395 1000 1522 1055 Notabile
1540 1000 1648 1056 iuterim
1665 1000 1766 1068 etheo,
1785 1000 1899 1055 eaodem

549 1073 635 1129 fuisse
654 1078 855 1146 proportionem
874 1079 1001 1149 ponderis
1020 1080 1166 1151 amphorae
1192 1081 1227 1135 ad
1254 1081 1368 1150 librom,
1395 1094 1466 1148 quoe
1490 1079 1576 1149 librae
1592 1080 1628 1134 ad
1647 1080 1811 1139 drachmam.
1848 1078 1901 1132 Sed

548 1160 614 1222 puto
632 1153 703 1209 hauc
720 1156 911 1224 aequalitatem
930 1156 1001 1213 ultro
1020 1168 1119 1229 ortam,
1138 1176 1193 1215 nou
1211 1161 1370 1229 quaesitam.
1406 1160 1472 1215 Cum
1498 1160 1569 1215 eninr
1587 1160 1812 1231 deprehendisset
1830 1160 1902 1215 illisa

552 1234 723 1301 aequationis
741 1242 844 1309 auctor,
863 1238 940 1309 pedis
959 1238 1128 1293 usitatissimi
1140 1240 1244 1309 ,cubum
1262 1254 1378 1307 aqueum
1396 1231 1517 1309 pendere
1531 1239 1589 1295 iere
1607 1240 1691 1296 libras
1709 1241 1901 1295 usitatissimas

549 1310 591 1380 96,
610 1320 637 1366 et
655 1315 842 1385 perpenderet,
861 1318 975 1380 eundem
994 1332 1054 1373 esse
1074 1333 1216 1371 numerum
1234 1316 1421 1371 drachmarum
1445 1317 1474 1371 in
1497 1318 1567 1374 libra
1590 1318 1753 1388 antiquitas:
1783 1327 1900 1373 contem·

548 1391 687 1471 peratioue
705 1394 782 1464 pedis
800 1404 829 1451 et
846 1394 930 1450 librae
942 1412 999 1451 rem
1011 1411 1028 1451 a
1040 1397 1243 1468 propinquitate
1261 1398 1296 1453 ad
1308 1398 1397 1467 ipsum
1409 1404 1546 1466 puuctum.
1558 1396 1679 1464 adduxit,
1696 1414 1752 1451 nou
1764 1398 1900 1451 electurus

548 1468 621 1524 huuc
639 1488 779 1527 numerum
798 1474 832 1529 96
850 1474 987 1543 librarum,
1006 1475 1064 1530 sia
1088 1482 1259 1546 receptatnm
1286 1476 1416 1531 librarum
1442 1493 1555 1531 numero
1582 1477 1732 1531 immaniter
1760 1476 1899 1531 abluisset

548 1548 608 1605 Hoc
625 1550 707 1619 igitur
725 1554 749 1609 si
766 1562 794 1609 et
811 1570 860 1609 nos
879 1553 1033 1623 imitemur,
1063 1555 1180 1611 satisfiet
1207 1556 1329 1625 proxime
1356 1553 1443 1611 tribus
1470 1556 1524 1610 illis
1549 1555 1699 1611 rationibus
1725 1558 1754 1609 in
1772 1556 1899 1611 methodo

549 1627 679 1699 allegetis,
699 1629 843 1689 drachmae
861 1648 911 1688 sua
927 1632 1098 1702 relinquetur
1115 1636 1280 1705 auotoritas,
1309 1643 1438 1704 quantum
1462 1650 1579 1691 necesse
1592 1641 1635 1690 est
1652 1644 1678 1689 et
1697 1641 1831 1705 qnantum
1849 1649 1900 1687 me

548 1720 639 1783 retur;
660 1708 811 1781 drachmae,
830 1711 934 1781 unche,
953 1727 1058 1768 marcae
1077 1712 1238 1769 retinebitur
1254 1716 1464 1785 nomenclatura,
1482 1729 1590 1783 unaque
1609 1720 1637 1769 et
1649 1715 1790 1770 omouaria
1807 1712 1901 1768 solidis

548 1792 757 1851 familiarissima
775 1791 941 1863 progressio.

1101 1954 1154 2015 Ad
1177 1953 1295 2031 Caput
1317 1954 1355 2015 V.

640 2108 788 2165 Processus
805 2106 950 2165 reducendi
969 2092 1083 2161 solidum
1102 2105 1362 2177 parallelepipedum
1381 2108 1567 2179 rectsugulum
1593 2110 1620 2163 iu
1637 2110 1751 2177 figuram
1769 2110 1902 2171 cubitans.

551 2188 675 2260 equidem
693 2204 817 2259 maguam
836 2185 956 2243 ostendit
973 2186 1147 2255 diligentiam.
1183 2186 1283 2241 Tribus
1309 2186 1380 2241 enirn
1404 2188 1492 2244 modis
1518 2190 1546 2245 iu
1573 2207 1656 2245 unum
1682 2188 1901 2258 conspirantibus

551 2276 670 2327 constat:
684 2285 804 2338 numero,
817 2269 975 2339 capacitate,
988 2266 1121 2337 pondere;
1141 2281 1191 2333 ego
1211 2272 1337 2335 quartum
1354 2265 1463 2321 modum
1475 2266 1546 2322 inira
1558 2269 1653 2323 dicam.
1684 2269 1808 2335 Cumque
1821 2266 1903 2320 Seho

554 2366 636 2406 nerus
654 2356 682 2403 et
699 2348 824 2403 Stevinus
844 2342 1009 2415 quatientem
1028 2345 1092 2401 lima
1110 2344 1245 2400 subtiliori
1263 2345 1459 2416 exprobrarint,
1488 2344 1556 2401 nihil
1579 2347 1646 2401 mihi
1666 2346 1840 2415 reliquerunt
1856 2343 1901 2396 ad·

552 2428 677 2484 densium.
702 2426 827 2483 Numerio
846 2433 937 2479 autern
955 2420 1061 2493 semper
1073 2423 1159 2477 tutius
1178 2429 1220 2477 est
1232 2423 1279 2491 uti,
1298 2436 1380 2491 quam
1398 2424 1485 2494 lineis,
1505 2442 1553 2495 per
1565 2426 1696 2483 mesolabi
1707 2426 1903 2481 aberrationem

552 2507 615 2561 Non
629 2512 707 2577 putat
718 2506 771 2560 hoc
784 2504 938 2559 Schouerus
957 2504 1051 2570 decere
1070 2511 1250 2571 geometram:
1270 2511 1298 2557 at
1316 2503 1343 2555 iu
1361 2503 1415 2559 hoc
1432 2504 1569 2572 praesenti
1587 2520 1652 2561 essu
1665 2505 1735 2561 curari
1749 2505 1904 2560 subtilitate

552 2585 732 2653 operandum,
759 2599 809 2639 neo
835 2583 938 2651 ignosci
966 2588 1057 2652 potest
1083 2579 1221 2637 mesolabo
1249 2582 1379 2650 peccanti.
1423 2583 1570 2652 Egregium
1598 2582 1666 2645 alias
1691 2585 1903 2638 instrumentum

551 2662 714 2731 mesolabus,
733 2661 841 2730 egregia
864 2660 1038 2730 uertitatio,
1066 2676 1136 2728 quoe
1163 2676 1213 2729 pro
1235 2660 1340 2715 calculo
1364 2678 1421 2715 rem
1444 2662 1535 2731 ipsam,
1554 2661 1605 2715 sub
1629 2676 1722 2716 manus
1746 2662 1850 2728 sumit,
1876 2670 1903 2712 at

551 2740 674 2811 proiecto
692 2758 745 2795 non
764 2760 938 2809 ysopmpmoa
955 2740 1015 2809 hoc,
1036 2740 1083 2795 sed
1101 2760 1250 2809 annotans,
1270 2748 1297 2793 et
1315 2756 1378 2795 rere
1400 2739 1455 2795 tale
1481 2756 1537 2795 nou
1554 2741 1614 2794 sola
1630 2739 1802 2807 ignoratione
1820 2738 1903 2793 homi·

551 2836 624 2891 num,
644 2821 715 2890 quod
735 2828 813 2895 putat
832 2821 966 2876 Stevinus.
1002 2820 1067 2891 Ipsa
1084 2834 1175 2875 rerum
1193 2818 1419 2887 geometricorum
1442 2828 1540 2875 natura
1562 2836 1617 2873 non
1641 2820 1693 2873 lert
1710 2820 1783 2874 duas
1802 2819 1902 2873 medias

554 2900 640 2967 aliter,
660 2898 711 2956 uisi
724 2917 774 2971 por
791 2900 865 2971 ipsos
885 2898 969 2955 cubos
988 2915 1053 2955 suos
1071 2896 1253 2953 determinari.
1280 2898 1318 2950 st
1331 2913 1385 2951 non
1399 2898 1497 2953 dantur
1509 2898 1571 2953 cubl
1585 2897 1653 2953 alter
1670 2897 1785 2953 alterius
1803 2898 1903 2968 duplos

555 2994 584 3033 re
608 2980 674 3049 ipsa
710 2980 780 3036 Nam
797 2979 821 3035 si
839 2979 976 3049 darentur,
994 2984 1043 3033 aut
1059 2993 1076 3031 a
1093 2984 1193 3031 natura
1212 2977 1340 3044 darentur
1352 2983 1401 3031 aut
1413 2979 1447 3031 ab
1459 2978 1582 3047 homiue3
1603 2979 1728 3046 utrinque
1739 2994 1795 3048 per
1807 2986 1905 3042 ortam,

553 3075 649 3130 nempe
666 3075 718 3129 per
734 3060 807 3131 latus
826 3076 912 3124 suum,
931 3076 969 3127 sc.
987 3075 1036 3129 per
1053 3056 1157 3112 medias
1175 3056 1410 3127 proportionales,
1439 3073 1507 3125 quas
1532 3058 1590 3127 jam
1616 3058 1730 3113 diximus
1757 3060 1789 3113 in
1816 3058 1904 3127 plania

551 3142 626 3197 nullo
638 3150 719 3212 pacto
737 3142 865 3199 constitui
878 3141 1047 3211 geometrice,
1066 3154 1156 3207 neque
1174 3137 1382 3207 sciri-uuquam,
1401 3154 1484 3211 quare
1503 3143 1600 3195 necin
1611 3147 1701 3193 mente
1718 3144 1786 3191 actu
1804 3137 1904 3191 insunt

550 3220 646 3291 Itaque
665 3222 742 3277 cubis
759 3220 941 3291 proportionis
958 3218 1056 3288 duplae
1075 3218 1208 3286 denegato
1227 3226 1288 3273 ortu
1306 3216 1378 3284 (oum
1396 3226 1472 3271 reeta
1484 3234 1543 3272 uon
1561 3226 1622 3274 ante
1639 3217 1808 3285 consistant,
1825 3232 1905 3285 quara

551 3299 684 3365 oriantur,
702 3316 736 3357 ue
754 3300 782 3355 iu
800 3304 890 3358 urente
909 3297 1039 3366 quidem),
1058 3296 1264 3367 negaturetism
1281 3295 1458 3352 subsistentis
1470 3312 1519 3351 seu
1530 3298 1602 3352 iutra
1614 3313 1662 3351 seu
1680 3304 1758 3350 extra
1777 3307 1904 3351 mentm.

551 3374 610 3433 Hoc
628 3379 732 3433 imitato
749 3392 839 3432 rerum
857 3386 963 3445 natura,
983 3377 1101 3431 rationes
1120 3378 1303 3442 harmonicas,
1330 3378 1476 3433 intercluso
1494 3378 1641 3433 mediarum
1658 3374 1904 3446 proportionalium

552 3457 676 3525 nauehu,
694 3457 765 3513 intra
779 3472 923 3516 numerum
941 3456 1108 3514 octonarium
1125 3457 1270 3512 terminare
1285 3465 1383 3516 coacta
1397 3464 1449 3511 est.
1638 3498 1642 3505 .

638 3537 735 3604 ltaque
762 3536 843 3604 hujus
867 3537 997 3594 instinctu
1021 3537 1078 3604 jam
1104 3535 1166 3593 vilis
1198 3539 1277 3593 etism
1305 3538 1424 3607 agricola
1450 3554 1547 3593 vocum
1571 3538 1778 3607 proportionem
1808 3537 1904 3591 ta‘a'saa

553 3613 662 3671 demost
680 3622 708 3669 et
726 3623 875 3685 aversatur,
895 3615 959 3683 quia
971 3614 1090 3673 adillsm
1108 3633 1162 3672 nou
1180 3624 1274 3685 potest
1291 3617 1454 3687 geometrice
1472 3618 1614 3686 perveniri,
1633 3616 1684 3671 nisi
1700 3632 1749 3685 per
1761 3618 1780 3670 2
1791 3615 1904 3681 ιιιεᾱίιι,

553 3709 623 3763 quae
641 3698 703 3749 actu
721 3696 846 3764 nuspiam
865 3702 938 3761 suut,
955 3710 1006 3751 nec
1025 3694 1053 3749 in
1071 3703 1161 3751 mente
1178 3695 1354 3755 adumbratae
1372 3712 1423 3751 uec
1440 3696 1468 3751 in
1486 3695 1587 3751 mondo
1606 3710 1763 3765 expressae.

638 3773 756 3844 Objiciat
782 3774 880 3845 aliquis
905 3782 999 3831 ooutm
1021 3777 1095 3833 bauo
1112 3774 1322 3847 philosophiam,
1340 3793 1377 3832 an
1395 3794 1450 3832 nou
1462 3778 1549 3834 oobus
1565 3775 1695 3844 lduplus
1707 3776 1742 3829 sit
1755 3775 1795 3831 ad
1807 3776 1906 3829 tubun

552 3853 587 3907 1?
606 3854 776 3925 Respoudeo,
796 3856 908 3924 perinde
926 3856 979 3912 boc
998 3872 1104 3923 souare,
1132 3871 1164 3911 sc
1182 3855 1205 3911 si
1223 3856 1284 3924 quis
1302 3857 1355 3912 hoc
1372 3856 1479 3913 dicendi
1497 3872 1596 3925 genere
1619 3863 1757 3923 uteretur,
1788 3872 1825 3910 an
1853 3870 1905 3908 noa

554 3934 639 3990 cubus
658 3934 757 4005 duplus
777 3935 812 3990 ad
830 3935 956 4005 simplum
975 3936 1074 4005 duplus
1092 3938 1155 3993 est?
1190 3937 1309 3993 Numeri
1321 3937 1392 3991 enim
1409 3944 1473 3991 sunt
1491 3952 1580 3990 sermo
1597 3942 1813 4003 geometram,
1841 3929 1904 3987 niti

552 4020 685 4081 praetera.
723 4013 855 4083 Suntque,
874 4022 905 4071 ut
923 4021 1072 4084 conceptus
1089 4015 1205 4082 manns,
1231 4014 1410 4084 applicabiles
1435 4024 1491 4071 tam
1513 4014 1583 4070 veris
1600 4029 1683 4083 quam
1700 4010 1903 4075 conditionan's,

555 4089 672 4159 denique
688 4090 759 4147 lictis
779 4101 807 4148 et
824 4094 904 4161 plane
922 4092 1135 4163 impossibilibus
1154 4093 1272 4157 entibus,
1292 4094 1319 4148 h.
1338 4111 1362 4150 e.
1379 4110 1435 4150 uon
1451 4095 1628 4149 entibus‘aut
1644 4093 1800 4147 chimaeris.

641 4170 727 4225 Aliter
745 4172 867 4243 objicias,
886 4188 920 4227 an
939 4191 993 4228 non
1010 4174 1098 4242 possit
1115 4173 1229 4243 cogitari
1251 4176 1337 4239 cubus
1364 4174 1433 4229 alter
1450 4172 1563 4228 alterius
1582 4171 1698 4239 duplus,
1722 4170 1772 4225 ubi
1798 4172 1906 4227 ridetur

553 4265 598 4306 res
615 4250 684 4307 haec
702 4252 730 4307 in
748 4259 837 4309 mente
855 4253 1023 4323 subsistere?
1042 4254 1206 4323 Respondes
1221 4253 1358 4321 similiter3
1370 4254 1490 4321 cogitare
1506 4253 1577 4308 enim
1588 4262 1676 4320 potes,
1693 4250 1906 4305 contradictoria

554 4328 634 4388 simul
652 4344 713 4385 esse
730 4345 802 4400 vera,
821 4332 895 4400 quod
913 4337 1003 4389 taruco
1021 4338 1063 4389 est
1080 4331 1255 4400 impossibile.
1292 4330 1369 4387 Haec
1386 4333 1468 4399 igitur
1485 4331 1579 4385 insunt
1596 4331 1687 4385 verius
1703 4328 1733 4383 in
1748 4328 1905 4397 phantasia,

554 4423 724 4478 nequaquam
743 4410 771 4465 iu
789 4418 888 4465 mente.
922 4402 991 4465 Nam
1009 4410 1055 4478 qui
1076 4410 1116 4465 sio
1134 4410 1243 4479 cogitat.
1262 4410 1299 4465 nil
1317 4410 1369 4467 nisi
1386 4411 1469 4465 rerba
1480 4410 1583 4479 cogitat
1596 4416 1625 4463 et
1638 4423 1727 4477 sonos,
1745 4423 1782 4462 ex
1800 4409 1906 4463 aurion

553 4487 710 4543 resonantia
727 4503 777 4557 per
794 4489 911 4557 speciem
929 4488 1091 4557 phantasiae
1110 4488 1174 4545 olim
1192 4498 1412 4558 repraesentatos
1436 4491 1565 4557 varieque
1586 4489 1659 4543 inter
1681 4503 1713 4542 se
1729 4487 1905 4555 compositos,

554 4564 685 4624 heroem
709 4567 817 4637 quidem
842 4584 938 4638 opera,
967 4568 1015 4625 sed
1041 4586 1094 4623 non
1117 4570 1194 4637 justo
1216 4585 1269 4625 uec
1290 4570 1342 4623 nisi
1366 4568 1498 4623 imitativo
1520 4582 1659 4639 processu.
1696 4566 1774 4633 Quae
1797 4583 1865 4622 reso
1879 4565 1906 4619 ia

554 4653 652 4715 mente,
671 4663 704 4704 ea
721 4663 770 4717 per
789 4664 887 4715 causas
905 4664 968 4705 snas
986 4650 1093 4717 insunt,
1121 4664 1177 4703 uon
1203 4664 1253 4717 per
1276 4648 1350 4703 num
1378 4646 1510 4702 nomina·
1533 4645 1705 4714 Intelligatur
1720 4644 1803 4708 iatam
1819 4645 1905 4699 mosa

557 4723 627 4781 atter
643 4724 755 4783 donus
774 4726 882 4797 duplus,
901 4729 928 4784 lr.
947 4743 970 4783 e.
988 4742 1039 4798 per
1056 4742 1167 4783 caueam
1184 4742 1261 4782 suam
1278 4725 1523 4796 comprehendatur
1548 4732 1576 4778 et
1599 4723 1747 4779 concedam
1768 4723 1799 4777 in
1815 4725 1904 4776 mute

553 4804 659 4867 inesse..
688 4802 758 4861 Nam
775 4821 850 4861 meus
868 4804 904 4861 ad
922 4820 1019 4862 causas
1036 4806 1149 4865 remisso
1159 4805 1313 4869 revolvetur
1325 4804 1475 4862 admoditae
1487 4801 1713 4873 proportionales,
1731 4811 1904 4871 qusaortn

555 4884 626 4954 cubi,
644 4889 676 4939 ut
691 4885 772 4944 tertio
791 4892 854 4943 actu
873 4886 1002 4956 generati,
1020 4886 1095 4954 ipsae
1113 4886 1200 4953 primo
1217 4892 1294 4954 actu,
1318 4902 1344 4941 n.
1362 4885 1459 4954 puncti
1476 4883 1566 4951 fluxu,
1584 4882 1769 4951 generandae,
1796 4893 1905 4950 praeee-

556 4960 622 5018 dsut
632 4976 745 5023 necesse
758 4970 808 5021 est.
831 4966 889 5023 Hss
907 4980 970 5021 vero
988 4980 1043 5021 uon
1055 4966 1158 5021 invenit
1174 4980 1251 5021 meus
1267 4965 1341 5020 intra
1351 4978 1391 5032 se,
1409 4962 1437 5017 h.
1455 4977 1479 5019 e.
1496 4963 1525 5017 in
1540 4960 1682 5017 scibilibus
1700 4958 1903 5029 quantitatibus

555 5041 594 5097 Ut
609 5042 717 5111 rectius
727 5042 772 5100 laic
790 5044 912 5101 delectus
930 5043 1044 5101 duarum
1061 5044 1211 5099 mediarum
1228 5042 1408 5112 intelligatur,
1432 5040 1619 5110 perpendatur
1636 5038 1814 5095 subsistemia
1829 5052 1903 5091 raea-

556 5118 617 5176 talis
635 5120 716 5177 auius
733 5122 845 5181 mediae
880 5123 959 5179 Datis
976 5122 1085 5181 duabus
1101 5122 1310 5192 quibuscunque
1325 5120 1415 5189 lineis,
1441 5118 1523 5177 dator
1537 5117 1665 5187 monus,
1682 5118 1760 5186 cuju
1772 5116 1904 5173 damu«
