4467 6192
525 630 589 690 440
743 704 745 711 1
995 619 1161 690 Appendicis
1179 621 1405 676 Harmoniccrum

526 804 617 863 bllivi.
662 802 760 871 Etiam
782 800 926 862 medicum
946 802 978 859 ie
1002 795 1194 872 oblivisceris,
1209 801 1269 876 qui
1291 800 1389 860 nullos
1412 802 1529 861 morbos
1551 799 1671 887 nisiab
1693 801 1793 860 anima
1806 817 1879 876 pes-
1971 819 1972 854 ς

527 895 602 949 sima
625 898 654 950 et
677 890 825 951 malevola
844 890 961 947 causari
989 890 1097 963 garris,
1122 889 1205 963 quasi
1229 904 1287 946 non
1302 890 1476 949 creberrima
1495 890 1534 959 sit
1555 888 1760 960 alimentorum
1779 888 1878 964 calpa.
1971 951 1972 958 ,

528 980 608 1037 Dum
631 995 701 1037 vero
726 976 856 1053 explodis
880 993 999 1036 eausam
1022 974 1117 1033 fluxus
1149 983 1179 1033 et
1200 976 1327 1033 refluxus
1349 972 1451 1050 maris,
1482 978 1704 1052 respirationem
1721 992 1778 1038 ‚seu
1801 976 1880 1034 reci·
1971 963 1972 1034 ι

526 1069 727 1142 procationem
749 1065 873 1134 Terrae,
897 1062 993 1139 qualia
1017 1065 1045 1119 in
1068 1063 1209 1138 piscibus,
1233 1062 1331 1139 prodis
1362 1074 1390 1123 te
1413 1081 1471 1123 non
1495 1081 1559 1123 esse
1581 1070 1770 1139 geometram.
1816 1061 1880 1120 Ne·

469 1172 471 1177 ·
530 1171 678 1229 quaquam
709 1152 802 1228 maior
832 1150 864 1209 dt
891 1150 984 1211 moles
1012 1159 1155 1209 attractae
1183 1166 1292 1225 aquae,
1326 1169 1414 1227 quam
1442 1159 1488 1212 est
1509 1150 1617 1209 Terrae
1647 1167 1762 1227 corpus.
1806 1148 1878 1208 Esto
1971 1177 1972 1186 ι

528 1244 622 1313 enim,
651 1248 684 1298 ut
707 1248 769 1299 tota
792 1242 870 1297 intus
893 1237 980 1314 plena
1001 1239 1040 1296 sit
1062 1251 1150 1312 aqua,
1185 1255 1243 1300 nen
1261 1255 1341 1314 opus
1364 1238 1485 1298 habehit
1515 1237 1554 1297 ad
1577 1236 1725 1297 defluxum
1749 1253 1878 1295 ιιιιιιι-

527 1328 594 1387 dsru
631 1327 696 1404 plus
727 1326 873 1385 attrahere
910 1341 961 1401 per
991 1327 1219 1383 corrtractionem
1255 1328 1381 1401 partium
1412 1313 1577 1401 aliquarum
1606 1325 1755 1396 mollium,
1791 1342 1880 1399 quam

430 1403 435 1413 ’
527 1424 715 1491 quantume
701 1414 788 1473 elficit
819 1429 978 1489 paucorum
1007 1412 1116 1515 padum
1145 1412 1285 1486 altitudo,
1317 1430 1383 1472 cum
1416 1414 1528 1489 reliqua
1556 1412 1741 1489 profunditas
1772 1419 1881 1487 aequet

530 1503 592 1562 900
616 1500 760 1561 milliaria
807 1500 838 1560 Si
871 1508 975 1560 testam
1007 1508 1070 1559 tute
1102 1501 1165 1575 ipse
1197 1495 1270 1559 iacis
1292 1500 1412 1560 Terram
1445 1509 1497 1559 ant
1527 1500 1617 1566 ollam
1648 1518 1728 1576 aqua
1750 1498 1879 1576 plenam,
1971 1555 1972 1574 ,

509 1589 670 1665 „quantulo
694 1592 789 1654 minus
812 1590 866 1647 erit
888 1586 941 1645 illa
964 1588 1016 1647 tibi
1040 1587 1229 1656 miraculosa,
1258 1603 1347 1663 quam
1368 1591 1394 1646 si
1416 1586 1551 1647 cochlear
1578 1605 1668 1649 unum
1690 1595 1782 1663 atque
1806 1586 1881 1645 alte-
1971 1587 1972 1614 ι

529 1695 593 1735 rum
617 1678 732 1737 hauriat
754 1674 889 1751 amplius.
936 1674 979 1731 Ex
1002 1692 1067 1733 meo
1089 1673 1140 1733 iol.
1164 1676 1237 1733 255.
1269 1684 1301 1733 ιι
1323 1675 1494 1752 plerumque
1516 1692 1669 1752 perperam
1690 1673 1808 1748 allegas
1830 1691 1881 1731 ιιι-

528 1765 641 1840 mleque
665 1763 740 1823 hoc
736 1765 925 1865 potissimum
949 1760 1188 1837 impugnandum,
1213 1762 1291 1836 quod
1315 1766 1442 1823 animam
1457 1762 1566 1823 Terrae
1583 1763 1705 1822 dixerim
1719 1762 1880 1833 flammam,

528 1854 688 1911 sorbitione
711 1853 833 1909 marium
857 1848 1027 1937 lovepdnm,
1053 1866 1119 1908 eum
1147 1867 1202 1923 ego
1225 1851 1403 1927 scripserim,
1423 1851 1551 1928 flemma
1573 1849 1724 1952 qrtoedqm
1752 1867 1815 1907 aare
1836 1853 1882 1907 oi·

527 1939 624 2013 detur,
648 1942 690 1997 ita
713 1956 783 1998 vero
807 1938 952 2013 loquimur
975 1936 1011 1996 de
1034 1954 1079 2008 eo,
1103 1936 1181 2011 quod
1204 1945 1248 1995 est
1270 1937 1365 1997 simile
1385 1938 1529 1997 dammae.
1574 1937 1623 1996 Sic
1644 1939 1745 1996 anima
1761 1937 1880 2013 plantae
1971 1959 1972 1976 ι

529 2035 573 2086 ιιι
596 2028 714 2086 flamma
737 2024 896 2101 quaedam,
929 2023 1022 2084 tendit
1054 2026 1130 2083 enim
1153 2041 1282 2099 sureum3
1315 2028 1408 2085 sicin
1431 2025 1665 2085 homiuiscorde
1692 2033 1738 2084 est
1762 2024 1881 2083 lucerna

529 2114 689 2190 quaedam,
724 2112 880 2171 ventilatur
908 2114 984 2172 enim
1014 2119 1043 2170 et
1072 2111 1192 2170 edumei
1224 2119 1279 2170 etc.
1325 2111 1510 2189 Quamquam
1543 2130 1602 2171 non
1632 2111 1719 2171 valde
1756 2130 1878 2189 pugnas,

529 2201 696 2261 recordatus
720 2200 845 2258 Archaei
869 2201 911 2259 tui
934 2198 1119 2258 Paracelsici.
1163 2198 1236 2275 Ego,
1261 2201 1300 2257 mi
1316 2200 1453 2271 Roherte,
1476 2199 1513 2260 da
1528 2201 1681 2260 vocabulis
1695 2216 1756 2257 non
1771 2217 1879 2275 pugno.

529 2288 560 2349 Si
588 2289 642 2348 tibi
673 2305 730 2347 non
760 2286 857 2365 placet
884 2304 941 2346 vox
969 2288 1067 2345 anima
1090 2285 1214 2354 Terrae,
1247 2304 1299 2364 per
1321 2306 1367 2347 me
1397 2288 1450 2347 tihi
1479 2287 1580 2346 licebit
1608 2286 1689 2347 illem
1714 2288 1879 2346 Archaeum
1971 2335 1972 2354 .

530 2376 638 2436 Terrae
662 2376 773 2447 dicere,
807 2392 893 2450 quem
915 2376 1019 2432 mirum
1050 2390 1109 2433 non
1132 2372 1241 2432 dudum
1275 2375 1328 2433 ahs
1351 2381 1380 2434 te
1402 2374 1574 2453 productum
1607 2377 1635 2431 in
1667 2376 1891 2451 superioribus,·
1971 2369 1972 2404 l

489 2476 493 2482 '
531 2481 596 2523 cum
620 2466 680 2523 ae'ri
705 2464 901 2523 circumstanti
926 2463 1023 2520 omnia
1045 2462 1203 2534 tribueres,
1235 2479 1311 2537 quae
1333 2461 1380 2521 vel
1404 2463 1452 2521 hic
1473 2464 1537 2537 ipse
1562 2463 1759 2521 Archaeus‘a
1780 2462 1880 2521 Theo·
1971 2457 1972 2490 ³

522 2546 650 2628 'phrasin
681 2567 735 2610 suo
760 2548 927 2627 peragenda
949 2550 1071 2625 accepit.
1117 2548 1163 2606 De
1186 2552 1346 2623 geometria
1371 2552 1399 2607 in
1423 2559 1520 2609 mente
1545 2551 1599 2609 liei
1628 2567 1742 2610 mecum
1766 2557 1800 2607 tu
1823 2567 1879 2607 nou

529 2655 655 2714 pugnas,
677 2640 727 2714 qui
750 2654 824 2714 pena
848 2654 884 2696 ex
906 2653 971 2695 meo
988 2652 1044 2695 ore
1067 2634 1205 2711 loqueris,
1229 2646 1310 2695 ratus
1333 2644 1362 2696 te
1385 2645 1547 2695 conuame
1563 2639 1707 2714 excipere.
1753 2635 1879 2695 Senten-
1971 2641 1972 2648 ’

530 2728 601 2784 tiam
622 2742 717 2784 meam
741 2725 873 2784 ultimam
896 2723 931 2784 de
955 2725 1122 2783 charactere
1145 2722 1259 2782 zodiaci
1282 2723 1384 2782 laudas
1407 2731 1437 2783 et
1457 2726 1612 2801 approbas,
1636 2724 1730 2782 solum
1756 2727 1879 2800 priorem
1971 2719 1972 2770 l

531 2812 623 2871 hahes
647 2813 711 2887 ejus
735 2813 953 2888 impressionem
984 2813 1013 2867 in
1038 2814 1135 2869 adrem
1163 2819 1192 2869 et
1212 2819 1311 2870 cetera
1336 2820 1387 2869 tuo
1410 2828 1499 2870 more.
1547 2812 1772 2887 Adeoquequi
1794 2829 1879 2887 snpra

531 2900 654 2973 dixeras,
678 2904 775 2965 a'e’rem
798 2898 867 2958 dare
889 2898 997 2960 Terrae
1020 2901 1126 2970 vitam,
1160 2916 1239 2958 nurse
1261 2900 1378 2975 insuper
1401 2898 1498 2957 locum
1528 2901 1555 2957 ei
1578 2898 1630 2956 das
1662 2899 1739 2956 intra
1762 2898 1879 2957 Terram

530 2991 618 3047 etiam
641 2996 670 3046 et
692 2986 774 3046 illum
797 3003 862 3047 erim
885 3004 951 3045 mea
973 2985 1080 3044 Terrae
1103 2986 1201 3043 anime
1224 2986 1279 3045 auh
1302 2986 1379 3047 idem
1398 2998 1510 3061 genus,
1531 2988 1608 3061 ignis
1631 2984 1760 3056 seilicet,
1784 2986 1878 3057 refers,

531 3078 627 3135 adrem
651 3090 784 3135 asserens
807 3076 882 3132 iutra
905 3073 1024 3133 Terram
1047 3090 1111 3132 esse
1137 3074 1233 3147 ignem
1260 3081 1451 3133 contractum.
1496 3073 1628 3147 Benigne
1648 3073 1790 3141 dimittor,
1813 3091 1878 3149 gra·
1971 3119 1972 3128 .

446 3216 448 3221 .
524 3164 586 3222 tiae
610 3178 682 3239 ago,
715 3161 787 3221 nihil
809 3162 880 3221 milri
903 3177 988 3237 porro
1021 3163 1107 3237 eripis
1131 3162 1186 3218 nisi
1209 3163 1341 3233 uomina,
1373 3178 1432 3219 rem
1455 3159 1613 3237 relinquis]
1651 3160 1711 3220 Cur
1739 3162 1830 3235 igitur
1851 3163 1877 3216 in
1971 3209 1972 3216 ,

533 3250 722 3310 conclusione
745 3250 832 3327 hujus
854 3249 911 3308 loci
934 3266 1049 3325 paeana
1072 3250 1153 3307 canis
1181 3264 1337 3325 superma
1360 3248 1554 3326 triumphato,
1581 3246 1723 3325 ‘adeoque
1747 3256 1778 3306 et
1800 3246 1877 3305 salsis
1971 3271 1972 3320 J

533 3354 580 3395 me
604 3338 771 3397 criminibus
796 3354 914 3396 ιιιιιι·
949 3354 1051 3397 ιιιιιι
1072 3354 1121 3395 me
1147 3344 1272 3410 praeter
1300 3354 1349 3394 mc
1369 3338 1470 3409 ipsum
1498 3334 1721 3394 condemnare?
1754 3334 1877 3411 denique

533 3424 622 3483 verbe
652 3441 718 3483 mea
749 3424 784 3484 de
814 3425 936 3483 materia
965 3424 1032 3483 libri
1053 3422 1108 3481 111.
1137 3426 1273 3482 sonantia
1306 3433 1358 3481 tuo
1386 3422 1539 3482 commodo
1563 3421 1644 3481 velut
1667 3421 1704 3481 de
1727 3421 1805 3481 libro
1828 3420 1876 3480 lV

533 3508 611 3569 dicta
633 3514 740 3585 repetis
765 3520 793 3571 et
815 3510 972 3588 explodis?

622 3596 711 3656 Libro
734 3598 860 3660 meoV.
883 3600 1007 3674 primum
1030 3613 1088 3656 non
1111 3605 1213 3658 censes
1236 3596 1414 3657 audiendam
1435 3598 1601 3656 suasionem
1625 3611 1735 3668 meam,
1772 3602 1805 3655 ut
1827 3612 1876 3653 ve·

533 3689 609 3743 teres
632 3684 829 3761 hypotheses
834 3687 930 3743 animo
953 3684 1113 3761 ejiciamus.
1157 3684 1310 3746 Neminem
1333 3702 1415 3760 cogo,
1438 3683 1491 3744 aad
1512 3684 1570 3743 hoc
1585 3693 1694 3743 certum
1710 3684 1807 3743 habe·
1831 3684 1877 3757 qui

533 3771 582 3829 hic
605 3772 675 3829 mihi
706 3788 762 3829 uon
786 3780 883 3849 paret,
917 3774 941 3831 is
964 3772 1115 3849 voluptate
1147 3772 1199 3830 illa
1225 3790 1284 3832 non
1306 3776 1449 3848 potietur,
1481 3786 1558 3847 quae
1585 3772 1694 3831 hauriri
1716 3779 1818 3847 potest
1843 3788 1875 3827 ιι
1971 3805 1972 3842 4

532 3858 791 3959 speculationibus
810 3858 875 3917 lihri
901 3858 937 3919 V.
981 3859 1096 3942 Negas,
1128 3862 1201 3919 meis
1231 3862 1345 3961 scriptis
1375 3858 1515 3919 haetenus
1539 3859 1687 3925 ellectum,
1720 3865 1756 3916 ut
1778 3856 1876 3915 Ptole·

534 3963 648 4004 meeum
670 3946 789 4022 rejicere
812 3949 915 4023 possis.
961 3946 1093 4024 Ignosce,
1117 3950 1144 4006 si
1165 3955 1195 4006 te
1216 3964 1274 4005 non
1294 3947 1379 4023 iuro,
1402 3963 1461 4005 non
1483 3946 1612 4022 explicas
1629 3948 1717 4018 enim,
1740 3963 1804 4021 qua
1825 3962 1876 4020 po-

534 4035 677 4111 tissimum
706 4033 735 4090 lo
764 4051 794 4092 re
826 4033 954 4093 haereas.
1000 4033 1143 4110 Nuspiam
1172 4050 1241 4093 vero
1274 4034 1380 4093 clarius
1409 4032 1516 4110 probas
1538 4037 1634 4092 coetui
1661 4040 1706 4091 ιιι
1727 4033 1877 4091 doctorum

534 4120 815 4193 mathematicorum,
839 4127 868 4178 te
891 4124 1121 4180 astronomiam·
1113 4138 1257 4198 ignorare,
1281 4138 1369 4196 quam
1383 4121 1439 4194 hie,
1463 4121 1513 4196 uhi
1529 4127 1656 4180 veterem
1670 4122 1877 4181 mtrouomum

534 4218 636 4267 contra
651 4224 751 4268 omnes
766 4207 920 4267 modernos
943 4207 1068 4283 extollis,
1091 4228 1109 4269 a
1132 4208 1304 4269 certitudine
1320 4201 1527 4286 praedictionis
1545 4218 1678 4267 motuum
1700 4210 1795 4283 (quae
1817 4225 1877 4267 cre·

534 4296 587 4355 hro
610 4299 645 4370 2,
678 4298 711 4375 3,
736 4298 776 4369 4,
796 4296 814 4353 5
837 4294 944 4371 gradus
966 4312 1087 4371 peccare
1110 4295 1202 4355 oculis
1225 4295 1461 4374 deprehenditur)
1484 4304 1573 4371 atque
1598 4296 1774 4356 certitudine
1796 4313 1877 4370 prae·

534 4382 675 4442 dictorum
705 4382 958 4457 astrologicorum,
993 4399 1069 4457 quae
1096 4391 1164 4442 sunt
1195 4384 1230 4442 de
1263 4384 1366 4441 tuturis
1399 4383 1647 4459 contingentibus,
1680 4382 1877 4442 commendas
1971 4439 1972 4444 ,

534 4469 636 4547 Neque
658 4480 755 4530 tamen
779 4470 850 4527 mihi
873 4471 930 4528 tuis
953 4468 1088 4546 epithetis
1111 4487 1185 4548 opus
1207 4474 1268 4545 es't,
1295 4479 1328 4528 ut
1349 4468 1685 4530 doctrinamJPtolamaei
1699 4486 1749 4529 ιιι
1774 4474 1878 4529 immo·
1971 4521 1972 4526 ,

535 4556 618 4616 desto
644 4561 783 4633 spuriam
813 4556 965 4635 appellem.
1012 4556 1116 4633 ltaque
1146 4560 1217 4633 quia
1239 4561 1267 4615 in
1291 4559 1459 4616 suasionum
1489 4560 1702 4617 contentionem
1725 4557 1879 4618 descendi·

533 4662 614 4719 mus,
648 4644 758 4704 suadeo
787 4662 842 4721 ego
873 4642 1045 4721 lectoribus,
1076 4643 1211 4703 Clarium
1235 4647 1332 4721 potius
1354 4643 1488 4715 audiant,
1511 4648 1700 4705 exercitatum
1723 4647 1753 4701 in
1778 4645 1879 4704 Ptole·

534 4735 628 4790 maica
658 4734 834 4790 astronomia
867 4732 1102 4791 mathematicum
1133 4730 1195 4813 (qui
1225 4732 1343 4811 suadet,
1378 4730 1451 4790 alias
1474 4748 1648 4807 quaeramus
1678 4732 1877 4809 hypotheses),

534 4835 622 4896 quern
643 4828 675 4879 ιι
697 4818 866 4893 liebertum,
889 4817 1068 4879 mathemata
1089 4821 1163 4878 inter
1192 4820 1308 4877 umbras
1331 4818 1575 4895 etphantasmata
1590 4820 1789 4895 abjicientem,
1813 4819 1879 4877 dnm

534 4906 640 4966 suades
663 4898 844 4966 Ptolemaios
875 4910 1006 4968 retinere.
1052 4907 1098 4967 De
1131 4908 1228 4983 quiete
1256 4905 1304 4966 vel
1326 4916 1408 4966 motu
1428 4906 1507 4974 Solis
1533 4923 1592 4965 uon
1615 4914 1677 4967 erat
1709 4905 1795 4966 locus
1818 4906 1877 4966 dis·

534 4994 657 5070 putandi
682 4992 934 5064 inharmonice,
964 4993 1059 5053 labat
1083 4994 1156 5054 haee
1178 5012 1224 5054 res
1251 4993 1388 5053 idoneum
1418 5010 1504 5053 suum
1531 4994 1629 5057 locum
1655 4995 1734 5071 Epit.
1760 4996 1876 5053 Αιιιιι.

535 5080 609 5143 libro
638 5082 699 5157 IV,
731 5081 783 5139 ubi
809 5082 941 5143 iuvenies
971 5080 1052 5159 quod
1081 5098 1167 5160 agas,
1202 5084 1228 5141 ai
1257 5081 1383 5143 salutare
1412 5080 1601 5141 fundamenta
1626 5082 1681 5142 illa
1710 5085 1875 5143 tentareris
