4467 6192
792 658 877 736 Liuor
893 659 943 719 m
961 660 1101 733 Digressio
1117 661 1238 733 politica.
1631 672 1693 733 197

337 836 410 899 ursa
432 843 626 916 persuasione
647 840 784 903 41444441
804 841 1014 903 harmonicam.
1059 843 1136 903 Dico
1163 840 1394 919 quadamtenus,
1427 844 1453 905 si
1474 844 1611 908 nimirum
1640 863 1694 923 pro

338 928 510 989 rationibus
535 931 715 1007 aequalium
745 929 893 1007 intelligas
921 929 1113 991 modiationes
1142 928 1355 1005 arithmeticas,
1391 932 1421 989 in
1453 932 1528 993 alios
1556 950 1695 994 numeros

338 1015 570 1091 haasiormatas,
594 1021 623 1077 in
646 1019 754 1095 quihus
776 1034 836 1078 uon
856 1019 899 1077 sit
919 1033 1058 1095 expressa
1080 1016 1245 1094 aequalitas
1268 1036 1441 1081 excessuum
1457 1018 1592 1095 actualis,
1615 1039 1693 1098 quae

339 1109 400 1163 erat
420 1105 453 1162 iu
476 1105 578 1181 primis
600 1106 703 1167 tribus.
746 1106 822 1167 Nam
846 1113 978 1167 veterum
999 1105 1171 1167 harmonica
1190 1103 1333 1167 medietas
1354 1108 1552 1184 propriissime
1575 1110 1619 1169 sie
1641 1109 1695 1171 do·

339 1188 445 1264 441144,
468 1192 550 1270 quod
570 1195 615 1256 sit.
630 1211 806 1255 4444144444
827 1197 907 1253 inter
928 1200 989 1253 tres
1008 1211 1154 1253 nummos
1175 1192 1280 1253 eadem
1297 1197 1467 1270 proportio,
1490 1213 1570 1272 quac
1593 1204 1695 1259 eatre-

338 1294 478 1353 nrorum,
509 1282 657 1355 41143,
687 1284 724 1355 4,
756 1284 785 1343 6.
831 1280 1007 1358 Quicunque
1029 1280 1103 1341 tales
1126 1290 1185 1341 tres
1207 1284 1319 1341 numeri
1342 1290 1426 1356 sunt,
1457 1283 1521 1344 4144
1545 1300 1613 1345 4444
1635 1286 1695 1345 4141

339 1364 502 1429 harmonici
522 1370 587 1429 stre
609 1384 670 1429 uon
691 1370 768 1446 4141,
799 1386 915 1446 semper
936 1371 966 1429 in
988 1370 1024 1429 114
1046 1386 1149 1429 vemm
1172 1377 1232 1441 441,
1262 1372 1397 1429 aminaea
1425 1371 1602 1446 aequalium
1625 1366 1694 1453 (sau
1817 1374 1827 1386 ⁵

338 1455 437 1529 potius
469 1453 686 1538 arithmeticas)
715 1464 744 1517 et
769 1458 918 1518 similium
940 1454 1008 1538 (seu
1037 1452 1247 1538 geometricas)
1270 1474 1328 1517 esse
1358 1459 1500 1535 masuras
1528 1476 1586 1519 uno
1615 1468 1694 1523 certo

339 1541 435 1601 modo.
482 1543 591 1605 hiodns
612 1554 712 1606 autem
734 1552 780 1605 est
801 1545 858 1605 hic.
905 1545 989 1604 Datis
1011 1546 1158 1619 extremis,
1182 1553 1216 1604 ut
1239 1546 1268 1618 7,
1293 1545 1322 1619 5,
1351 1544 1437 1607 44144
1458 1544 1695 1607 4441444414]-

339 1632 493 1706 matteum,
517 1631 597 1708 quod
618 1650 656 1692 ue
676 1634 848 1693 tractionem
869 1624 994 1707 haheat,
1015 1640 1168 1695 sumantur
1191 1632 1239 1691 hic
1259 1640 1455 1693 exmemorum
1478 1632 1559 1709 dupli
1583 1636 1617 1707 4,
1645 1637 1694 1709 10,

339 1716 441 1777 horum
470 1718 599 1780 medium
628 1720 844 1781 arithmeticum
873 1727 921 1781 441
943 1712 980 1778 ii·
1014 1719 1085 1782 Jam
1115 1722 1145 1781 in
1176 1714 1242 1779 tali'
1257 1719 1435 1783 mediatione
1457 1720 1693 1797 arithmeticae,

342 1808 376 1877 7,
407 1807 464 1880 10,
494 1824 666 1869 excessuum
690 1810 724 1882 3,
757 1807 966 1884 daeqnalinm
992 1826 1107 1886 semper
1133 1809 1348 1869 consumuntur
1379 1806 1454 1869 duas
1480 1811 1693 1885 proportiones,

342 1910 398 1953 aaa
421 1894 536 1971 major,
559 1898 636 1955 inter
657 1897 797 1957 terminos
820 1897 946 1957 minores
970 1898 1005 1971 4,
1031 1900 1066 1971 7,
1089 1894 1184 1957 411444
1203 1896 1312 1970 minor,
1336 1898 1410 1956 inter
1433 1895 1559 1972 majores
1585 1900 1612 1971 7,
1640 1900 1688 1956 lt).

342 1978 395 2055 Qui
415 1982 483 2057 jam
504 1982 570 2043 ruit
591 1983 800 2049 mediationem
821 1984 1021 2050 harmonicum
1044 1985 1158 2046 efficere
1180 2000 1216 2043 ex
1238 1982 1296 2043 hac
1316 1984 1500 2045 arithmetica
1518 1982 1694 2047 mediatione

342 2076 369 2127 et
388 2072 418 2129 ei
442 2068 555 2147 aliquid
578 2072 737 2132 admiscere
760 2073 956 2149 geometricae
978 2071 1181 2145 mediationis,
1205 2072 1230 2131 is
1252 2080 1344 2148 ponat
1365 2072 1506 2133 minorem
1527 2074 1695 2149 proportio·

341 2198 403 2241 nem
428 2183 496 2244 loco
518 2186 607 2261 priori
636 2193 666 2245 41
688 2186 828 2261 majorem
857 2185 924 2245 loco
946 2188 1100 2262 posteriori
1123 2154 1174 2219 (1Ῑῦ
1191 2154 1216 2223 7’
1238 2155 1271 2293 [ἓ
1289 2225 1315 2285 7)
1350 2176 1379 2247 e't
1395 2194 1518 2261 quaerat
1532 2202 1694 2289 numerum,

342 2298 388 2373 qui
409 2299 457 2357 sic
480 2297 590 2357 habeat
611 2296 650 2357 ad
677 2300 734 2374 10,
762 2300 839 2358 sicut
863 2306 879 2357 4
904 2315 936 2358 44
958 2298 1049 2358 hahet
1071 2297 1109 2358 ad
1132 2302 1151 2361 7
1159 2318 1167 2358 z
1197 2306 1280 2358 erunt
1303 2306 1361 2359 tres
1383 2301 1495 2359 numeri
1517 2300 1560 2359 414
1585 2301 1618 2375 7,
1632 2300 1694 2373 ’10,
1794 2284 1799 2291 ”

344 2379 427 2467 171]2
451 2386 482 2443 14
503 2386 624 2463 integris
646 2388 722 2448 inter
744 2404 776 2446 se
798 2388 898 2463 primis
924 2386 973 2458 14,
997 2388 1049 2460 20,
1073 2388 1125 2447 35.
1169 2386 1251 2446 Huic·
1270 2389 1364 2465 trigae
1387 2395 1433 2449 est
1454 2385 1615 2447 admixtum
1638 2386 1696 2445 ali-

340 2470 407 2547 quid
439 2472 476 2533 de
505 2473 689 2534 arithmetica
716 2474 934 2551 progressione,
965 2491 1023 2532 non
1053 2480 1189 2534 manente
1212 2482 1309 2533 tamen
1341 2475 1405 2551 ejus
1432 2473 1612 2552 aequalitate
1642 2489 1695 2533 ex-

339 2577 450 2635 pressa.
496 2560 573 2619 Nam
594 2560 719 2639 utraque
740 2564 890 2640 proportio
912 2560 1099 2621 mediationis
1123 2560 1324 2622 arithmeticae
1347 2564 1421 2621 inter
1444 2563 1479 2635 4,
1506 2566 1542 2635 'l,
1570 2563 1609 2621 10
1632 2560 1696 2621 441-

338 2644 397 2706 lata
418 2646 481 2707 huc
503 2657 564 2720 est,
594 2651 791 2709 1441444114
814 2655 944 2725 mutat03
974 2649 1051 2708 sicut
1074 2651 1150 2709 enim
1179 2650 1221 2709 ibi
1242 2651 1354 2726 priores
1378 2650 1508 2726 tetmini,
1539 2648 1695 2709 441114414

339 2734 374 2792 ad
399 2739 434 2808 7,
465 2736 512 2795 414
533 2735 581 2795 1414
602 2739 778 2813 posteriores
808 2727 910 2797 ‘lO‘ad
934 2736 984 2796 35.
1031 2736 1068 2795 Et
1090 2739 1168 2797 sicut
1190 2738 1231 2797 ibi
1257 2738 1435 2813 posteriores
1461 2740 1477 2794 7
1503 2728 1622 2808 ad10,
1653 2736 1696 2795 414

338 2821 383 2881 hie
405 2825 520 2900 priores
545 2826 584 2883 14
607 2824 646 2883 44
669 2826 720 2885 20.
766 2826 819 2883 Est
841 2824 936 2884 eidem
966 2824 1097 2883 vicissim
1127 2826 1215 2885 etiam
1238 2812 1400 2905 admixtum
1427 2813 1539 2900 aliquid
1564 2822 1600 2882 de
1622 2840 1696 2899 geo-

339 2913 458 2971 metrica
481 2911 669 2972 mediatione.
714 2912 789 2972 Nam
811 2916 905 2972 minor
927 2914 1077 2990 proportio
1102 2915 1136 2986 7,
1169 2914 1208 2972 10
1230 2912 1328 2991 posits
1350 2919 1395 2971 est
1417 2911 1455 2971 ad
1478 2913 1616 2971 terminos
1638 2912 1696 2968 mi-

338 3014 421 3059 nores
448 2998 489 3055 14
514 3008 543 3058 41
566 3001 623 3074 20,
655 3000 749 3076 major
772 3003 807 3074 4,
839 3004 856 3058 7
881 2998 919 3058 44
942 2998 1069 3074 majores
1092 3001 1133 3059 20
1157 3006 1186 3059 et
1210 3000 1260 3071 35,
1290 3006 1320 3059 et
1343 2998 1470 3077 denique
1492 2998 1541 3072 lit,
1565 3003 1598 3057 nt
1619 3000 1696 3057 sicut

339 3093 381 3143 est
402 3087 544 3145 minimus
567 3088 708 3146 terminus
734 3089 772 3145 14
795 3085 834 3147 44
857 3088 1015 3146 maximum
1040 3087 1091 3161 35,
1114 3084 1220 3147 sic'sit
1242 3086 1404 3147 differentia
1426 3080 1521 3145 minor
1538 3088 1556 3144 6
1573 3083 1611 3143 ad
1629 3101 1695 3143 ma-

335 3172 428 3249 jorem
455 3174 505 3231 15.
552 3173 635 3234 Haec
658 3176 756 3234 omnia
781 3191 850 3234 sero
873 3176 992 3251 sapiunt
1014 3172 1236 3233 similitudinem
1255 3162 1385 3250 aliquam
1407 3174 1602 3250 geometricae
1624 3188 1695 3248 pro-

338 3260 466 3335 portioni
489 3258 671 3337 familiarem,
694 3262 764 3339 quia
786 3264 816 3321 in
840 3280 877 3323 ea
897 3269 932 3322 ut
953 3264 1089 3321 minimus
1111 3264 1252 3321 terminus
1273 3259 1312 3321 ad
1334 3260 1471 3336 medium,
1498 3261 1542 3320 sic
1564 3266 1609 3319 est
1631 3276 1696 3319 me·

339 3345 464 3409 414444
487 3336 656 3433 marimum.
1137 3420 1140 3431 ‚

421 3433 510 3496 Haec
532 3435 658 3497 tenenda
680 3442 750 3497 sunt
769 3452 805 3496 ex
828 3436 1045 3511 mathematica,
1069 3453 1145 3512 quae
1162 3436 1375 3501 Bodinus,non
1391 3434 1463 3493 44114
1486 3430 1602 3493 videtur
1623 3450 1694 3511 per·

338 3524 461 3599 cepisse,
486 3522 556 3582 dum
578 3524 775 3584 harmonicam
797 3524 1014 3602 proportionem
1037 3525 1175 3601 proponit
1201 3527 1230 3581 in
1253 3524 1384 3600 quinque
1406 3522 1535 3581 numeris
1559 3523 1587 3592 3,
1612 3523 1641 3593 4,
1667 3522 1695 3597 6,

342 3610 368 3683 3,
394 3612 433 3667 12
459 3608 556 3686 deque
579 3614 615 3671 114
636 3610 770 3685 affirmat,
793 3611 875 3687 quod
897 3611 1043 3687 aequalia
1064 3618 1092 3671 et
1113 3614 1226 3671 41441114
1248 3614 1351 3689 spotia
1373 3606 1599 3686 quodammodo
1620 3616 1697 3668 tem·

338 3706 447 3773 perata
469 3700 610 3759 cristam.
654 3700 732 3759 Nam
753 3716 819 3758 cum
842 3698 969 3773 videret,
993 3715 1130 3758 excessus
1152 3715 1217 3759 4444
1244 3702 1274 3773 l,
1301 3702 1337 3773 2,
1362 3698 1395 3771 2,
1421 3698 1454 3769 4,
1485 3696 1695 3771 aequalitatem
1740 3690 1742 3693 ’

342 3802 510 3863 expressam
532 3789 655 3861 agnovit
677 3789 707 3845 in
731 3775 831 3861 2,'2,
859 3785 1078 3846 similitudinem
1102 3789 1131 3844 in
1159 3788 1192 3861 1,
1225 3786 1259 3859 2,
1284 3788 1314 3846 4.
1362 3784 1453 3861 Atqui
1475 3785 1504 3841 in
1528 3782 1696 3845 definitione

341 3879 474 3932 setarum
496 3872 647 3933 sufiiciunt
672 3883 746 3948 tres3
775 3873 858 3934 nulla
885 3875 974 3933 etiam
1005 3875 1034 3931 in
1057 3891 1093 3933 ca
1119 3875 1282 3934 continetur
1304 3873 1478 3949 temperatio
1507 3872 1696 3947 aequalitatis

341 3976 496 4037 expressas
519 3978 584 4020 cum
607 3960 806 4022 similitudine.
850 3960 926 4021 Nam
949 3963 978 4020 in
1003 3961 1040 4035 3,
1072 3963 1107 4036 4,
1142 3960 1267 4021 644114
1297 3968 1341 4021 441
1364 3956 1528 4037 aequalitas
1556 3952 1697 4036 expressa

341 4064 524 4108 exeessrmm.

425 4135 497 4196 Jam
521 4141 568 4196 441
589 4150 697 4213 operae
719 4136 845 4212 pretium
867 4134 982 4208 videre,
1014 4134 1161 4212 quomodo
1184 4134 1331 4209 Bodinus,
1357 4134 1412 4216 qui
1437 4132 1496 4193 hac
1521 4133 1550 4190 ln
1574 4134 1697 4192 materia

342 4224 562 4299 copiosissimus
585 4229 646 4297 est,
679 4224 808 4300 applicet
831 4223 888 4281 1414
916 4220 954 4281 44
977 4220 1101 4283 moralia
1128 4232 1157 4284 et
1178 4220 1301 4300 politica
1323 4224 1421 4301 ¹varie,
1453 4222 1499 4280 cui
1522 4219 1695 4297 plerumque

340 4308 394 4371 hoc
417 4311 535 4384 4441411,
558 4318 591 4371 41
612 4327 666 4387 pro
687 4309 865 4370 harmonicis
888 4309 1115 4371 mediationibus
1138 4318 1199 4370 tam
1215 4317 1355 4382 veterum,
1379 4326 1467 4385 qnam
1492 4308 1578 4382 reris,
1601 4322 1695 4367 meras

342 4399 570 4475 compositiones
592 4400 812 4476 proportionum
835 4398 1082 4457 arithmeticamm
1105 4405 1135 4459 41
1156 4400 1398 4474 geometricarum
1418 4396 1546 4473 arripiat,
1572 4396 1697 4459 41114444

341 4501 411 4545 4444
436 4484 599 4545 definitioni
622 4487 755 4560 iunixus;
785 4484 865 4561 quod
887 4487 963 4546 sicut
984 4488 1084 4546 statim
1105 4487 1190 4547 initio
1213 4483 1404 4564 praefandum
1431 4482 1500 4557 luit,
1530 4482 1573 4541 ita
1594 4482 1623 4540 iu
1646 4499 1697 4543 se·

342 4573 499 4649 questibus
520 4573 640 4649 saepius
662 4574 717 4633 erit
739 4572 912 4633 iterandum.

424 4660 451 4720 1.
478 4660 551 4719 Cum
574 4668 632 4720 tres
647 4660 895 4737 sint,politiarum
917 4660 1037 4734 lormae,
1059 4659 1218 4739 populeris,
1243 4660 1416 4735 optimatum
1440 4662 1470 4715 41
1483 4654 1579 4735 regia,
1597 4673 1696 4735 popu·

343 4746 433 4807 larem
456 4746 507 4806 ille
530 4755 681 4822 comparat
706 4748 907 4808 arithmeticae
933 4748 1125 4826 proportioni,
1157 4748 1329 4825 optimatum
1352 4744 1561 4821 geometricae,
1585 4746 1698 4823 regiam

342 4833 538 4894 harmonicae.
583 4834 657 4895 Nam
684 4837 762 4896 sicut
793 4836 822 4893 in
846 4836 1029 4895 arithmetica
1051 4834 1189 4911 aequalia
1211 4840 1280 4891 sunt
1309 4836 1487 4891 incrementa
1509 4848 1695 4893 numerorum

343 4924 488 4994 omnium,
520 4930 580 4982 tam
604 4939 777 4998 magnorum
800 4936 888 4999 quam
910 4938 1083 5002 parvorum,
1115 4923 1159 4980 414
1180 4922 1210 4978 in
1232 4936 1293 4995 rep.
1319 4918 1445 4998 populus
1467 4920 1533 4981 vult
1560 4918 1697 4997 aequalia
1736 4927 1741 4939 ’

344 5026 406 5069 esse
428 5010 561 5070 omnium
584 5028 674 5070 onera
696 5020 726 5071 et
747 5010 901 5084 commoda
924 5016 953 5071 et
974 5009 1101 5068 honores
1125 5014 1155 5068 et
1176 5009 1379 5087 magistratus,
1408 5022 1463 5067 nec
1484 5006 1549 5067 4411
1571 5001 1696 5068 tolera're

343 5105 507 5178 respectum
530 5095 620 5158 ullum
642 5115 848 5179 personarum
876 5095 942 5160 4411
964 5093 1091 5177 exempli
1112 5096 1208 5183 grath
1238 5094 1373 5161 omnibus
1397 5111 1462 5163 esse
1486 5096 1536 5179 jus
1558 5092 1697 5185 renaudi,
