4467 6192
863 652 947 709 Iubet
958 651 1005 711 IV.
1025 640 1181 726 CaputVIls
1467 672 1470 683 '
1633 656 1696 717 257

352 830 404 887 siue
426 838 564 906 respectu
587 831 825 905 configurationis
849 848 914 895 cum
937 834 1020 906 aliis,
1043 834 1124 893 solus
1144 834 1214 893 iacit
1238 832 1361 893 omnia?
1392 850 1486 909 eaque
1509 846 1567 891 non
1590 838 1624 889 ut
1640 828 1697 891 'ens

351 918 482 990 radonis,
505 917 557 977 ced
581 928 614 977 ut
636 935 726 977 causa
747 919 906 993 naturalis,
928 929 1074 997 quatenus
1096 939 1137 981 so.
1160 922 1284 980 intendit
1305 923 1342 978 iis
1365 922 1496 998 partibus
1518 919 1646 980 calorem
1669 924 1699 977 et

352 1011 467 1077 autam,
491 1014 525 1063 ut
545 1005 584 1064 ad
604 1014 703 1082 partes
725 1010 767 1065 sie
789 1014 881 1065 tostas
896 1016 1041 1067 erterrae
1063 1010 1224 1067 visceribus
1241 1010 1367 1084 exspiret
1382 1016 1549 1067 attenuatas
1573 1004 1699 1065 humeri

351 1089 531 1166 despondeo,
556 1096 700 1152 actionem
722 1094 797 1152 banc
819 1095 982 1154 naturalem
1004 1094 1067 1154 Soli
1089 1112 1148 1155 nen
1170 1097 1234 1155 esse
1257 1094 1436 1171 negandam3
1460 1102 1491 1154 at
1514 1111 1550 1153 ea
1572 1110 1631 1153 raon
1653 1098 1698 1152 est

351 1177 434 1236 seius
458 1196 551 1239 conse
572 1180 697 1240 tenidac
718 1182 843 1258 propria,
864 1184 919 1241 sed
941 1184 1030 1243 etiam
1050 1200 1141 1258 penes
1156 1186 1217 1242 'nos
1239 1186 1364 1259 spectari
1386 1190 1494 1258 petest.
1530 1180 1605 1240 Nam
1629 1180 1700 1240 Sole

349 1268 376 1322 in
395 1274 500 1325 nosue
521 1267 735 1345 hemisphaerio
757 1285 809 1346 per
830 1277 973 1329 aestatem
989 1271 1174 1344 obversante,
1197 1270 1366 1348 plemmque
1389 1272 1568 1346 copiosiores
1591 1269 1697 1326 imbres

351 1352 500 1427 decidunt,
524 1373 612 1431 quam
633 1372 685 1433 per
706 1356 847 1429 hiemem,
871 1357 992 1417 absente
1015 1357 1093 1430 Sele,
1116 1358 1193 1417 solet
1215 1374 1279 1417 esse
1302 1357 1364 1416 ulla
1385 1359 1445 1423 nix.
1491 1350 1578 1431 Quod
1601 1362 1698 1414 autern

349 1442 429 1501 nobis
454 1449 599 1517 augentur
618 1443 739 1501 domina
754 1443 982 1519 liquescentibus
997 1445 1125 1517 uiribus,
1150 1462 1224 1521 quae
1249 1445 1389 1505 imbribus
1413 1442 1617 1524 decidentibus
1640 1458 1698 1501 non

351 1528 416 1588 adeo
442 1529 580 1588 ridentur
602 1532 712 1605 augeri,
736 1541 813 1590 certe
835 1547 895 1589 non
915 1532 989 1592 adeo
1005 1532 1148 1592 diuturnis
1170 1522 1366 1604 incrementis,
1387 1531 1416 1589 id
1439 1532 1544 1607 partim
1567 1529 1635 1588 inde
1657 1528 1699 1602 fit,

350 1618 413 1691 quia
436 1619 551 1675 nivium
564 1619 739 1676 minutatim
761 1614 957 1677 decidentium
980 1620 1114 1696 singulae
1137 1622 1253 1679 tunicae
1285 1618 1469 1678 cumulantur
1497 1626 1526 1677 et
1548 1621 1577 1675 in
1600 1618 1700 1695 prous-

350 1706 440 1761 tuario
463 1720 516 1780 per
537 1704 645 1763 multos
666 1722 782 1763 menses
807 1708 836 1763 ri
857 1706 974 1783 frigoris
995 1714 1201 1781 asservantur,
1226 1720 1292 1767 cum
1315 1708 1421 1765 imbres
1444 1707 1584 1778 aestivos,
1610 1704 1699 1763 etiarn

350 1790 542 1867 largissimos,
573 1803 650 1851 terra
670 1792 783 1852 solibus
816 1808 901 1853 arcus
922 1797 1077 1870 potissima
1100 1802 1184 1871 parte
1215 1795 1332 1853 hauriat
1353 1796 1467 1867 statim3
1501 1795 1607 1868 partim
1630 1802 1700 1849 vero
1732 1792 1736 1800 '

349 1878 412 1938 inde
434 1879 478 1952 fir,
503 1881 573 1956 quia
595 1882 646 1937 nix
667 1882 696 1936 in
720 1879 855 1955 Alpibus,
878 1884 935 1939 nisi
959 1885 1080 1941 aestivis
1095 1882 1236 1943 imbribus
1254 1883 1464 1957 copiosissimis
1488 1878 1699 1949 decidentibus,

350 1968 471 2027 usselvt
493 1984 551 2026 nou
568 1974 680 2044 potest
703 1974 738 2024 ut
760 1969 802 2025 sic
825 1970 964 2027 continua
979 1970 1030 2029 illa
1051 1971 1203 2028 fluminum
1227 1972 1403 2028 incrementa
1418 1982 1477 2025 neu
1492 1969 1550 2025 sint
1572 1965 1700 2025 solarum
1762 1992 1767 1997 ·

347 2058 466 2128 uirium,
490 2054 542 2115 sed
565 2056 654 2114 ctiam
673 2054 841 2128 junctorum
863 2057 1008 2117 imbrium.
1054 2056 1152 2132 Quare
1175 2058 1200 2115 si
1224 2058 1323 2115 oruuia
1346 2054 1504 2132 expendas,
1528 2053 1621 2128 major
1644 2052 1701 2108 hrr-

347 2146 431 2201 moris
457 2140 737 2218 copia-plerumque
759 2158 811 2217 per
833 2150 976 2203 aestatem
999 2145 1123 2204 exsudat
1139 2146 1227 2203 etiam
1251 2160 1426 2221 peucenos,
1451 2156 1538 2218 quam
1560 2156 1612 2215 per
1635 2138 1700 2197 bie-

345 2249 428 2290 mem.
475 2228 543 2288 Hoc
570 2230 658 2304 igitar
685 2230 823 2303 impetrat
854 2230 999 2305 objectio,
1028 2241 1061 2289 ut
1088 2233 1128 2291 sit
1158 2238 1316 2291 concursus
1344 2246 1498 2290 causarum
1522 2226 1701 2297 coelestium,

347 2332 469 2395 quarum
491 2320 529 2376 sit
552 2314 612 2374 alia
635 2315 785 2389 naturalis,
809 2315 888 2375 calor
903 2317 991 2392 Solis,
1014 2317 1075 2379 alia
1095 2317 1258 2391 rationalis,
1282 2327 1434 2393 aspectus3
1457 2320 1497 2376 sit
1519 2316 1607 2379 etiam
1631 2328 1702 2373 cuu-

345 2422 448 2465 cursus
471 2419 634 2465 causarum,
649 2401 929 2476 sublunariumsut
951 2411 1008 2464 nori
1032 2413 1146 2465 tantum
1170 2421 1229 2464 una
1251 2422 1327 2464 aona
1352 2405 1417 2482 plus
1437 2404 1550 2463 habeat
1572 2401 1703 2461 humeris

345 2504 434 2569 quarn
458 2490 533 2563 aba,
555 2490 618 2549 'sed
640 2492 730 2549 etiam
759 2492 789 2547 iu
812 2491 914 2550 eodem
942 2492 1060 2553 climate
1083 2511 1143 2553 una
1169 2496 1250 2568 regie
1274 2492 1341 2569 plus
1364 2510 1452 2568 quam
1476 2491 1550 2564 alia,
1582 2491 1643 2548 suis
1664 2487 1703 2546 de

344 2583 453 2639 musis.
498 2578 619 2637 Interim
648 2579 736 2636 etiam
763 2578 794 2634 in
824 2578 933 2637 torrida
960 2580 1028 2658 plus
1056 2580 1157 2657 pluere
1185 2588 1283 2656 potest
1305 2580 1360 2639 sub
1383 2587 1498 2656 tempus
1523 2584 1703 2655 aspectuum,

346 2684 434 2744 quam
459 2665 565 2725 diebus
588 2666 626 2723 ab
649 2664 818 2739 aspectibus
841 2669 952 2724 vacuis.

429 2752 520 2812 Hane
543 2768 622 2824 rere,
645 2767 733 2827 quam
750 2752 879 2811 secundo
901 2753 969 2812 loco
992 2754 1062 2827 dixi,
1085 2754 1391 2813 characterisatlonem
1414 2752 1529 2812 animae
1547 2746 1702 2820 Teneone

343 2842 456 2899 iactam
478 2859 498 2899 a
519 2839 640 2899 zodiaco
663 2839 773 2899 sensili
790 2847 911 2916 totaque
935 2839 1010 2900 adeo
1033 2841 1312 2917 sphaera-fixarum,
1334 2838 1409 2897 illud
1432 2840 1520 2898 etiam
1544 2836 1703 2907 confirmat,

344 2927 423 3003 qued
448 2943 557 3002 magno
580 2936 744 3001 temporum
766 2928 896 2997 emnium
918 2942 1063 2987 consenso
1085 2935 1216 3001 constat,
1250 2930 1275 2987 si
1290 2929 1376 2987 ‘nori
1400 2925 1468 3002 quid
1492 2928 1521 2983 iu
1544 2924 1627 2983 coelo
1651 2936 1704 2980 ex·

342 3018 430 3088 lutat,
466 3032 520 3074 seu
548 3013 709 3073 secrmdom
738 3014 915 3072 ordinarium
945 3014 1019 3075 coeli
1049 3033 1178 3087 cursum,
1209 3022 1242 3073 ut
1276 3022 1344 3073 sunt
1375 3014 1499 3073 rariores
1530 3022 1704 3087 congressus
1749 3038 1753 3049 ·

342 3102 474 3179 plurium
497 3099 633 3174 siderum,
658 3108 691 3158 ut
712 3100 837 3176 eclipses
851 3100 1037 3181 luminarium
1051 3104 1234 3178 insigniores,
1259 3104 1321 3161 sire
1337 3108 1452 3178 praeter
1466 3107 1601 3159 naturam
1623 3110 1706 3155 cotu-
1811 3154 1818 3159 ,

282 3249 286 3258 ,
341 3208 474 3263 munem,
498 3198 532 3246 ut
554 3195 685 3247 cometae
709 3196 760 3245 aut
782 3188 886 3248 stellae
909 3189 986 3250 fixae
1008 3207 1121 3250 norae:
1146 3189 1232 3249 simul
1248 3192 1336 3249 etiam
1358 3196 1493 3247 naturam
1517 3185 1706 3245 sublunarem

342 3280 460 3336 turbari
481 3292 541 3334 non
556 3276 673 3334 usitatis
688 3274 850 3350 affectibus,
873 3285 908 3335 ut
928 3285 998 3336 srrut
1011 3280 1114 3354 ingens
1137 3286 1167 3336 et
1183 3278 1320 3335 continua
1344 3278 1388 3333 ris
1411 3274 1577 3351 pluviarum
1594 3277 1707 3348 praeter

339 3364 502 3423 modulum
523 3371 712 3439 aspectuum,
735 3370 787 3421 aut
809 3367 954 3423 contraria
975 3367 1093 3426 siccitas
1116 3373 1146 3424 et
1168 3364 1319 3440 squalores
1343 3362 1509 3437 Tomosque
1532 3368 1637 3418 motus·
1655 3373 1707 3415 eo-

339 3456 446 3526 mites,
477 3450 604 3526 denique
626 3449 760 3509 madores
782 3452 858 3509 ais‘ris
881 3451 1003 3526 insueti,
1031 3456 1082 3528 qui
1111 3451 1259 3511 catarrhos
1294 3451 1466 3529 pestilentes
1489 3447 1621 3523 aliasque
1643 3444 1708 3503 lues

339 3539 529 3616 epidemicas
541 3541 580 3630 iis
603 3538 788 3614 potissimum
802 3536 874 3597 locis
897 3540 1045 3614 inierunt,
1057 3538 1135 3599 uude
1159 3541 1308 3616 exspirant
1322 3536 1433 3612 mejeri
1449 3537 1480 3599 ,ri
1494 3543 1546 3595 aut
1569 3546 1707 3610 quorsum

339 3627 545 3687 crebrioribus
567 3626 665 3684 reads
687 3623 861 3686 deierantur.

437 3713 586 3788 Adeoque
607 3714 696 3771 etiam
725 3710 837 3787 aliquid
866 3712 962 3773 simile
987 3716 1147 3773 memoriae
1174 3713 1345 3773 animalium
1375 3711 1444 3770 lruic
1466 3713 1581 3771 animae
1604 3708 1708 3778 messe,

340 3805 453 3863 monui
478 3804 508 3857 in
530 3799 606 3859 libro
629 3798 665 3857 do
687 3797 780 3857 Stella
801 3799 887 3859 Nora
916 3817 981 3879 cap.
1005 3801 1047 3860 X.
1071 3802 1121 3860 iol.
1146 3803 1197 3861 44.
1227 3806 1267 3872 (11.
1283 3805 1353 3874 647.)
1393 3798 1468 3857 Nam
1491 3798 1564 3857 haee
1588 3798 1710 3853 est'ns·

342 3902 413 3951 tura
437 3906 538 3949 rerum
561 3888 704 3958 omnium,
735 3902 811 3962 quae
838 3887 898 3947 luci
930 3895 999 3947 saut
1028 3896 1186 3966 cognatae,
1216 3896 1249 3947 ut
1279 3890 1391 3948 excitae
1422 3904 1441 3945 a
1468 3884 1534 3943 luce
1557 3880 1635 3941 Solis
1658 3886 1709 3937 aut

339 3980 459 4037 saltem
482 3975 549 4047 diei,
571 3975 754 4033 allectionem
776 3975 906 4049 aliquam
929 3976 1103 4051 concipiant,
1128 3975 1165 4035 ad
1188 3984 1299 4035 certum
1321 3983 1435 4050 tempus
1458 3968 1628 4031 durabilem.
1660 3966 1710 4025 Sic

339 4070 371 4124 in
396 4064 501 4125 uenis
523 4064 643 4137 spiritus
665 4062 785 4138 visorii,
807 4060 881 4120 lueis
904 4062 1036 4136 soboles,
1060 4063 1164 4122 imbuti
1187 4064 1225 4121 ab
1249 4062 1412 4139 improvide
1436 4065 1596 4135 eouspsetu
1610 4050 1707 4124 ·Solis,

337 4164 531 4230 quocunque
552 4149 665 4208 aversis
685 4148 793 4226 oculis,
814 4159 920 4225 gerunt
941 4150 1202 4233 circumieruntque
1218 4150 1294 4210 bane
1313 4151 1478 4225 imaginem,
1502 4148 1592 4205 etiam
1614 4138 1709 4199 inriti.

336 4242 391 4301 Sic
416 4230 730 4315 inter'clrymist'arum
757 4250 865 4294 aream
898 4244 944 4296 est
975 4238 1109 4299 mirabile
1140 4238 1197 4297 hec
1227 4246 1256 4297 et
1287 4238 1426 4313 imprimis
1456 4224 1710 4294 commemorabile

335 4330 601 4407 experimentum,
623 4322 704 4398 quod
727 4340 874 4398 gemmas,
898 4333 932 4383 ut
953 4342 1046 4401 nuper
1068 4324 1226 4385 admodum
1248 4326 1353 4384 resciri
1377 4342 1395 4383 a
1419 4322 1546 4399 quodam
1569 4313 1709 4390 rzdromp.

335 4422 515 4495 apparant,
538 4428 704 4488 quaecum
727 4409 839 4469 lateant
856 4410 890 4469 'in
915 4414 1058 4490 tenebris,
1084 4422 1116 4471 ut
1141 4412 1201 4472 alia
1224 4412 1333 4472 lumine
1356 4427 1449 4475 cassa.
1473 4410 1498 4467 si
1522 4407 1588 4481 quis
1611 4411 1709 4460 tamen

333 4506 407 4564 illas
435 4504 503 4561 luci
525 4500 615 4559 solius
638 4497 696 4557 diei
719 4505 863 4574 exponat,
896 4500 1091 4559 incenduntur
1112 4514 1150 4559 ea
1173 4508 1205 4559 ut
1229 4498 1369 4559 candelae
1392 4495 1635 4573 splendoremque
1659 4502 1708 4546 sev

333 4610 407 4653 eum
436 4594 473 4648 in
496 4588 634 4647 tenebras
657 4586 746 4645 etiam
768 4585 909 4659 delerant,
941 4586 1072 4647 lucentes
1096 4594 1128 4645 ut
1152 4588 1229 4646 oeuli
1252 4580 1369 4662 lelium,
1401 4586 1451 4659 qui
1475 4581 1556 4639 brevi
1579 4586 1711 4651 tempore

333 4684 458 4741 iterum
481 4674 686 4750 exstinguitur.
732 4671 807 4731 'l'ale
834 4673 906 4749 quid
927 4674 1034 4733 accidit
1056 4673 1125 4731 huic
1148 4676 1279 4745 animae,
1312 4689 1400 4747 quam
1422 4669 1534 4727 luei·et
1556 4666 1617 4741 igni
1640 4678 1712 4737 eog-

332 4778 451 4828 natam
476 4764 558 4835 dixi,
589 4771 621 4820 ut
643 4760 695 4817 illa
717 4761 746 4815 iu
769 4758 859 4837 plaga
884 4763 1039 4837 (punctam
1062 4762 1139 4820 enim
1161 4768 1207 4818 est
1230 4760 1294 4827 illa,
1325 4759 1421 4834 plagis
1445 4755 1629 4824 distinctum,
1660 4764 1714 4807 scu

331 4855 480 4917 circulus
503 4851 644 4910 zodiacus
664 4847 860 4925 potentialis),
884 4850 913 4915 in
936 4865 996 4925 qua
1018 4849 1167 4922 congressi
1190 4846 1306 4906 luerunt
1320 4845 1484 4921 superiores
1500 4842 1637 4918 planetae
1659 4843 1712 4895 rut

331 4946 471 5024 eclipsis
494 4940 646 5018 appamlt‚
679 4935 825 5009 concipiat
855 4936 1050 4995 characterem
1084 4933 1314 5009 conjunctionis,
1346 4929 1508 4991 durabilem
1540 4932 1568 4987 in
1592 4920 1714 5001 aliquod

330 5042 486 5111 tempus,
516 5030 618 5102 itaque
646 5022 761 5097 quoties
782 5022 967 5098 planetarum
996 5022 1119 5098 aliquis,
1142 5025 1308 5099 praecipue
1330 5019 1382 5081 Sol
1413 5018 1461 5079 rel
1484 5018 1583 5087 Luna,
1617 5013 1714 5073 locum

329 5124 471 5193 mgis,
504 5124 572 5199 ipsa
595 5125 654 5182 vim
677 5126 761 5183 guam
782 5109 872 5170 talem
896 5122 1029 5190 eruerat,
1056 5109 1175 5186 qualem
1198 5109 1236 5168 ad
1266 5113 1359 5189 ipsam
1384 5104 1597 5184 conjunctionis
1621 5098 1714 5161 exsti·

388 5232 503 5285 mrsu
516 5231 592 5282 opus
603 5232 633 5274 r.
1521 5216 1558 5272 ii
