4467 6192
536 663 600 722 454
1004 625 1171 726 Appendieis
1188 652 1411 726 Harmonicorum

536 834 605 894 dum
627 832 702 908 dixi,
731 852 918 911 nequaquam
941 832 1047 894 eodem
1066 842 1201 912 respectu
1224 833 1325 894 formis
1353 832 1542 912 quantitates
1561 829 1675 900 inesse,
1691 831 1760 916 'quo
1782 823 1871 880 insunt

534 931 765 1069 materllasmeros
783 971 824 1081 ‚l'
850 1012 888 1087 2,
910 1011 929 1068 3
952 1026 1012 1084 qno
1035 1016 1067 1067 tu
1089 1023 1187 1079 sensu,
1212 1023 1270 1083 quo
1295 1006 1429 1082 exemplo
1453 999 1688 1082 proportionales
1709 996 1797 1066 dicas,
1817 995 1873 1070 ipre

534 1095 660 1167 videris3
684 1098 713 1153 in
736 1098 897 1171 geometria
911 1094 1146 1172 proportionales
1160 1105 1228 1153 sunt
1244 1097 1294 1154 isti
1312 1099 1339 1167 1,
1363 1099 1392 1163 ⁶2,
1417 1095 1446 1166 t,
1470 1094 1513 1151 sie
1531 1095 1559 1164 1,
1585 1092 1613 1162 3,
1638 1090 1667 1160 9,
1691 1087 1776 1154 ⁸104,
1799 1083 1825 1152 6,
1847 1082 1873 1141 9·

534 1183 569 1241 In
594 1182 640 1242 his
665 1186 691 1254 l,
716 1186 745 1256 2,
770 1185 788 1241 3
812 1184 985 1242 formalibus
1008 1183 1135 1258 (scilicet
1157 1190 1189 1240 ut
1211 1192 1280 1240 sunt
1302 1177 1435 1262 figurati)
1460 1179 1632 1254 delitescere
1651 1175 1696 1234 ais
1716 1172 1873 1249 mysterium

534 1267 704 1331 harmoniae
735 1270 911 1331 mundanae.
959 1271 1039 1330 Lare
1068 1272 1205 1328 nimirum
1236 1271 1325 1328 uteris
1357 1286 1432 1328 voce
1461 1267 1630 1336 harmonia,
1663 1259 1741 1337 quod
1772 1260 1795 1315 si
1823 1271 1874 1315 nou
1964 1277 1966 1288 ·

537 1367 616 1422 esset
638 1366 668 1416 et
689 1360 716 1416 si
737 1359 774 1417 de
798 1360 863 1436 ipso
886 1361 1110 1437 proportionum
1133 1365 1198 1415 ortu
1221 1357 1392 1432 loquereris,
1416 1373 1492 1431 quae
1508 1352 1710 1430 proportiones
1731 1349 1761 1405 in
1776 1347 1876 1404 musica

536 1447 715 1519 suavitatem
745 1447 903 1504 conciliant
937 1448 1015 1505 binis
1035 1447 1210 1505 consociatis
1240 1448 1335 1518 sonis,
1367 1444 1467 1504 thema
1489 1443 1546 1520 hoe
1568 1446 1647 1499 esset
1676 1452 1741 1495 meo
1765 1433 1876 1492 themati

486 1534 719 1617 ,eontrarium
744 1531 823 1608 quod
847 1536 917 1592 totis
940 1535 1032 1593 tribus
1056 1534 1155 1610 primis
1178 1529 1373 1590 Harmonices
1395 1549 1479 1590 meae
1501 1529 1584 1588 libris
1606 1528 1691 1600 ursi3¹
1706 1538 1765 1581 non
1787 1523 1877 1594 itaque

390 1633 394 1648 ¹
423 1606 458 1656 ³³
512 1623 579 1679 -sie
600 1618 677 1680 nude
701 1620 838 1678 affirmari
860 1631 978 1702 posset,
1008 1623 1117 1696 quippo
1140 1628 1207 1696 post
1230 1619 1408 1678 decisionem
1431 1634 1555 1688 musae,
1584 1615 1641 1680 ulti
1664 1609 1787 1672 effidem
1809 1623 1877 1666 ¹¹⁰l⁰

420 1771 424 1777 ,
538 1709 629 1766 etiam
643 1705 807 1780 molimine,
831 1713 917 1767 novis
933 1710 1113 1784 argumentis
1130 1705 1481 1778 censuerisluleisndam,
1497 1703 1644 1763 connatis
1658 1716 1726 1758 mea
1741 1694 1878 1754 diluenda
1965 1691 1966 1718 ¹

568 1866 572 1874 η
623 1793 696 1852 Noa
725 1812 784 1853 esse
814 1795 1019 1854 diuersissima
1041 1797 1205 1854 maenam
1228 1794 1499 1870 etformom,·ax
1523 1789 1689 1864 coarguis,
1718 1788 1794 1862 quio
1816 1800 1878 1841 con·
1965 1787 1966 1812 l

536 1883 723 1939 cantantis
744 1885 863 1941 actione
885 1886 1100 1958 aspersione..
1128 1879 1276 1956 Quantam
1299 1898 1355 1956 ego
1381 1880 1555 1956 molestiam,
1576 1877 1662 1952 capio
1686 1871 1804 1932 vetulus
1826 1870 1879 1926 dis·
1965 1899 1966 1904 κ

523 1967 633 2032 „aenda
656 1967 692 2026 de
715 1986 795 2028 novo
819 1978 888 2030 tuae
912 1969 1117 2046 philosophiae
1145 1968 1258 2043 linguai
1306 1968 1381 2028 Nam
1409 1969 1572 2043 antiquitus
1601 1961 1802 2023 non-diversa
1822 1967 1880 2015 tan·
1965 1991 1966 2002 κ

536 2064 615 2126 tum,
643 2047 696 2114 sed
719 2064 749 2114 et
771 2059 918 2116 contraria
940 2056 1092 2128 eluebant,
1125 2072 1201 2130 quae
1229 2057 1257 2112 in
1282 2071 1313 2114 se
1345 2065 1447 2117 mutuo
1477 2061 1579 2130 agunt.
1625 2049 1771 2124 Adeoque
1801 2049 1880 2104 etiam

536 2141 640 2218 liguris
665 2143 790 2202 diversis
813 2153 934 2223 utqntur
955 2144 1006 2203 ille
1029 2144 1071 2202 tul
1096 2143 1222 2221 exempli
1247 2145 1290 2199 vir
1310 2153 1342 2200 et
1363 2143 1416 2202 illa
1430 2141 1543 2212 mulier,
1566 2142 1755 2215 inquantum
1779 2131 1880 2192 seilicet

320 2307 326 2315 .
427 2279 430 2283 ,
535 2239 628 2304 egum
656 2233 882 2306 patiunturque3
911 2249 1000 2308 quam
1031 2230 1142 2304 figurae
1174 2231 1375 2289 diversitatem
1390 2232 1495 2306 ,etiarn
1526 2228 1654 2286 numeris
1683 2221 1880 2302 Pythagoricis

427 2327 430 2332 '
524 2334 707 2404 expressam
730 2318 845 2376 invenis
867 2320 944 2378 libro
966 2336 1032 2377 meo
1054 2316 1108 2375 IV.
1132 2317 1323 2377 Harmoniae.

539 2411 543 2419 ’
621 2403 795 2470 Formarum
825 2423 881 2479 ego
910 2423 975 2466 oum
1004 2407 1135 2464 materiis
1168 2405 1402 2464 convenientiam
1434 2420 1487 2463 seu
1518 2401 1758 2486 conjunctionem
1789 2410 1880 2454 recuso

425 2530 429 2536 -
534 2483 900 2569 hermoniasindigetari,
932 2510 1020 2552 sensu
1043 2493 1125 2552 vocis
1156 2500 1226 2568 apto
1255 2494 1328 2550 meis
1357 2490 1624 2567 speculationibus;
1653 2485 1880 2562 conjunctionem

424 2592 426 2596 ’
522 2575 635 2653 'ipsam
660 2594 869 2639 mou-recuso.
915 2579 1089 2658 Exemplum
1119 2597 1217 2638 meum
1245 2579 1413 2637 diurnorum
1429 2587 1580 2659 ,motuum
1608 2575 1712 2634 Martis
1745 2579 1776 2632 et
1805 2569 1881 2630 Joria

421 2685 424 2692 ·
535 2682 616 2724 nova
639 2667 756 2726 inscitia
785 2669 874 2726 miror
894 2669 1026 2745 formale
1049 2666 1201 2741 appellari.
1246 2666 1315 2724 Duo
1339 2668 1452 2726 termini
1479 2663 1602 2724 sensiles
1623 2669 1705 2733 sunt,
1741 2658 1881 2736 proportio

422 2753 425 2759 '
479 2797 487 2811 χ
535 2755 610 2810 inter
640 2751 707 2813 illos
730 2770 776 2812 res
798 2763 845 2814 est
865 2757 931 2815 sola
958 2761 1056 2814 ments
1084 2753 1289 2832 percipienda,
1318 2752 1517 2830 aestimanda„
1548 2749 1680 2810 lruenda.
1725 2748 1792 2806 Nisi
1814 2746 1881 2804 enirn

421 2898 424 2905 ,
534 2833 645 2900 mentis
664 2839 763 2898 lumen
787 2845 896 2912 inesset
917 2845 947 2900 in
969 2841 1082 2912 auditu,
1106 2858 1165 2900 nou
1180 2845 1205 2900 is
1227 2839 1420 2900 delectaretur
1435 2840 1624 2917 proportione
1642 2841 1656 2894 l
1680 2835 1719 2895 ad
1737 2836 1756 2892 3
1785 2836 1812 2892 in
1834 2849 1881 2890 ro·

505 2926 635 3000 cibus,
668 2938 698 2987 et
718 2929 775 2986 nisi
798 2932 878 3006 prius
901 2931 930 2986 in
954 2928 1043 2988 ideali
1066 2927 1176 2989 circulo
1207 2931 1289 2987 intus
1311 2930 1341 2985 in
1364 2939 1461 2986 mente
1485 2927 1624 2986 creatrice
1654 2922 1813 2982 reluxisset
1834 2922 1882 2976 ista

423 3035 428 3044 ¹
495 3007 698 3092 proportio,
715 3030 774 3074 non
785 3018 891 3077 luisset
901 3016 953 3074 illa
963 3016 1062 3074 indita
1071 3017 1211 3094 motibus,
1234 3015 1351 3086 Saturni
1363 3014 1529 3074 tardissimo
1547 3021 1576 3072 et
1587 3011 1675 3072 dotis
1692 3009 1881 3070 velocissimo.
1965 3051 1966 3054 η

590 3102 593 3108 ’
625 3101 794 3178 Iueongrua
815 3106 869 3163 tibi
892 3105 1009 3164 videtur
1032 3104 1188 3162 affirmatio
1210 3119 1285 3177 moa,
1310 3102 1380 3160 dum
1403 3102 1477 3174 dieo,
1501 3101 1718 3162 diversissimas
1738 3115 1805 3156 esse
1826 3105 1882 3153 tuas

535 3188 708 3249 harmonias
731 3210 750 3250 a
772 3194 853 3250 meis.
899 3192 939 3250 Et
959 3209 1051 3266 quare
1074 3190 1256 3266 incongrua?
1301 3189 1380 3264 Quia
1408 3207 1473 3248 cum
1496 3189 1550 3247 tibi
1572 3189 1611 3246 sit
1633 3187 1790 3244 harmonia
1819 3186 1883 3240 inter
1965 3253 1966 3260 ἵ

536 3275 634 3337 lucem
658 3286 688 3337 et
709 3282 878 3353 materiam,
910 3278 981 3337 mihi
1004 3281 1079 3337 inter
1101 3286 1214 3336 motum
1237 3286 1268 3336 et
1289 3285 1417 3349 motum,
1448 3286 1544 3334 motus
1571 3283 1668 3336 muron
1692 3277 1755 3349 ipse
1788 3291 1807 3330 a
1828 3270 1883 3328 luce

535 3364 591 3421 tibi
617 3366 842 3427 essenidetur.
887 3367 1021 3442 Atquin
1045 3366 1136 3438 bone,
1168 3382 1227 3423 non
1258 3363 1500 3434 idemtermlnus
1527 3370 1589 3435 est,
1619 3362 1671 3422 iun
1694 3370 1726 3419 ut
1748 3375 1841 3418 causa
1859 3363 1884 3414 et
1965 3387 1966 3392 κ

536 3458 637 3509 motus
661 3461 694 3509 ut
716 3453 849 3531 effeetus,
871 3470 928 3511 non
953 3452 1057 3512 eadem
1078 3453 1270 3522 combinatio,
1295 3435 1347 3510 tibi
1371 3450 1490 3527 quidem
1506 3451 1645 3511 materiae
1669 3457 1700 3508 et
1713 3446 1801 3520 lueis,
1822 3445 1883 3504 mihi
1965 3479 1966 3522 ,

538 3536 662 3595 duorum
685 3542 836 3612 motuum,
865 3538 941 3600 lueis
961 3535 1002 3620 (si
1027 3543 1068 3599 ita
1090 3536 1152 3620 vis)
1176 3539 1341 3619 effectuum.
1389 3538 1450 3598 litai
1472 3539 1619 3614 quaestio,
1642 3553 1680 3594 an
1703 3541 1806 3592 motus
1826 3530 1883 3610 pls·
1965 3529 1966 3620 l

535 3619 670 3682 n'etarum
700 3645 718 3684 a
746 3625 812 3684 locs
834 3626 913 3685 Solis
936 3627 1062 3695 oriatur,
1095 3644 1154 3684 non
1177 3635 1223 3685 est
1250 3625 1325 3685 adeo
1348 3625 1503 3702 expedita,
1535 3632 1568 3684 ut
1594 3626 1670 3684 inter
1699 3620 1884 3680 fundamenta

519 3705 629 3787 {possit
651 3714 771 3771 aserim.
815 3714 879 3788 Ego
903 3715 931 3772 iu
955 3713 1068 3779 Comus.
1091 3712 1132 3774 de
1151 3715 1279 3774 mohhus
1301 3709 1412 3774 Stellae
1428 3713 1531 3772 Martis
1554 3714 1642 3787 inque
1665 3710 1740 3770 libro
1757 3709 1795 3768 V.
1821 3708 1884 3783 Epi·

535 3810 633 3882 ¹tornes
656 3800 866 3878 Astronomiae
889 3801 1057 3867 demonstro
1081 3817 1320 3875 causam„quse
1343 3801 1478 3875 planetas
1501 3803 1580 3860 circa
1602 3798 1702 3857 Solem
1724 3799 1803 3872 agit,
1834 3812 1883 3852 non

520 3894 602 3958 „esse
624 3886 737 3961 lucem,
766 3887 819 3948 sed
848 3887 960 3964 aliquid
987 3888 1046 3948 luel
1073 3903 1214 3965 perquam
1241 3887 1335 3948 simile
1354 3890 1394 3948 iu
1423 3887 1523 3947 multis
1546 3885 1794 3963 proprietatibus,
1826 3875 1883 3941 illei

535 3990 606 4032 vero
630 3982 743 4047 motus,
776 3977 825 4050 qui
849 3976 923 4034 fiunt
944 3976 1162 4034 harmoniarum
1186 3974 1357 4035 coelestium
1379 3975 1507 4046 termini,
1539 3973 1662 4034 formari
1682 3981 1712 4032 et
1734 3972 1885 4031 causaris

535 4077 678 4124 concursu
704 4064 808 4121 insitae
833 4065 950 4126 virtutis
973 4065 1003 4120 in
1025 4063 1151 4139 planetis
1175 4053 1458 4136 eccontrieitatisqne
1473 4064 1611 4139 planetae
1627 4080 1646 4118 a
1660 4059 1740 4120 Sole.
1786 4058 1883 4134 Itaque

518 4147 661 4226 [tarditas
685 4157 715 4208 et
738 4150 882 4210 velocitas
904 4158 1037 4209 motuum
1059 4167 1247 4229 nequaquam
1270 4150 1308 4210 ab
1324 4151 1390 4226 ipsa
1405 4148 1470 4209 luce
1493 4165 1548 4208 nec
1568 4150 1607 4208 ab
1626 4165 1661 4206 ea
1677 4164 1779 4218 causa,
1803 4163 1882 4222 quam

536 4235 603 4309 eius
626 4238 762 4298 comitem
787 4236 861 4310 dixi,
891 4241 984 4314 primo
1009 4240 1112 4309 oritur,
1137 4237 1190 4297 sed
1213 4237 1253 4297 ab
1273 4238 1490 4296 eeeentricitats
1517 4234 1664 4314 planetae.
1709 4235 1778 4294 Tibi
1803 4237 1882 4292 etiam

535 4321 588 4380 lux
618 4322 694 4383 idem
724 4325 869 4401 estquod
896 4328 991 4384 torma
1019 4327 1187 4397 etaoima,
1218 4324 1289 4387 mihi
1317 4332 1415 4384 motus
1437 4323 1621 4400 planetarum
1649 4321 1732 4380 nulla
1761 4321 1882 4396 indigent

536 4411 646 4482 anima,
670 4410 802 4483 indigent
817 4429 887 4471 vero
899 4414 992 4471 lorma
1007 4428 1157 4488 corporea,
1176 4429 1252 4486 quae
1268 4412 1404 4471 consistit
1418 4413 1446 4469 in
1463 4411 1543 4470 libris
1559 4411 1689 4487 eorporis
1706 4409 1881 4485 magnetius

504 4491 508 4497 ’
534 4562 539 4570 ‚
621 4496 776 4572 Quomodo
812 4502 900 4558 etiam
933 4499 1068 4558 diversae
1100 4499 1244 4560 uassltiei
1274 4498 1400 4558 chordae
1432 4499 1586 4575 recipiant·
1609 4496 1714 4558 eodem
1753 4504 1879 4572 respectu
1965 4569 1966 4572 Ἴ

535 4586 730 4660 quantitates,
770 4603 860 4664 supra
890 4586 1067 4663 explicatum
1080 4647 1086 4658 ,
1100 4595 1154 4646 est.
1209 4586 1256 4646 Its
1294 4585 1419 4646 dilutam
1457 4587 1594 4646 existimo
1627 4588 1879 4660 incongruitatem

534 4671 689 4746 objectam.
1249 4698 1261 4733 a

517 4764 519 4768 “
621 4759 677 4818 Ad
700 4760 885 4837 Analysin
907 4759 999 4819 XXI.
1043 4759 1157 4820 Hieta
1180 4757 1550 4838 direllistsxtum'meum
1573 4775 1699 4836 eumque
1722 4767 1879 4837 perparter
1965 4777 1966 4826 l

533 4845 703 4921 aggrederis
735 4849 874 4908 inermem
903 4857 934 4907 et
955 4851 1129 4908 exanimem.
1171 4848 1266 4923 Atqui
1289 4855 1348 4906 tres
1371 4847 1472 4906 ordine
1495 4865 1514 4905 a
1536 4855 1566 4909 to
1593 4846 1760 4906 collocatae
1791 4854 1878 4924 partes
1965 4863 1966 4866 ¹

409 5011 414 5018 Ι
517 4939 646 5007 textus,
680 4933 816 5014 uidelicet
839 4939 896 5008 21,
929 4939 969 4993 22
993 4943 1024 4995 et
1046 4937 1087 4995 23
1116 4934 1267 5010 conjuncti
1290 4950 1411 4994 mosum
1432 4934 1545 4994 babent
1572 4951 1680 5006 unum,
1713 4933 1877 5008 adduntque

524 5022 639 5100 ceteris
663 5019 894 5094 discriminibus,
918 5040 995 5098 quae
1017 5030 1086 5082 suut
1106 5022 1183 5082 iuter
1204 5030 1233 5081 te
1257 5029 1286 5082 st
1309 5039 1371 5094 me,
1395 5039 1486 5082 unum
1508 5023 1643 5098 insuper,
1668 5021 1750 5098 quod
1773 5021 1876 5081 scilieet

533 5115 566 5166 tu
587 5113 685 5190 partes
708 5109 749 5168 rei
772 5110 932 5193 cujusque,
961 5127 1050 5189 quam
1080 5126 1133 5186 pro
1156 5110 1291 5188 subjecto
1315 5108 1484 5172 harmoniae
1513 5108 1667 5184 venditas,
1695 5126 1757 5168 non
1787 5110 1876 5184 aliqua
