4467 6192
874 647 966 751 Notas
981 621 1114 724 libitum
1360 709 1363 718 .
1602 673 1665 734 481

315 836 1108 910 wflebumnurccamuuxsuuuems
1143 837 1666 912 mammaemamma-

315 920 371 968 ἴω
392 915 521 988 alteram,
543 925 626 989 prout
647 919 760 976 fortuna
782 921 945 990 respondet,
966 921 1010 976 ita
1029 920 1180 989 quamlibet
1201 931 1259 974 rem
1283 917 1325 974 sel
1344 918 1442 986 probat
1463 918 1507 973 vel
1524 919 1668 988 improbat.
1762 972 1766 980 .

315 993 356 1050 Ite
371 995 463 1075 quoad
480 996 550 1052 bene
575 998 619 1054 rel
634 998 706 1054 male
728 999 880 1056 succedant
902 999 1027 1070 incepta,
1052 1017 1108 1056 non
1132 1005 1176 1056 eat
1201 998 1337 1054 summm
1360 997 1394 1052 de
1410 996 1444 1051 iis
1462 995 1604 1066 judicium.
1639 997 1668 1054 Si

314 1071 381 1142 qnid
396 1073 506 1130 occulte
521 1075 660 1146 peccari,
687 1075 779 1145 quiete
796 1076 855 1133 iere
872 1078 1035 1134 considerat.
1071 1079 1161 1148 Saepe
1184 1091 1238 1132 nou
1257 1075 1359 1132 lactum
1376 1073 1486 1144 saltem,
1514 1075 1563 1130 sed
1581 1081 1668 1132 totam

316 1158 442 1208 usturam
460 1166 537 1210 suam
554 1154 674 1212 mat
710 1155 773 1212 Non
789 1155 893 1224 rictus,
904 1173 968 1220 ‚uon
985 1157 1113 1226 maus,
1133 1171 1189 1215 nou
1207 1154 1321 1220 doloris,
1339 1170 1395 1210 nca
1412 1153 1513 1224 gaudii,
1531 1169 1586 1208 non
1604 1167 1668 1222 ope·

314 1246 376 1286 rum
393 1230 433 1286 illi
443 1249 518 1291 -eara
536 1233 635 1303 major,
663 1249 745 1303 quam
768 1233 903 1304 opinionis
928 1233 1067 1292 hommum
1091 1234 1125 1290 de
1144 1248 1186 1303 se,
1213 1249 1295 1304 quum
1318 1234 1395 1304 cupit
1411 1233 1521 1290 nonnisi
1543 1248 1668 1302 magnam

316 1324 387 1366 esse.
424 1309 505 1368 Unde
525 1312 595 1370 iaec
617 1313 725 1384 bqsaru's
748 1313 880 1383 »ueefiq
905 1314 1027 1382 quamvis
1050 1329 1100 1384 per
1123 1329 1181 1370 rem
1202 1313 1363 1370 honestam?
1398 1313 1460 1368 Duo
1484 1312 1567 1384 igitur
1589 1314 1669 1392 nobis

315 1388 528 1450 mundemus:
558 1393 589 1462 t)
606 1408 656 1448 cur
672 1400 745 1451 aare
766 1407 857 1450 veram
880 1397 986 1449 tantum
1003 1391 1136 1461 gloriam?
1166 1391 1195 1460 2)
1213 1409 1262 1450 cur
1283 1394 1443 1464 tmtoperct
1478 1392 1561 1448 Aliud
1578 1401 1669 1450 autem

313 1465 548 1601 {lupercorum
565 1472 750 1543 uectarinrua,
767 1487 805 1530 sc.
824 1488 874 1528 cur
890 1471 983 1536 omnia
998 1469 1060 1540 ejus
1076 1471 1189 1542 incepta
1205 1471 1331 1541 primitus
1354 1487 1416 1530 cum
1433 1479 1509 1529 tauto
1528 1471 1623 1528 ardore
1641 1479 1670 1529 et

361 1563 409 1602 ore
425 1550 596 1619 proveniant
797 1562 804 1570 ·
878 1560 880 1563 ·

403 1628 499 1698 Itaque
521 1629 546 1686 si
563 1628 620 1686 Soli
636 1629 709 1685 inest
729 1631 816 1689 virtus
833 1631 977 1700 Mercurii,
1001 1646 1086 1690 musa
1105 1630 1279 1688 mediocriter
1300 1635 1385 1700 patet.
1420 1630 1474 1688 Est
1491 1632 1562 1688 enim
1579 1622 1622 1706 Θ
1640 1629 1668 1686 in

313 1716 412 1772 sextili
429 1709 466 1796 ‘ll
486 1724 515 1774 et
532 1733 594 1774 cum
611 1710 654 1794 Q,
671 1733 742 1789 quae
759 1719 799 1775 nil
815 1726 868 1791 est,
886 1720 939 1776 nisi
957 1720 1072 1791 species,
1090 1726 1119 1775 et
1136 1718 1208 1776 ior-ts
1219 1717 1381 1787 addendum,
1400 1719 1474 1787 qood
1490 1717 1527 1790 [J
1546 1715 1582 1803 ‘ll
1603 1727 1668 1777 aute

311 1808 413 1872 crtum,
431 1804 560 1874 quodque
577 1798 620 1882 Θ
637 1807 745 1868 luVII.
763 1808 874 1879 etquis
890 1797 934 1886 Q
950 1804 1042 1879 inA
1069 1807 1113 1871 ὁ.
1149 1807 1232 1862 Forte
1250 1805 1331 1862 edan
1349 1807 1414 1876 quit
1431 1799 1590 1884 Quare.
1607 1825 1669 1864 cum

313 1895 373 1944 tam
390 1889 485 1946 multis
502 1891 599 1948 stellis.
633 1893 697 1948 lam
715 1893 796 1950 etiam
817 1887 854 1973 ‘ll
874 1894 903 1950 iu
920 1895 958 1950 lt.
978 1895 1007 1950 C.
1043 1893 1098 1950 Sed
1123 1906 1158 1949 an
1175 1907 1231 1949 non
1257 1893 1326 1950 lreec
1348 1899 1405 1950 tam
1428 1895 1514 1952 multa
1531 1895 1669 1966 fortunam
1746 1885 1750 1892 ’

312 1978 409 2048 potius
421 1978 592 2050 signiflcautl
622 1980 719 2059 Itaque
740 1979 779 2056 Θ
801 1981 830 2038 in
846 1973 974 2058 sextilib
994 1981 1162 2053 suspicacem
1186 1987 1215 2038 ct
1241 1979 1387 2039 sollicitum
1409 1990 1438 2039 et
1459 1984 1569 2040 armum
1593 1983 1667 2052 tacit,

312 2063 344 2112 et
359 2058 518 2127 vigilantem
543 2066 571 2113 et
588 2065 722 2115 attentum
745 2059 773 2115 ln
798 2060 914 2130 singula.
946 2059 1003 2132 ilbi
1027 2061 1111 2130 igitur
1137 2060 1307 2132 inquisiverit
1330 2061 1359 2114 in
1376 2061 1459 2116 vitam
1477 2077 1554 2119 suam
1577 2069 1605 2119 et
1622 2061 1668 2119 de-

312 2137 493 2207 prehenderit
509 2144 623 2208 peccata
641 2153 703 2209 sua,
729 2133 795 2196 sane
816 2138 851 2196 de
868 2156 901 2196 eo
919 2139 1037 2195 maxime
1055 2139 1168 2211 dolebit,
1195 2139 1268 2213 quod
1286 2139 1433 2210 pessimum
1454 2141 1507 2211 ipsi
1525 2141 1668 2199 ridebitur.

313 2217 443 2272 Diximus
461 2223 559 2289 autem,
577 2219 605 2273 ri
681 2217 742 2288 ipsi,
760 2233 832 2289 quae
849 2225 921 2274 suut.
956 2215 1108 2274 Pessimum
1129 2231 1193 2274 vero
1215 2233 1245 2273 re
1263 2233 1327 2274 sera
1349 2217 1470 2274 infamia.
1506 2219 1561 2298 Cur
1578 2228 1668 2276 autem

313 2295 391 2353 rora
415 2297 449 2352 uo
472 2313 505 2353 es
527 2299 635 2367 sagma
689 2298 733 2353 aa
757 2295 1033 2368 quaestoresue
1052 2299 1095 2355 ert
1117 2303 1145 2353 a
1163 2283 1269 2353 uriam
1290 2297 1455 2352 umnam?
1491 2299 1600 2356 coum.
1635 2301 1668 2357 In

310 2373 368 2429 lroc
383 2377 445 2446 ipso
463 2376 678 2434 luculentissime
695 2377 900 2448 ffiqunrmm
914 2377 1039 2434 homines
1065 2393 1082 2434 a
1100 2375 1275 2446 seinvicem,
1304 2375 1376 2448 qued
1395 2373 1505 2446 quidam
1523 2375 1616 2434 dolent
1634 2375 1668 2432 de

309 2453 492 2536 turpitudine,⁴
511 2454 620 2524 quidam
639 2471 702 2525 non,
721 2471 790 2526 quos
808 2455 964 2513 nomim'bus
981 2456 1069 2512 bonas
1086 2457 1131 2513 rel
1148 2453 1236 2512 malae
1253 2453 1352 2512 indolis
1365 2451 1561 2524 distinguimus.
1589 2453 1669 2514 Unde

310 2531 400 2602 ipltm
417 2539 511 2589 tantus
530 2532 626 2589 dolor?
661 2527 705 2589 A'n
723 2549 758 2590 ex
777 2550 818 2606 so,
837 2536 902 2606 quia
918 2540 1014 2591 tantus
1032 2550 1109 2592 amor
1126 2533 1247 2606 gloriae?
1281 2535 1319 2590 At
1337 2535 1408 2590 unde
1427 2535 1559 2604 uterque?
1584 2548 1669 2604 supra

310 2612 386 2667 euim
403 2613 511 2668 tantum
530 2611 645 2668 diximus
664 2608 699 2669 de
711 2613 866 2686 ¹cupiditate
888 2617 916 2670 et
934 2611 1115 2670 delectatione
1134 2610 1293 2685 speculandi
1319 2611 1535 2682 fabricandique,
1560 2613 1616 2683 jem
1634 2615 1669 2672 de

308 2689 464 2746 moralibus
481 2691 594 2760 epirum.
630 2694 677 2748 An
694 2691 778 2762 igitur
795 2695 870 2750 dolet
886 2691 949 2750 ideo
966 2693 1152 2756 vehementer,
1180 2693 1244 2762 quia
1268 2691 1444 2748 vehementer
1459 2693 1560 2764 ceruit,
1588 2707 1669 2765 quam

308 2768 416 2902 &aa
440 2770 489 2839 ut,
516 2777 543 2825 e
560 2754 922 2843 erubesceremus
946 2771 1043 2828 maor
1078 2771 1124 2827 ss
1149 2770 1237 2826 ouen
1259 2769 1346 2826 uuus
1363 2771 1446 2828 smmi
1473 2785 1507 2826 ex
1529 2771 1669 2830 manser

368 2853 505 2903 uteretur.

401 2923 540 2994 Optimum
556 2926 640 2997 retur
657 2933 708 2999 est,
726 2927 773 2986 ubi
788 2929 913 3002 jungitur
929 2929 1065 2987 indumria
1080 2927 1199 3002 ingenio.
1235 2929 1555 3002 Etbicoptimshabeut
1568 2933 1667 3004 emula,

308 3003 366 3060 sisi
382 3003 459 3074 quod
475 3006 573 3062 Martis
590 3005 683 3062 radius
702 3009 853 3077 quadratus
876 3009 950 3065 illam
967 3012 1077 3066 nimiam
1100 3015 1184 3079 auget
1209 3009 1444 3081 praecipitantium
1468 3015 1496 3066 et
1520 3012 1668 3068 multarum

307 3097 410 3139 rerum
427 3083 617 3154 inceptionem.
651 3086 738 3143 llota:
757 3085 926 3158 Maegerlino
945 3095 988 3147 est
1003 3087 1113 3160 Jupiter
1130 3090 1157 3144 in
1176 3092 1247 3146 ortu.
1284 3091 1322 3145 Et
1333 3089 1380 3145 ille
1391 3104 1445 3146 nou
1462 3099 1505 3146 est
1522 3091 1562 3146 lta
1578 3089 1667 3145 laudis

308 3161 458 3219 studiosus
482 3171 512 3220 et
533 3171 626 3222 umen
650 3166 772 3224 honoris.
807 3165 884 3224 lovis
906 3167 991 3240 igitur
1014 3168 1152 3244 ingenium
1179 3167 1293 3240 simplex
1312 3173 1365 3236 est,
1392 3175 1523 3239 appetere
1540 3169 1667 3228 honores.

307 3243 353 3300 Et
372 3241 450 3302 aliud
467 3251 509 3301 est
526 3246 629 3316 bonos,
655 3243 730 3303 allud
746 3245 817 3304 laus.
853 3247 1078 3317 Distinguuntur:
1101 3248 1164 3303 laus
1186 3245 1316 3304 fundatur
1339 3245 1367 3302 ln
1385 3244 1512 3318 opinione
1528 3248 1669 3308 homiuum

311 3327 344 3379 et
361 3321 393 3383 iu
412 3325 619 3395 existimatione,
636 3323 726 3380 bonor
740 3325 769 3381 is
787 3327 954 3397 ceremoniis,
973 3325 1190 3391 salutationrbue¹
1208 3326 1309 3398 titulis,
1327 3327 1437 3397 officiis,
1456 3332 1484 3383 et
1500 3335 1592 3398 potest
1608 3331 1669 3386 lieri

307 3407 373 3462 sine
393 3404 491 3468 laude„
519 3407 641 3462 Deberet
661 3411 753 3466 tamen
770 3419 805 3461 ex
822 3404 903 3461 laude
921 3405 1070 3480 proticisci,
1094 3405 1148 3462 nisi
1166 3405 1351 3480 degeneraret.
1386 3405 1512 3480 Dignitas
1538 3407 1669 3466 adhaeret

307 3483 415 3541 honori
432 3483 646 3556 quodammodo,
671 3481 800 3539 sibonor
826 3500 888 3540 eum
905 3484 987 3541 lande
1014 3491 1064 3541 est.
1099 3481 1284 3556 Praestantla,
1313 3483 1474 3542 excellcrdle
1493 3493 1557 3542 sunt
1573 3486 1668 3544 tunde·

305 3572 441 3622 mentum
457 3572 485 3622 et
502 3569 619 3636 possunt
636 3562 697 3617 tine
713 3560 802 3643 lande
814 3563 936 3632 cogitari.
972 3563 1128 3620 Auctoritas
1146 3563 1272 3620 ultinmm
1290 3564 1467 3621 videturesse
1484 3565 1513 3621 in
1532 3566 1667 3636 opinione,

303 3643 431 3716 prbrum
442 3645 476 3701 -ln
494 3643 581 3713 iecw,
604 3657 658 3712 quo
676 3639 777 3711 aliquid
795 3643 986 3711 retn'buimus,
1010 3651 1054 3699 est
1071 3651 1163 3700 autem
1181 3644 1331 3701 communis
1350 3643 1430 3700 etiam
1448 3643 1667 3702 benefactoribus

307 3729 342 3780 et
358 3725 493 3796 patronis,
510 3723 632 3794 quamvls
650 3735 706 3776 non
725 3719 884 3792 laudentur,
908 3729 940 3778 ut
957 3729 985 3778 et
1002 3722 1161 3792 potentibus
1180 3729 1263 3792 atque
1285 3721 1420 3778 divitibus.
1455 3723 1548 3778 Virtus
1567 3729 1609 3778 est
1626 3735 1667 3778 sc-

307 3805 418 3860 ere-dus
436 3803 501 3884 quid
519 3803 600 3872 quem
617 3798 795 3871 praestantia,
814 3799 879 3870 quia
895 3797 945 3856 illa
962 3799 1121 3871 simpliciter
1139 3799 1333 3872 consideretur,
1351 3801 1420 3857 haec
1437 3801 1531 3857 relata.
1567 3803 1668 3858 Aucto·

306 3882 383 3940 rttrs
403 3889 447 3940 est
462 3875 576 3939 tacitmrr
593 3897 707 3952 regnum
726 3879 784 3935 sins
801 3877 905 3935 honore
921 3881 1006 3950 regio.
1041 3880 1179 3937 Lutberus
1198 3881 1238 3937 sic
1254 3883 1385 3952 regnarit.

400 3963 445 4018 'Ab
461 3961 573 4020 meante
589 3968 680 4017 aetate
697 3955 807 4017 iuuant
823 3957 888 4013 hnic
909 3955 1013 4014 bomini
1031 3957 1180 4022 adversarii
1197 3957 1294 4028 aliqui,
1311 3960 1422 4030 primns,
1441 3973 1521 4030 quem
1538 3957 1668 4012 memoria

304 4037 548 4116 teneo,·1101pius,
565 4042 620 4106 imo
639 4054 733 4097 omnes
751 4036 921 4107 consodales,
939 4035 1059 4106 biolltor,
1078 4035 1249 4093 wielandius
1267 4037 1461 4110 Mulpronnee,
1481 4045 1509 4094 et
1526 4035 1667 4106 Tubingse

306 4121 450 4193 Kbllinue,
468 4119 636 4178 Bebeuhusii
653 4116 835 4182 Brauubaum,
852 4113 1034 4185 ldulpronnae
1051 4113 1283 4184 Ziegelbeuserus.
1318 4117 1460 4174 Recenseo
1479 4119 1629 4174 diuturnos.

383 4200 525 4272 dubioque
536 4197 710 4264 Huldericus,
726 4194 866 4265 Saddaros,
883 4191 1015 4264 Ortoltns,
1033 4192 1203 4264 Adclberqee
1214 4193 1372 4262 Leudliuus,
1390 4196 1571 4266 Mulprounae
1583 4195 1667 4265 Spen-

304 4279 493 4352 genbcrgius,
512 4277 653 4347 Tubingae
672 4275 810 4345 elcbertus,
829 4273 1011 4345 ttulpramse
1026 4273 1179 4347 Rebstoclr,
1199 4273 1338 4344 Huselius,
1357 4273 1498 4348 Tubiuqae
1516 4275 1667 4346 Derberus,

304 4357 483 4416 Lcrlrrrdus.
521 4349 885 4431 commemorasse.
904 4354 1019 4425 Remus,
1038 4351 1188 4426 Murenae,
1208 4351 1373 4424 spetialius,
1392 4351 1529 4425 Zeilerus,
1547 4353 1590 4410 Jo.
1607 4355 1666 4409 Mo-

278 4474 282 4483 ·
302 4437 378 4495 litor
402 4437 502 4512 fi’atcr,
530 4439 580 4495 An.
600 4435 726 4507 Orellius,
751 4449 843 4504 socer,
867 4433 991 4504 plerique
1015 4433 1157 4504 aequales,
1180 4433 1277 4504 reliqul
1295 4431 1367 4488 forte
1388 4431 1416 4488 ln
1442 4447 1533 4490 causa.
1569 4433 1667 4504 Itaque
1758 4479 1762 4490 .

303 4517 422 4574 animus
447 4517 508 4589 ejus
531 4521 675 4572 exercem
695 4513 725 4570 in
747 4509 957 4584 cogitationibus
980 4517 1076 4569 centn
1097 4513 1275 4570 adversarios.
1310 4511 1409 4568 Unde?
1432 4529 1468 4568 an
1486 4511 1549 4582 quia
1566 4511 1666 4581 virtuti,

276 4596 466 4670 ‚proteum
487 4595 650 4662 bonoribus,
667 4591 791 4649 ielidtmi
808 4605 916 4662 semper
932 4589 1052 4647 aemuli?
1086 4593 1130 4647 An
1148 4593 1212 4662 quia
1232 4588 1270 4666 Θ
1285 4583 1359 4670 etQ
1378 4589 1406 4646 in
1423 4589 1495 4645 Vll?

402 4685 503 4758 Holpio
522 4685 596 4756 (inter
612 4687 743 4754 magistros
761 4687 875 4747 receptus
894 4695 958 4732 anno
973 4685 1040 4733 1592
1054 4697 1110 4733 cum
1123 4681 1289 4746 liaegerllno,
1307 4681 1389 4732 locum
1402 4683 1512 4732 obtinuit
1527 4685 1567 4738 lt.
1579 4681 1665 4734 Pasto-

300 4771 345 4822 xls
359 4782 465 4820 munere
482 4768 632 4829 rumebrtur
649 4778 672 4815 a.
692 4763 873 4815 loto-16²8
890 4761 1046 4829 ltstdltngse)
1064 4774 1169 4814 mecum
1187 4760 1221 4816 de
1240 4757 1399 4832 eruditionis
1416 4757 1542 4829 opinione
1560 4756 1668 4815 occulta

301 4845 466 4905 contentio.
497 4842 526 4900 ls
544 4857 587 4898 me
605 4839 750 4898 manifeste
769 4833 872 4906 oderat,
888 4851 993 4891 mecum
1009 4835 1053 4891 bls
1066 4838 1204 4905 pugnavit,
1222 4837 1307 4895 semel
1315 4835 1481 4910 Leoberpae,
1500 4833 1584 4894 semel
1595 4835 1666 4892 Mul-

298 4937 444 4998 pronnae
479 4923 628 4993 Postquam
645 4918 684 4974 ibt
700 4918 778 4973 locus
797 4913 922 4984 superior
938 4912 1005 4967 mihi
1023 4911 1119 4979 cessit,
1145 4911 1274 4972 rediimus
1299 4917 1327 4974 iu
1345 4916 1466 4988 gratiam.
1503 4911 1666 4987 Desperarit

298 5005 386 5062 enirn
404 4993 614 5072 restitutionem,
632 5011 748 5068 cumque
764 4994 841 5068 prius
859 4991 966 5063 temper
982 4999 1130 5060 metueret,
1144 4993 1210 5063 jam,
1228 4993 1300 5051 lecto
1318 4995 1392 5066 qnod
1410 5003 1555 5068 metuerat,
1576 4995 1666 5054 odisse

299 5079 395 5141 simul
411 5087 496 5153 atque
519 5088 642 5138 manare
667 5077 756 5136 desiit
791 5073 914 5131 Molitori
937 5071 1042 5144 (putori
1060 5075 1214 5126 suentana
1239 5075 1430 5162 ruer-retr)
1448 5073 1544 5132 eadem
1566 5073 1667 5132 occuli

364 5165 596 5262 mosen.
1468 5179 1508 5240 31
