4467 6192
873 627 1033 687 ⁴trunonis.
1051 628 1176 700 copul.
1644 642 1707 703 223

355 796 417 869 tam
441 808 841 883 macomadibus,
864 826 953 886 quam
974 820 1125 884 scrqosn
1148 808 1183 869 iis·
1206 815 1361 871 ernustum
1382 808 1505 885 morht,
1532 812 1710 873 absusctsm

355 896 446 972 ipim
469 898 666 974 quantitatem
681 940 685 948 .
692 896 759 973 jure
780 897 919 957 terminos
948 897 1112 958 stetuinrna·
1134 897 1371 974 proportionibus
1397 897 1573 962 harmonicis
1604 900 1709 963 mabs-

256 1009 260 1018 >
354 985 484 1060 typicis,
512 983 623 1062 quippe
645 1002 722 1063 quse
743 992 871 1045 sunt-es
893 980 1215 1046 circuli'divisionibas
1244 982 1529 1053 demutabilibus.
1573 987 1627 1047 bist
1650 988 1710 1049 stis

355 1087 458 1143 cenea,
482 1088 533 1131 cur
555 1073 719 1133 abstructus
742 1074 922 1150 quantitates
946 1070 1062 1148 elipem,
1086 1072 1157 1147 quic
1172 1069 1307 1145 circulus,
1331 1073 1380 1149 qui
1402 1072 1495 1151 figura
1510 1083 1564 1149 eet,
1587 1082 1709 1152 quertes

354 1176 463 1236 nempe
487 1158 639 1236 qualitatis
660 1160 790 1237 species,
820 1161 955 1236 quamvis
977 1161 1017 1219 sit
1039 1159 1206 1236 quantitas,
1236 1165 1333 1241 tamen
1359 1162 1388 1219 in
1411 1152 1471 1223 boc'
1489 1164 1609 1239 negotio
1637 1180 1709 1241 pure

357 1254 388 1305 ut
409 1246 509 1323 figure
531 1246 740 1321 consideratur,
763 1249 826 1307 siue
850 1249 949 1323 magni
974 1245 1121 1323 veiparvi
1143 1244 1315 1318 discrimine,
1339 1246 1415 1307 eden
1438 1258 1471 1309 nt
1485 1252 1576 1311 etiem
1590 1251 1629 1310 cb
1644 1252 1711 1329 ipse

356 1337 525 1410 quantitste
556 1333 648 1395 veluti
678 1352 697 1395 e
723 1350 778 1395 suc
808 1335 942 1411 subjecto
970 1333 1157 1395 abstrabatur
1182 1332 1399 1409 quodammodo
1428 1338 1580 1415 posuitque
1609 1337 1658 1399 vel
1679 1340 1710 1397 in

357 1424 460 1498 puncti
484 1424 622 1499 augustis
649 1421 713 1498 ejus
734 1415 991 1498 agnominatum
1036 1418 1103 1481 Hoc
1131 1422 1235 1496 opinor
1257 1418 1378 1480 Procius
1408 1422 1518 1495 voluit,
1547 1424 1616 1484 dum
1642 1444 1708 1486 me·

358 1509 537 1569 tbemstioar
559 1527 607 1570 rss
628 1511 658 1567 tu
680 1511 780 1571 ssime
802 1508 876 1567 dixit
896 1510 994 1569 inesse
1010 1511 1188 1583 incorporeo
1210 1516 1239 1567 et
1261 1507 1412 1570 indistanti
1433 1511 1532 1571 modo.

446 1596 502 1655 Est
522 1594 650 1672 denique
680 1604 713 1655 st
739 1595 814 1666 bueo
834 1613 950 1656 summa
977 1602 1008 1655 et
1036 1594 1198 1655 decumcue
1219 1597 1311 1668 ratio,
1343 1594 1423 1673 qnod
1444 1600 1642 1675 quantitatum
1665 1608 1710 1661 cst

358 1684 505 1744 mirabitis
527 1684 674 1761 quaedam
696 1692 726 1743 et
747 1682 836 1760 plene
856 1683 959 1743 dirim
979 1681 1084 1759 potitis
1105 1699 1261 1759 rerumque.
1274 1682 1443 1745 divinarum
1462 1694 1497 1746 et
1516 1686 1710 1747 bumanorum

345 1773 525 1833 ωιιιιιιιιιιὶε
555 1772 586 1831 in
602 1774 652 1833 ,iis
683 1769 896 1849 symbolisatic.
940 1770 987 1829 De
1017 1776 1221 1831 sacrosanctae
1250 1769 1400 1833 Triuitstis
1427 1770 1651 1835 adumbratione
1681 1776 1710 1833 in

358 1858 514 1936 mesenen
536 1860 640 1934 scripsi
653 1859 776 1937 passim,
796 1859 828 1915 in
844 1855 967 1935 Optic'nr,
989 1858 1019 1915 in
1035 1855 1386 1933 commentarienses,
1411 1861 1440 1918 in
1456 1858 1589 1923 donnus
1602 1862 1712 1939 spbee-

358 1948 438 2021 ries,
467 1963 545 2025 quse
566 1945 616 2005 bic
635 1946 761 2023 repetita
782 1943 860 2005 volo.
874 1939 915 2026 ¹⁴)
958 1942 1098 2021 Sequitur
1129 1946 1216 2021 igitur
1246 1954 1326 2010 recte
1346 1946 1440 2020 lines,
1468 1964 1545 2025 quse
1572 1966 1610 2011 ex
1626 1949 1711 2011 *fluxu

350 2036 465 2111 puncti
491 2038 522 2093 iu
545 2041 644 2095 oenus
672 2036 702 2092 in
729 2040 869 2110 punctum
897 2033 1016 2093 unicum
1043 2032 1206 2109 superficiei
1239 2036 1333 2111 prime
1362 2033 1526 2097 rudimenta
1555 2038 1710 2097 mentionis

360 2120 501 2190 &lineet
522 2119 641 2201 semeis
660 2130 799 2182 utemse
818 2120 1016 2197 generationis
1030 2118 1084 2178 titii
1106 2117 1237 2200 (egressu
1251 2120 1459 2183 centri'rersus
1473 2123 1586 2193 infinita
1601 2130 1712 2201 pundo

360 2211 454 2269 totirn
483 2208 661 2286 superficiei,
690 2208 777 2269 tineis
798 2206 923 2267 induitis
946 2208 1003 2267 sub
1031 2207 1212 2283 sequuiitste
1240 2209 1375 2270 omnibus
1400 2210 1612 2289 pntsctnsims
1632 2211 1711 2289 ugn-

358 2305 444 2357 retro
466 2304 497 2357 et
519 2292 680 2375 depictae),
702 2312 780 2371 quae
800 2304 881 2357 recte
902 2295 986 2371 lines
1003 2292 1182 2358 elementum
1208 2295 1329 2356 scilicet·
1342 2304 1388 2363 est
1409 2298 1519 2359 iormse
1542 2316 1710 2377 corporeae.
1774 2373 1780 2384 Ι
1822 2344 1829 2360 ι

358 2383 444 2445 Haeo
464 2384 495 2441 in
517 2382 721 2447 lctnmdusts
739 2384 803 2459 jum
825 2386 920 2459 ipsum
940 2382 1064 2441 tomam
1078 2398 1248 2457 corpoream
1263 2382 1426 2458 edumbret,
1449 2385 1579 2462 plenum.
1592 2402 1711 2463 creans3

357 2471 450 2549 dano
473 2488 551 2532 vero
565 2478 677 2531 sectum
697 2470 884 2548 spbesricurn
905 2467 1046 2529 ιίιιιιΙιιιι
1067 2473 1197 2529 sectione
1220 2480 1428 2547 repraesentat,
1461 2474 1567 2533 mentis
1582 2484 1709 2549 mutae,

360 2576 440 2637 quae
463 2559 578 2635 corpori
598 2556 729 2633 rependo
750 2560 789 2617 sit
811 2557 974 2634 procincte,
996 2560 1154 2632 genuinum
1176 2559 1453 2637 imaginemque
1475 2562 1506 2619 in
1529 2580 1566 2621 sc
1587 2574 1712 2641 propor-

360 2650 442 2707 tione
464 2648 504 2705 sit
526 2644 564 2705 ed
585 2644 786 2722 spbsericnm,
814 2652 848 2703 ut
870 2652 915 2705 eet
940 2660 1023 2703 mens
1046 2643 1173 2705 numana
1200 2633 1239 2709 ed
1261 2644 1408 2721 divinem,
1437 2640 1515 2709 iniec
1538 2649 1652 2711 scilicet
1674 2648 1713 2711 ed

360 2734 566 2813 sufficient,
594 2739 718 2809 ubsque
741 2741 838 2793 umen
861 2730 1024 2805 circularis,
1053 2731 1091 2791 ed
1113 2731 1234 2809 pienum
1256 2750 1340 2806 vae,
1371 2736 1399 2793 iu
1423 2751 1482 2811 quo
1505 2744 1534 2796 ct
1556 2739 1650 2811 inest,
1680 2754 1712 2798 se

356 2822 454 2883 bebet
476 2828 652 2886 strumum
680 2819 867 2900 aduectum,
897 2836 974 2896 quae
1000 2825 1070 2879 sunt
1091 2820 1379 2881 incommunicabilis
1409 2824 1712 2885 er-incommenrsrs·

361 2910 449 2984 bilis,
479 2910 613 2984 usqne
640 2906 762 2985 puiebre
791 2906 917 2968 circulus
945 2917 1007 2966 torn
1035 2908 1065 2965 in
1088 2907 1176 2985 pleno
1203 2916 1338 2980 semum,
1368 2910 1607 2973 circumscribens
1629 2911 1714 2991 illud,

361 3014 455 3075 qaam
477 3000 508 3057 iu
529 2995 683 3075 spbserico
703 3004 799 3068 seno,
821 3002 925 3055 matun
947 2996 1098 3071 utriusque
1121 3011 1278 3068 concursu,
1306 2997 1384 3055 sicut
1405 2998 1519 3057 animes
1543 3007 1573 3059 et
1594 3000 1623 3058 in
1647 3014 1713 3059 cor·

362 3102 438 3163 pore
459 3086 547 3158 icet,
569 3082 729 3143 inim
751 3081 823 3143 iliud
845 3098 1052 3157 connexosque
1074 3082 1185 3146 termae
1207 3098 1377 3159 corporeae,
1404 3092 1434 3144 et
1456 3086 1486 3143 in
1509 3086 1574 3146 Deo
1596 3094 1714 3145 susten·

361 3181 453 3245 tetur,
478 3169 571 3231 relati
592 3169 739 3247 quaedam
766 3187 803 3231 ax
824 3170 911 3231 ruttn
932 3169 1034 3230 divino
1057 3169 1216 3246 incorpus
1239 3169 1372 3231 derivata
1401 3170 1566 3247 irredietto,
1596 3172 1713 3233 trebens

361 3259 437 3325 inde,
455 3258 629 3319 nobiliorem
650 3265 793 3319 numam
839 3255 923 3333 ste
945 3274 1037 3319 came
1057 3257 1135 3317 sicut
1155 3256 1268 3318 stabilit
1290 3259 1524 3335 proportionibus
1538 3259 1714 3323 harmonicis
1825 3311 1826 3315 ,

364 3346 510 3409 muium
542 3362 596 3423 pre
624 3333 760 3421 subjecto
790 3351 820 3405 et
846 3346 1035 3405 terminorum
1062 3344 1159 3418 toute,
1190 3346 1232 3405 sic
1260 3345 1308 3405 ret
1330 3348 1456 3406 maxime
1487 3347 1714 3409 ebsusottonern

361 3433 568 3507 commendet,
597 3448 664 3493 cum
691 3449 786 3509 nque
816 3433 846 3507 in
875 3443 972 3513 certes
1001 3433 1191 3509 quentitstis·
1206 3432 1330 3507 circuio,
1359 3448 1456 3510 neque
1485 3436 1514 3493 in
1535 3435 1713 3513 imperfecte,

363 3532 399 3583 ut
418 3530 491 3582 sunt
518 3519 686 3581 memietee
714 3528 744 3581 et
771 3519 910 3596 sensiles,
939 3520 1009 3579 trusit
1037 3517 1201 3580 divinitatis
1228 3520 1318 3579 enimi
1344 3520 1547 3602 edumbretie,
1560 3560 1565 3574 ·
1578 3531 1608 3583 et
1635 3522 1715 3599 qued
1849 3535 1850 3543 ¹

364 3617 457 3688 erpnt
479 3615 541 3684 est,
564 3614 679 3669 eamn
699 3610 885 3684 e·oorporeis
915 3615 945 3667 ct
966 3606 1124 3668 sensitibus
1146 3606 1249 3669 deceat
1272 3624 1336 3668 esee
1363 3609 1545 3670 museum
1567 3609 1715 3687 circulum,

362 3705 509 3775 questum
531 3697 614 3759 curri
636 3695 776 3771 rstiouus,
798 3696 887 3754 enimi
910 3694 1086 3773 symbolum,
1111 3714 1130 3755 e
1151 3701 1249 3769 recte,
1277 3712 1430 3775 corporum
1451 3698 1564 3772 umbre,
1585 3706 1716 3759 scuetse

362 3796 393 3847 et
416 3784 502 3846 reiut
521 3783 688 3845 sbsuwtee
708 3789 787 3843 sent.
826 3781 908 3843 Setis
938 3784 1028 3860 igitnr
1055 3783 1159 3841 muniti
1189 3800 1290 3843 sumne
1319 3783 1357 3844 ad
1381 3782 1452 3859 bec,
1481 3792 1515 3845 st
1539 3784 1716 3846 bermoniois

360 3872 612 3951 proportionibus,
632 3871 723 3931 adimi
744 3870 837 3931 sclina
859 3870 991 3946 objectis,
1012 3871 1152 3931 termines
1174 3885 1211 3930 ex
1233 3870 1389 3933 abstractis
1411 3874 1595 3949 potissimum
1619 3890 1716 3951 qusu-

256 4029 258 4034 .
360 3961 502 4022 umubm
523 3966 667 4037 pennos
732 3990 740 4003 ·-
1297 3984 1303 3995 ·

451 4044 494 4107 Ut
515 4048 605 4127 ignor
625 4044 704 4115 bunc
716 4044 816 4105 locum
830 4044 1048 4119 concludemus,
1072 4044 1232 4122 praecipue
1252 4044 1392 4107 taedente
1405 4044 1588 4125 colligemus.
1626 4044 1718 4107 Gem-

361 4152 453 4197 maue
474 4136 554 4197 enirn
574 4132 686 4194 hebent
704 4131 876 4195 barrum
896 4131 1020 4194 scnaiies
1040 4148 1109 4192 cum
1130 4131 1381 4211 srcbctypalibus,
1405 4133 1484 4210 qued
1506 4136 1646 4195 terminos
1667 4150 1716 4195 rs·

361 4225 484 4302 quirent
505 4236 665 4297 corumque
686 4224 951 4298 comparationem,
977 4222 1070 4298 ipsius
1091 4220 1209 4280 enimse
1231 4221 1397 4298 energism3
1428 4224 1457 4280 in
1481 4221 1537 4281 bec
1562 4234 1716 4298 compn-

361 4313 445 4372 nono
468 4308 657 4386 nusmmqna
672 4312 807 4383 ,essentis
829 4310 971 4370 consistit
1016 4306 1076 4368 eod
1101 4307 1269 4371 sensilium.
1286 4310 1400 4369 sumini
1422 4308 1545 4371 sensiles
1568 4314 1638 4368 sunt
1664 4325 1718 4369 ex-

360 4407 470 4477 ireque
492 4401 622 4459 animum
647 4403 817 4474 prscsentes
844 4397 950 4457 adesse
979 4394 1104 4470 debout;
1133 4394 1365 4475 crobetypstiuss
1390 4399 1502 4456 termini
1533 4404 1604 4455 eunt
1630 4400 1719 4457 antee

362 4490 445 4547 intus
467 4489 499 4545 in
524 4488 624 4546 sntma
644 4491 822 4560 peucestes.
866 4482 1031 4545 Sannitibus
1058 4484 1147 4559 igitur
1169 4500 1245 4561 opus
1265 4486 1385 4563 insuper
1405 4490 1450 4543 est
1476 4484 1649 4560 receptione,
1664 4499 1718 4560 per

362 4576 497 4652 speciem
518 4590 556 4633 ex
577 4589 611 4633 so
631 4573 778 4647 emissem
812 4588 889 4649 quse
910 4574 1039 4648 receptio
1061 4570 1113 4631 flet
1135 4570 1312 4632 oeensibus
1334 4573 1449 4631 animae
1471 4570 1612 4630 mmisub
1642 4584 1718 4648 opus

362 4671 412 4723 est
434 4670 466 4722 et
486 4658 547 4721 aiis
567 4661 788 4738 comperettnne
809 4658 991 4737 singulorum
1013 4660 1203 4719 terminorum
1217 4658 1368 4719 sensilium
1391 4674 1456 4717 cnm
1473 4656 1597 4733 singuiis
1613 4656 1718 4719 arebe-

362 4748 527 4829 typaitbus,
549 4755 623 4825 pnts
644 4746 754 4808 circuio
776 4746 898 4824 eiusque
920 4756 1005 4825 parte
1024 4744 1138 4821 scibitt;
1164 4753 1196 4805 st
1217 4745 1386 4805 bastonico
1408 4744 1591 4823 crobetypoli
1614 4753 1718 4806 nenne

362 4851 396 4896 re
420 4842 467 4896 est
489 4849 573 4913 opas,
598 4852 665 4896 cum
685 4836 800 4893 termini
822 4835 1043 4895 sumsistis
1064 4834 1163 4893 anima
1184 4840 1369 4909 preesomsm
1392 4833 1419 4892 ai
1441 4834 1614 4909 congenitos
1635 4834 1718 4911 ipsa-
1840 4886 1845 4897 ,

365 4940 428 5001 qao
449 4921 525 4984 sdeo
547 4924 656 4998 uinus,
669 4938 734 4983 -ncc
754 4924 853 4999 tmopo
876 4924 937 4982 sint
957 4922 1019 4980 reri
1032 4922 1081 4979 sni
1095 4918 1323 4996 paradigmatis,
1338 4917 1391 4977 sed
1405 4921 1502 4997 mrum
1523 4938 1608 4981 ιιιιιιιι
1623 4919 1717 4981 vetuti
1844 4932 1851 4951 ‘

362 5009 548 5090 pandicus.
593 5010 640 5073 its
668 5010 794 5087 simplex
816 5017 929 5071 tentem
957 5008 1153 5085 compotatio,
1185 5022 1277 5085 quarn
1302 5008 1428 5067 instituit
1450 5010 1564 5083 mima,
1594 5024 1715 5069 snamm

363 5099 465 5177 ipsius
493 5099 587 5160 vetuti
612 5099 740 5179 portium
776 5098 851 5159 tutor
882 5114 929 5172 se,
960 5093 1090 5157 emove
1121 5093 1326 5175 arcbetyptcae
1359 5094 1530 5159 monice
1561 5096 1719 5158 mansur
