4467 6192
923 721 957 782 de
973 723 1128 782 Harmonia
1246 783 1255 792 ,
1556 658 1562 682 ⁸
1659 731 1700 795 59

438 901 603 962 Distinctas
623 903 809 980 quaestiones
830 901 920 964 lacior
953 901 988 988 1)
1010 903 1042 965 Si
1063 906 1102 964 sit
1123 905 1224 982 eliqua
1251 907 1404 983 persuasio
1426 903 1603 968 universalis
1624 903 1698 967 iite-

354 995 485 1053 raicrum
508 991 636 1050 omnium
659 995 710 1051 aut
731 989 931 1069 plerorumque
954 993 983 1052 in
1005 1009 1112 1070 magua
1133 1000 1227 1070 geute,
1251 1000 1284 1054 nt
1306 993 1385 1070 quod
1407 994 1463 1053 sub
1480 994 1701 1071 conjunctiones

357 1093 478 1154 maguae
499 1083 657 1139 runcantur
685 1079 740 1137 riri
763 1079 972 1166 insignissimi,
1002 1083 1172 1158 praesertim
1200 1082 1226 1141 si
1253 1080 1374 1142 accedat
1401 1079 1469 1143 loco
1499 1087 1551 1145 aut
1576 1083 1701 1161 tempori

356 1165 440 1226 stalls
462 1181 558 1226 novar
590 1175 628 1225 au
650 1166 738 1242 igitur
758 1166 840 1227 Deus
863 1172 963 1227 ututur
984 1165 1039 1228 hac
1061 1166 1211 1228 bominum
1232 1170 1438 1246 persuasione,
1464 1175 1497 1228 ut
1517 1168 1555 1228 iis
1578 1171 1700 1246 potissi-

350 1269 433 1313 ruum
455 1252 647 1332 temporibus,
670 1269 735 1312 curn
757 1259 826 1313 suut
848 1253 995 1331 conjuncti
1016 1254 1166 1332 planctae,
1189 1263 1220 1316 ct
1241 1254 1343 1315 stellas
1364 1255 1501 1317 exhibeat
1521 1263 1552 1316 et
1574 1259 1700 1334 promis·

357 1357 419 1401 sum
440 1339 583 1401 Moesiam
613 1341 737 1416 miserit,
768 1347 801 1400 ut
821 1339 879 1402 h'oc
906 1349 992 1419 pacto
1014 1341 1178 1420 Magorum,
1201 1342 1354 1403 Persarum
1384 1343 1478 1420 gantis
1505 1345 1633 1403 animam
1661 1343 1700 1404 ad

358 1429 553 1504 coguitionem
584 1427 711 1488 Messias
739 1425 909 1506 perduceret
936 1445 1045 1508 perque
1073 1429 1141 1490 illos
1169 1430 1277 1490 lauram
1306 1429 1434 1491 Moesiae
1466 1432 1541 1490 inter
1568 1429 1700 1492 homines

308 1531 313 1542 ·
358 1515 515 1592 vulgaret?
537 1532 575 1576 arr
597 1517 694 1596 potius
716 1513 861 1591 dicamus,
883 1515 980 1577 Deum
1002 1519 1096 1595 ipsum
1119 1534 1197 1592 esse,
1231 1520 1282 1594 qui
1303 1535 1368 1578 curn
1390 1519 1488 1577 omnia
1509 1516 1608 1579 ordine
1630 1525 1701 1595 agat

360 1619 489 1688 rurnqnet
503 1601 644 1662 mundum
666 1601 744 1664 huuc
764 1601 910 1678 mobilem,
933 1602 964 1663 id
986 1611 1030 1665 est
1051 1603 1186 1682 planetas
1208 1605 1339 1681 interque
1357 1621 1408 1665 eos
1423 1604 1540 1666 Terram
1562 1605 1700 1682 pulcher·

359 1693 428 1752 rirno
452 1689 555 1752 ordine
578 1688 753 1768 condiderit,
784 1691 850 1768 qul,
879 1693 1015 1769 iuquam,
1047 1692 1144 1753 adhuc
1173 1687 1304 1770 ejusdem
1333 1693 1427 1769 operis
1454 1694 1500 1751 sui
1523 1692 1641 1753 coecus
1671 1700 1700 1753 ot

361 1775 583 1852 decretarum
612 1777 746 1855 dignetur
778 1777 1046 1841 accommodatione
1083 1780 1206 1840 abarum
1233 1777 1435 1857 prouidentiae
1462 1797 1533 1840 suae
1556 1779 1699 1857 operum?

361 1866 432 1926 Ecce
455 1867 534 1952 euim
550 1863 695 1926 Christum
721 1866 801 1926 nasci
830 1863 924 1928 voluit
955 1867 1009 1928 sub
1032 1867 1263 1944 conjunctionem
1291 1869 1461 1942 maximam,
1492 1882 1551 1926 non
1580 1869 1698 1943 ignarus

361 1955 459 2030 utiquc
480 1959 659 2031 temporum,
690 1970 745 2014 nac
761 1951 917 2031 negligens
946 1956 992 2014 sui
1015 1953 1131 2016 ordinis.
1176 1952 1217 2016 Ut
1243 1957 1286 2015 ita
1306 1954 1388 2014 Deus
1415 1971 1474 2014 uon
1495 1955 1561 2015 idco
1583 1960 1699 2031 tempus

361 2041 413 2102 hoc
435 2041 650 2121 commoverit,
672 2043 741 2118 quia
762 2040 894 2102 homines
916 2040 954 2101 ad
975 2058 1011 2102 ea
1032 2045 1114 2104 varia
1129 2042 1340 2127 'superstitione
1365 2043 1536 2119 respiciunt,
1559 2040 1610 2102 sed
1632 2041 1698 2102 ideo

360 2127 507 2188 hominum
531 2129 644 2189 animos
665 2128 739 2190 tales
763 2127 922 2190 condiderit
942 2128 1098 2209 taliterque
1120 2138 1247 2205 moreat,
1270 2131 1340 2207 quia
1355 2135 1384 2189 et
1406 2131 1469 2208 ipse
1491 2127 1528 2189 ad
1545 2127 1600 2189 has
1622 2135 1699 2189 tem·

361 2231 463 2293 porum
484 2223 573 2277 notas
594 2216 723 2293 respicit.
768 2213 835 2302 Alia
857 2216 895 2276 ab
916 2215 972 2277 hac
999 2225 1030 2278 et
1049 2223 1148 2296 prpraq
1170 2219 1266 2293 magis
1287 2223 1332 2277 est
1348 2219 1495 2293 quaestio:
1520 2233 1566 2290 au,
1590 2215 1700 2293 siquid

360 2304 439 2365 Deus
460 2303 536 2365 velit
556 2303 724 2364 bominibus
746 2303 908 2381 siguificare
929 2321 982 2381 per
1004 2311 1097 2366 certos
1121 2306 1268 2379 homines,
1298 2321 1397 2365 eorum
1419 2311 1489 2364 tuuc
1510 2303 1621 2364 artibus
1643 2321 1700 2362 ra·

361 2393 462 2468 nisque
494 2391 749 2452 observationibus
772 2389 810 2450 ad
825 2390 985 2452 monendos
1006 2391 1086 2470 ipsos
1115 2391 1239 2452 utatmi
1282 2391 1332 2452 Sic
1345 2391 1485 2451 Bidinus
1506 2390 1599 2450 multa
1629 2406 1700 2450 con-

359 2479 436 2557 Jorit,
459 2495 539 2556 quae
560 2477 697 2556 probaiit
719 2483 849 2554 eventus,
873 2495 944 2539 usus
967 2481 1134 2540 ramesimls
1156 2480 1285 2542 Arabum
1306 2479 1433 2556 regulis3
1461 2477 1701 2554 Lichtenbergius

361 2583 429 2628 vero
450 2565 578 2644 plurima
601 2564 688 2643 hujus
709 2567 823 2644 generis
844 2565 948 2641 habet,
982 2568 1037 2627 nisi
1060 2566 1146 2628 fallor
1176 2574 1205 2633 et
1227 2564 1256 2625 in
1279 2565 1406 2641 antiquis
1427 2565 1589 2643 prophetis,
1617 2567 1647 2624 iu
1670 2564 1701 2626 S.

363 2653 496 2732 lirigtttu,
520 2652 675 2714 Joachirno
697 2660 751 2714 etc.
773 2653 845 2713 talia
865 2645 973 2714 ihsuut.
1020 2655 1126 2715 Daniel
1154 2653 1298 2732 propbeta
1325 2653 1381 2712 fuit
1402 2654 1551 2713 institutus
1577 2655 1607 2710 iu
1628 2649 1702 2714 doc·

363 2743 436 2802 trina
458 2739 689 2814 Chaldaeorum,
720 2741 803 2816 cujus
825 2755 892 2819 pars
914 2748 961 2801 est
981 2741 1017 2803 de
1040 2744 1219 2826 ingressibus
1241 2756 1397 2824 annorum,
1427 2739 1463 2801 de
1483 2741 1573 2801 initiis
1594 2755 1702 2818 regno·

363 2845 442 2909 rum,
465 2827 503 2890 de
527 2825 743 2904 quadrangulis,
767 2826 803 2887 de
826 2827 1011 2906 Capricorno,
1036 2827 1144 2890 Ariete.
1188 2830 1226 2888 Et
1248 2834 1315 2889 ecce
1337 2844 1413 2888 anuo
1434 2829 1527 2905 primo
1549 2827 1630 2887 Darii
1654 2829 1702 2887 vi-

364 2913 411 2976 det
431 2916 565 2976 Arietem
586 2919 616 2976 st
636 2913 756 2975 Hirrum
777 2921 973 2992 pugnantomr
1005 2916 1074 2994 quid
1096 2918 1121 2976 si
1149 2933 1185 2977 ex
1206 2918 1383 2976 aeconomia
1413 2917 1477 2992 quis
1501 2920 1584 2976 eruat
1604 2913 1704 2974 homa

365 3002 489 3064 mdeste
512 3005 543 3062 iu
565 3003 683 3062 introitu
706 3004 784 3082 anui,
805 3003 857 3074 ubi
877 3005 1057 3079 superiorum
1079 3020 1155 3064 unus
1175 3005 1205 3062 in
1229 3003 1413 3081 Capricorno,
1437 3002 1509 3063 alter
1529 3004 1559 3060 in
1579 3000 1703 3062 husie?

365 3089 422 3151 sed
442 3091 485 3150 sti
508 3089 551 3154 sti
573 3105 610 3150 ne
633 3090 699 3168 quis
712 3090 965 3168 superciliosorum
980 3091 1089 3152 nudam
1105 3093 1300 3169 oramrcprrin
1316 3092 1422 3151 crimen
1436 3088 1620 3151 manifestum
1640 3093 1703 3147 tra-

364 3175 422 3238 hat.
467 3175 527 3237 Hic
547 3176 636 3252 igitur
657 3175 738 3238 soleo
762 3192 831 3236 sane
854 3175 965 3254 aliquid
987 3181 1112 3240 tribuam
1134 3179 1253 3240 eventui
1267 3175 1506 3256 praedictionum,
1528 3181 1562 3235 ut
1581 3177 1611 3232 in
1625 3175 1701 3235 libro

363 3263 399 3325 de
421 3262 518 3325 Stella
539 3269 569 3325 et
590 3269 690 3324 coutm
712 3263 872 3324 lidslinum.
908 3263 958 3325 'At
980 3268 1122 3341 edsfimo,
1144 3266 1306 3342 legitimum
1327 3263 1392 3326 esse
1413 3263 1546 3324 medium
1564 3261 1700 3340 negando

365 3351 485 3412 damae
508 3357 622 3428 praeter
644 3367 691 3426 aa,
722 3368 797 3428 quae
819 3357 852 3411 tu
874 3353 1035 3431 sapienter,
1065 3356 1104 3427 si,
1128 3354 1179 3428 qui
1201 3354 1320 3427 scribit,
1341 3351 1410 3413 mali
1433 3353 1521 3413 moris
1542 3347 1631 3410 bomo
1653 3351 1701 3422 sit,

365 3439 517 3500 adecdbus
537 3439 674 3516 rapiatur,
697 3437 809 3499 iurem
829 3449 911 3498 enum
934 3445 1020 3517 agat,
1043 3447 1179 3502 votorum
1199 3457 1317 3501 suorum
1339 3437 1514 3518 προξοτητης
1535 3439 1581 3502 sit
1624 3437 1702 3503 Nam

366 3541 422 3604 quo
443 3524 513 3604 pius
534 3523 668 3598 huminis,
690 3524 748 3586 hoc
769 3527 864 3586 minus
886 3527 943 3587 Dei
966 3535 1010 3588 est
1032 3529 1061 3586 in
1083 3529 1209 3588 homine.
1252 3527 1408 3587 Pmmerea
1430 3534 1459 3587 et
1479 3525 1536 3586 hoc
1557 3524 1628 3584 mrhi
1650 3541 1717 3585 ca-·

365 3610 507 3685 rendum,
530 3629 586 3686 ne,
609 3612 657 3688 qui
678 3612 832 3689 plurimum
854 3613 950 3675 tribuo
973 3615 1237 3676 characterisationi
1264 3617 1369 3675 mentis
1391 3613 1535 3673 hnmanae
1566 3619 1704 3674 amente

366 3702 504 3761 uranica
525 3701 555 3758 in
572 3699 765 3774 naturalibus,
788 3700 865 3761 idem
888 3718 942 3778 ego
964 3710 1130 3781 suspectum
1145 3703 1251 3762 iaciam
1272 3701 1329 3762 hoc
1344 3703 1493 3779 negotium
1516 3696 1703 3775 adjunctione

364 3785 444 3847 illius
467 3785 720 3848 condescensionis
752 3789 782 3846 iu
804 3788 891 3848 rebus
913 3789 1096 3864 arbitrariis,
1121 3791 1216 3866 quusi'
1231 3791 1368 3866 utrinque
1397 3787 1474 3849 idem
1503 3781 1588 3864 agam
1611 3791 1704 3863 aeque

365 3891 443 3936 rano
465 3880 582 3934 musto.
628 3872 695 3950 Qus
716 3873 833 3951 quidam
855 3877 1000 3937 mentione
1022 3878 1136 3955 aufugit
1155 3876 1227 3936 milri
1249 3879 1363 3936 animus
1387 3876 1426 3936 ab
1447 3875 1504 3935 hac
1526 3873 1705 3934 condescen-

365 3964 446 4024 sione
478 3967 509 4023 ct
527 3960 735 4040 providentiae
764 3962 900 4040 operibus
921 3962 960 4023 ad
988 3964 1068 4024 illam
1094 3965 1397 4024 characterisationem
1427 3969 1456 4023 ot
1485 3960 1637 4041 naturam,
1666 3960 1705 4020 ad

366 4067 455 4127 quarn
477 4047 754 4125 coniugiumhabet
775 4050 923 4136 usitatum.
966 4049 1068 4112 locari
1088 4058 1128 4128 te,
1150 4053 1209 4124 ais,
1231 4053 1261 4109 iu
1283 4052 1430 4112 mentione
1450 4049 1704 4129 protoplastomm,
1743 4124 1756 4134 ι

366 4145 428 4196 taur'
447 4135 615 4208 hominum,
646 4151 734 4212 qnam
754 4135 927 4214 figurarum
957 4141 1056 4200 nescio
1086 4157 1124 4199 au
1148 4139 1262 4217 iocanti
1283 4137 1385 4199 deceat
1411 4137 1636 4198 admonitionem
1657 4137 1706 4200 in·

365 4241 475 4302 gerare
520 4221 587 4282 Non
609 4221 743 4299 equidem
764 4223 922 4302 probandi,
952 4224 1004 4286 sed
1033 4225 1197 4286 illustmudt
1225 4227 1322 4288 auimo
1349 4227 1516 4303 comparari
1538 4225 1612 4297 issar
1640 4224 1706 4281 risa

366 4305 443 4374 cuiun
466 4316 513 4372 ast
532 4311 635 4369 miram
656 4308 820 4370 exhibitura
843 4309 1068 4387 delectacionem,
1087 4321 1116 4374 et
1131 4313 1248 4382 omnino
1271 4314 1355 4390 quasi
1370 4315 1463 4374 inrito
1485 4327 1584 4371 aurem
1598 4307 1705 4370 vellere

367 4397 404 4460 ad
426 4395 614 4478 cogitandum
637 4393 673 4457 de
694 4397 900 4458 occultioribus
922 4407 952 4458 et
972 4398 1128 4461 reconditis
1149 4402 1291 4475 sensibus,
1314 4398 1367 4459 sed
1388 4400 1479 4475 maie3
1507 4415 1572 4459 cunr
1595 4394 1705 4456 oderim

367 4481 661 4558 omnes'cabalistas,
683 4488 842 4561 temperari
864 4485 935 4545 mihi
958 4486 1159 4566 hic'quoqua
1184 4505 1222 4549 ne
1245 4503 1360 4551 sensum
1383 4489 1541 4564 scripturae
1564 4482 1706 4544 literalem

367 4573 396 4632 in
417 4572 542 4633 dubium
563 4587 707 4646 vocarem
730 4578 782 4631 aut
804 4575 873 4632 certi
898 4573 966 4649 quid
989 4581 1162 4652 statuerem,
1194 4578 1279 4652 quasi
1301 4574 1433 4635 homines
1454 4574 1523 4632 lacti
1546 4569 1583 4631 ad
1606 4583 1707 4632 exem-

366 4659 447 4740 pluur
467 4658 635 4735 figurarum,
657 4661 826 4737 praesertim
848 4674 922 4720 curn-
936 4659 1031 4722 Adam
1053 4679 1112 4724 non
1133 4664 1220 4722 inerit
1241 4668 1369 4742 ὅιγαμος,
1392 4667 1425 4720 ut
1446 4663 1501 4720 iste
1524 4659 1629 4734 cubus,
1652 4675 1708 4720 nec

368 4751 495 4810 mestus
517 4754 548 4808 et
568 4749 696 4807 munaus
718 4748 756 4805 sit
785 4747 815 4804 in
838 4745 966 4824 aliquam
995 4747 1083 4810 aliam
1106 4749 1235 4823 ilerum,
1264 4754 1297 4808 ut
1320 4748 1411 4808 cubus
1441 4749 1470 4804 in
1496 4745 1706 4821 deterremus,

251 4825 253 4908 ζ
366 4835 423 4895 uisi
444 4835 520 4894 torte
546 4834 577 4891 in
599 4832 799 4912 sepulchrum,
830 4851 895 4894 curn
922 4853 981 4913 quo
1008 4853 1061 4897 suo
1085 4838 1254 4897 indumento
1281 4836 1382 4913 genuit
1405 4848 1518 4896 vermes
1540 4837 1709 4903 notescere

251 4935 252 4972 ἰ
366 4921 432 4983 loco
460 4923 634 4999 uoiorspoc.
666 4919 725 4980 ·Ita
754 4919 914 4998 quaedam,
955 4925 1043 4984 etiam
1070 4925 1308 4995 conennrsrtma,
1347 4929 1414 4981 suut
1441 4929 1537 4983 umen
1570 4921 1707 4996 fortuita3

368 5025 444 5087 quae
466 5015 564 5069 tannen
592 5007 711 5068 fortuita
735 5007 953 5071 nouandarum
980 5010 1091 5086 dicere,
1121 5012 1161 5070 ob
1183 5009 1399 5087 congruentiam
1421 5015 1481 5071 taur
1502 5011 1621 5082 miram,
1650 5008 1708 5066 uisi

369 5097 580 5173 dbcrspmtiae
602 5111 720 5172 quoquc
741 5097 771 5154 in
793 5113 824 5157 re
845 5098 911 5175 ipss
932 5105 1113 5160 occurrerent
1132 5099 1267 5175 raugia
1406 5148 1412 5160 .

454 5179 493 5266 2)
507 5184 553 5245 De
566 5177 802 5268 proportionibus
811 5201 938 5262 aequum
952 5185 1092 5274 postulas,
1106 5194 1140 5248 ut
1153 5187 1207 5250 tibi
1220 5185 1443 5250 masstcmaticus
1456 5199 1512 5261 ego
1527 5179 1709 5244 erudiatior
1761 5229 1765 5236 .
