4467 6192
540 649 603 709 att
953 644 995 698 De
1014 640 1279 713 Gonfignretionibus
1297 641 1476 699 Hemonicis.

539 824 618 883 tione
640 829 756 899 partum
778 824 951 898 insequitur.
995 820 1037 883 Ut
1065 824 1107 883 ita
1138 823 1291 900 impressio
1313 821 1386 883 haec
1407 822 1543 884 coelestis
1564 840 1624 885 nou
1648 828 1801 903 quiescens
1820 832 1882 889 tan-

540 916 603 971 tum
626 910 727 983 duret,
749 909 801 970 sed
824 912 912 972 etism
936 910 1067 971 durando
1096 924 1162 971 sese
1184 917 1266 971 motu
1290 912 1468 973 extensionis
1498 913 1528 970 in
1550 911 1685 989 longiora
1711 914 1793 973 vitas
1813 921 1882 973 tern-

538 1014 613 1076 pora
633 1004 787 1079 propaget
831 997 974 1058 Nimirum
1002 999 1076 1058 haec
1097 998 1224 1060 facultas
1255 1014 1314 1056 uon
1336 1004 1451 1057 tantum
1480 998 1606 1060 circulus
1630 1007 1689 1074 est,
1719 999 1773 1060 666
1794 1008 1882 1061 motus

540 1093 586 1146 ost
607 1086 757 1145 circularis
779 1084 893 1159 idealis,
918 1093 948 1145 et
970 1088 994 1145 is
1017 1089 1169 1160 geminum
1200 1083 1408 1161 eademque,
1431 1095 1633 1164 permotum,
1664 1090 1753 1148 etiam
1776 1094 1883 1166 tempus

539 1172 645 1232 idecle.
692 1172 769 1232 Vide
798 1191 889 1249 snpra
911 1172 961 1233 fol.
985 1176 1049 1233 220
1071 1174 1170 1234 Procli
1193 1173 1294 1232 verba.
1340 1172 1432 1248 Cujus
1462 1176 1503 1233 rel
1535 1173 1700 1254 exemplum
1731 1193 1884 1235 rursuma

539 1262 688 1333 memorie,
712 1277 789 1336 qnae
810 1259 901 1337 paulo
924 1263 1058 1337 superior
1081 1268 1127 1322 est
1149 1259 1283 1334 facultas,
1306 1268 1406 1337 petere
1427 1278 1594 1337 possumus.
1638 1264 1713 1322 Nam
1737 1266 1766 1321 in
1789 1262 1884 1322 tabula

539 1347 657 1425 quidem
679 1350 839 1424 pinguntur
860 1365 908 1408 res
929 1356 1043 1408 tanturn
1066 1366 1131 1408 cnm
1156 1350 1373 1408 circumstantia
1395 1348 1468 1423 loci,
1501 1350 1530 1407 in
1553 1353 1694 1410 memoria
1715 1368 1788 1411 vero
1820 1367 1884 1411 cun·

539 1442 693 1496 servantur
714 1454 760 1495 res
783 1443 884 1512 gestae
907 1439 997 1496 etism
1022 1454 1086 1496 cum
1111 1437 1278 1496 charactere
1301 1438 1459 1511 temporisg
1488 1435 1614 1514 denique
1637 1440 1666 1497 in
1689 1437 1746 1498 hoc
1769 1440 1882 1515 negotio

540 1523 731 1583 directionum
763 1524 914 1583 character
943 1526 1052 1584 situum
1082 1530 1112 1584 et
1140 1530 1272 1584 motuum
1300 1530 1430 1599 temporo
1461 1522 1647 1585 decursorum
1680 1525 1886 1602 multiplicatur

539 1613 569 1669 in
592 1611 785 1687 operationes,
809 1611 967 1671 observata
988 1613 1177 1689 proportione
1200 1610 1300 1672 sensili
1323 1610 1473 1671 mundana
1493 1612 1686 1673 revolutionis
1709 1612 1832 1673 dimnae
1852 1612 1885 1672 66

480 1759 488 1769 ι
538 1696 761 1758 translationem
790 1699 846 1758 sub
873 1698 996 1760 andiaco
1027 1717 1172 1775 annnam3
1204 1701 1247 1759 sic
1274 1707 1308 1757 ut
1337 1700 1521 1775 operationes
1551 1700 1613 1776 jam
1644 1701 1752 1761 distent
1779 1703 1886 1760 rationo

539 1787 678 1863 temporis
701 1804 720 1846 a
741 1786 803 1845 suis
826 1785 960 1872 stimulis.
1006 1788 1133 1863 Dixeris,
1157 1788 1311 1865 cumipse
1335 1802 1454 1862 corpore
1475 1789 1538 1847 nati
1568 1805 1696 1851 crescere
1725 1795 1755 1849 et
1778 1796 1886 1865 tempus

540 1874 715 1934 characteris
738 1870 917 1949 genethliaci
938 1882 1081 1935 motuum.

625 1959 772 2039 Quicquid
802 1962 893 2037 igitur
922 1963 1062 2039 astrologi
1095 1960 1133 2022 de
1166 1963 1245 2024 vitea
1275 1959 1461 2036 longitudine
1493 1961 1661 2037 praedicere
1695 1980 1732 2024 sx
1761 1963 1886 2023 themata

463 2122 468 2137 ἱ
537 2057 741 2127 praesumunt,
770 2056 864 2107 toturn
886 2048 960 2108 illud
983 2052 1011 2108 in
1034 2050 1092 2110 hoc
1123 2054 1212 2127 caput
1235 2050 1427 2109 contrahitur:
1457 2047 1646 2109 directionum
1671 2049 1834 2128 praeludiis
1856 2069 1886 2110 ar

539 2138 677 2197 thematis
699 2134 876 2212 genethliaci
899 2138 991 2197 velati
1013 2138 1128 2215 pulpito
1152 2136 1273 2197 sitalem
1289 2136 1464 2203 ,facultatem
1487 2137 1726 2212 informantibus,
1750 2156 1811 2213 quo
1835 2156 1886 2216 po·

538 2226 684 2285 tissimum
706 2241 783 2284 anno
807 2225 887 2284 vitae
910 2224 1064 2284 humarum
1088 2242 1164 2283 unns
1187 2223 1234 2284 vel
1259 2223 1332 2283 alter
1354 2222 1521 2282 redundans
1544 2242 1717 2303 excerpere
1740 2224 1886 2285 exturbari

538 2320 591 2373 sut
621 2310 773 2370 sollicitari
804 2310 926 2386 debeat,
957 2312 1094 2372 stimulus
1125 2315 1151 2371 is
1182 2320 1226 2371 est
1255 2319 1377 2371 naturae
1408 2310 1446 2370 66
1474 2313 1673 2387 peragendum
1704 2330 1780 2390 opus
1804 2330 1886 2373 suum

539 2399 812 2478 exbacrdinarinm,
835 2398 914 2475 quod
936 2401 1016 2461 vitae
1038 2398 1242 2478 prorogandae
1265 2399 1359 2471 cedat,
1382 2416 1460 2457 mors
1477 2400 1512 2457 'in
1527 2404 1621 2474 astris,
1642 2404 1673 2459 in
1697 2401 1838 2474 themate,
1861 2404 1887 2459 iu

539 2487 699 2563 directions
721 2486 812 2559 nulla,
835 2486 943 2546 nedum
965 2491 1067 2548 variae
1089 2489 1192 2547 mortis
1207 2487 1332 2560 formae3
1355 2488 1476 2546 materia
1493 2491 1621 2564 corporis
1636 2494 1690 2559 esi,
1713 2506 1791 2565 quae
1806 2488 1888 2548 liam·

539 2593 618 2645 mam
641 2571 720 2634 'vitae
742 2574 790 2634 vel
813 2574 959 2635 inundans
981 2577 1128 2653 opprimit,
1151 2574 1200 2633 vel
1224 2574 1360 2634 deficiens
1383 2572 1499 2647 deserit,
1522 2592 1597 2650 quae
1620 2583 1743 2635 naturae
1765 2584 1887 2635 conatus

539 2661 663 2739 impedit
684 2662 781 2739 adque
803 2664 961 2738 perniciem
983 2662 1152 2745 detorquet3
1176 2664 1328 2739 peccatum
1352 2670 1404 2735 est,
1428 2660 1507 2737 quod
1526 2678 1618 2738 genus
1633 2664 1794 2723 humanum
1817 2680 1889 2724 con-

539 2767 623 2811 cesso
647 2749 716 2810 clim
739 2749 967 2813 immortalitatis
988 2750 1117 2811 remedio
1139 2753 1276 2827 privarit,
1301 2750 1378 2826 quod
1402 2751 1561 2809 etiamnum
1584 2750 1722 2826 angelum
1738 2750 1888 2811 custodem

539 2836 673 2898 atutela
703 2839 785 2897 vitae
807 2844 909 2896 contra
932 2837 1124 2912 daemonnm,
1154 2836 1304 2897 hominum
1335 2837 1604 2914 elementorumque
1631 2837 1759 2897 insultus
1786 2838 1888 2913 abigit,

538 2925 670 3002 impedit,
693 2924 818 3002 repellit
863 2924 923 2985 Sed
946 2925 982 2986 66
1004 2925 1060 2986 lrac
1082 2944 1114 2985 re
1136 2925 1269 3003 pluribus
1289 2924 1435 3001 agendum
1449 2931 1526 2985 esset
1547 2928 1576 2983 in
1590 2925 1761 3003 astrologis
1783 2928 1890 3001 egique

541 3031 600 3073 non
631 3015 749 3073 concise
780 3014 903 3073 nimium
936 3015 967 3073 ln
994 3012 1069 3074 libro
1097 3013 1134 3075 ds
1157 3012 1251 3073 Stella
1273 3003 1333 3072 fol.¹
1348 3015 1399 3073 43.
1430 3019 1460 3072 et
1488 3014 1517 3069 in
1547 3012 1647 3073 Tertio
1671 3013 1890 3074 Intervenieuts

541 3119 621 3160 num.
648 3102 697 3160 66.
722 3108 852 3178 etseq,
882 3108 913 3161 et
933 3101 1008 3161 forta
1031 3104 1098 3173 erit,
1130 3107 1163 3161 ui
1191 3100 1281 3159 libros
1303 3099 1373 3159 Joi.
1397 3100 1462 3159 Pici
1483 3099 1681 3161 Mirandulani
1712 3118 1778 3160 cum
1810 3118 1892 3161 com·

540 3190 683 3249 menteris
706 3189 807 3262 edam,
832 3190 857 3247 si
879 3206 927 3248 me
948 3206 1009 3249 rem
1031 3188 1173 3248 studiosis
1195 3186 1401 3265 philosophias
1423 3194 1536 3265 gaiam
1558 3189 1702 3248 facturum
1730 3188 1891 3267 intelligam

539 3294 593 3337 nec
616 3275 721 3336 mediis
743 3278 917 3336 necessariis
939 3276 1020 3336 fuero
1043 3276 1209 3336 destitutus.
1697 3314 1702 3325 ι

590 3426 595 3440 ,
627 3363 720 3435 Nunc,
744 3364 815 3439 quia
837 3363 875 3423 ad
897 3362 984 3423 finem
997 3379 1132 3441 propero,
1155 3364 1401 3441 comparationem
1417 3362 1594 3439 subjungam
1610 3364 1709 3423 vitalis
1729 3365 1758 3421 in
1773 3362 1891 3423 homine

539 3451 693 3511 facultatis
723 3468 788 3509 cum
819 3454 918 3509 anima
940 3451 1081 3524 Telluris,
1113 3468 1204 3511 cansa
1234 3450 1360 3509 influxus
1389 3450 1574 3524 coelestium,
1608 3451 1786 3528 videturque
1819 3442 1891 3510 haec

543 3555 619 3609 6666,
642 3537 722 3613 qnod
745 3538 843 3596 anima
864 3536 972 3598 Terrae
994 3538 1120 3598 circulus
1141 3537 1218 3611 talis,
1242 3538 1292 3613 qui
1314 3539 1448 3615 nuspiam
1470 3538 1580 3599 habeat
1598 3540 1712 3597 initium
1735 3538 1784 3598 vel
1807 3538 1891 3597 finem

539 3640 595 3685 nec
620 3625 658 3685 ab
681 3624 782 3701 aliqua
811 3627 857 3684 sui
879 3631 963 3703 parts
990 3628 1029 3685 sit
1049 3642 1158 3699 nexus,
1189 3632 1221 3685 at
1242 3624 1368 3685 hominis
1397 3624 1522 3684 facultas
1548 3624 1648 3685 vitalis
1678 3624 1789 3685 circulo
1812 3643 1893 3685 conr-

539 3720 669 3790 paratur,
693 3730 712 3771 a
734 3710 870 3787 pluribus
893 3714 1009 3791 punctis
1031 3712 1124 3773 veluti
1147 3730 1239 3787 nexo;
1263 3718 1421 3786 causaest,
1445 3715 1515 3789 quia
1531 3714 1727 3779 characterem
1750 3728 1893 3788 geneseos

542 3802 643 3859 anima
664 3799 773 3859 Terrae
795 3800 907 3859 nullum
931 3800 1037 3872 habet,
1066 3817 1132 3860 cnm
1155 3816 1271 3877 semper
1293 3797 1395 3860 eadem
1418 3807 1549 3875 maneat,
1583 3818 1734 3877 nunquam
1757 3808 1894 3861 6666666

542 3894 595 3947 sat
617 3886 799 3961 incendatur,
822 3886 949 3947 hominis
971 3905 1042 3948 rere
1064 3891 1206 3949 nativitas
1228 3904 1330 3947 recens
1351 3888 1495 3963 mortique
1509 3890 1673 3965 propinqua
1695 3888 1893 3949 characterem

541 3982 623 4036 6666
645 3977 692 4034 sni
715 3978 845 4052 recepit,
876 3976 926 4051 qui
954 3975 1107 4035 andiacum
1130 3979 1216 4036 certis
1239 3976 1314 4033 initii
1337 3973 1462 4050 finisque
1479 3978 1601 4051 punctis
1624 3978 1814 4052 interpungit.
1861 3974 1895 4034 iit

540 4062 653 4123 Telluri
676 4061 810 4138 quidem,
845 4065 980 4139 quamvis
1010 4064 1207 4124 characterem
1237 4061 1453 4138 genethliacum
1484 4066 1638 4141 exprime
1662 4062 1708 4123 die
1740 4064 1895 4123 creationis

498 4215 501 4222 ,
542 4151 665 4225 tribuas,
688 4156 782 4209 totum
811 4158 909 4211 tamen
933 4149 1008 4211 coeli
1031 4154 1159 4229 spatium
1183 4167 1298 4227 semper
1320 4148 1362 4205 illi
1386 4156 1431 4209 eet
1453 4150 1592 4230 obvium,
1624 4150 1696 4208 nihil
1719 4152 1750 4208 in
1772 4149 1825 4209 illo
1848 4168 1895 4209 ra-

540 4240 651 4301 tionem
681 4225 771 4298 habet
803 4240 938 4316 principii
965 4239 1087 4319 finisve,
1119 4247 1199 4298 artus
1230 4254 1409 4311 occasusve3
1438 4236 1548 4296 homini
1577 4237 1746 4315 superficies
1767 4236 1895 4296 Telluris

543 4326 696 4386 dimidium
718 4321 794 4385 coeli
817 4326 955 4398 occultat,
980 4332 1061 4386 crtus
1083 4332 1114 4387 et
1136 4332 1258 4386 occasus
1281 4326 1366 4400 signa
1390 4323 1551 4401 distinguit.
1597 4325 1684 4385 Patet
1700 4326 1791 4401 igitur
1813 4342 1894 4384 corn-

540 4415 704 4493 parationis
725 4414 811 4473 ratio.
857 4413 1002 4489 Adeoque
1032 4431 1104 4474 vcra
1133 4420 1178 4475 est
1198 4414 1273 4473 haec
1295 4414 1476 4488 comparatio
1499 4412 1598 4472 vitalis
1629 4414 1660 4470 in
1681 4418 1751 4473 actu
1783 4414 1896 4473 consti·

541 4510 623 4562 tutae
645 4500 796 4562 facultatis
819 4519 885 4562 cnm
908 4499 1016 4560 circulo
1038 4518 1115 4561 neno
1140 4520 1176 4561 ex
1199 4502 1284 4561 certis
1306 4502 1437 4575 punctis,
1467 4506 1501 4559 ut
1523 4503 1612 4561 etiam
1640 4501 1695 4559 sub
1717 4500 1895 4577 principium

541 4590 637 4649 morbi
658 4586 722 4667 (qui
743 4605 824 4648 6666
846 4590 932 4665 quasi
955 4589 1018 4646 vita
1040 4596 1098 4661 est,
1129 4600 1209 4648 6666
1230 4604 1272 4647 sc.
1296 4588 1414 4663 energia
1436 4585 1535 4647 vitalis
1562 4586 1712 4647 facultatis
1741 4604 1795 4646 seu
1819 4590 1896 4647 actio

541 4676 605 4753 ejus
628 4675 874 4750 exhacrdinaria,
906 4675 1064 4749 naturalis,
1088 4684 1204 4750 praeter
1225 4682 1359 4734 naturam
1387 4682 1486 4736 temen
1509 4676 1725 4735 constitutionis
1757 4676 1896 4737 usitatae.

540 4764 693 4823 humorem
715 4766 835 4824 nemum
859 4782 875 4824 e
898 4780 1019 4839 corpore
1041 4765 1196 4824 exturbare
1218 4758 1327 4840 nitens)
1348 4761 1441 4835 locus,
1465 4780 1552 4837 quem
1575 4762 1661 4822 Luna
1681 4760 1825 4840 possedit,
1850 4764 1896 4820 in·

540 4851 613 4910 fluat
634 4852 665 4908 in
688 4853 816 4911 animam
843 4855 962 4929 vimque
986 4853 1133 4927 concipiet
1155 4850 1246 4911 veluti
1278 4866 1367 4909 verae
1396 4848 1523 4927 alicujus
1546 4850 1666 4924 Lunae,
1694 4852 1724 4908 in
1752 4840 1811 4909 ho'c
1840 4866 1895 4908 sno

541 4937 634 5016 gradu
656 4939 830 5013 immobilis3
859 4940 898 4999 ad
921 4940 1005 5016 cnjus
1028 4938 1173 5015 quadrata
1196 4944 1225 4998 et
1248 4938 1385 5015 opposita
1406 4937 1474 4997 loca
1501 4940 1527 4997 si
1550 4938 1635 4999 Luna
1658 4953 1729 4997 vera
1755 4939 1784 4995 in
1809 4937 1895 4998 coelo

542 5026 723 5106 pervenerit,
754 5032 860 5085 natura
881 5027 1008 5087 hominis
1037 5025 1242 5087 exstimulatur
1268 5024 1307 5085 66
1336 5024 1551 5103 agonisaudum
1579 5043 1645 5087 cum
1669 5022 1782 5085 morbo.
1830 5024 1896 5085 Hac
