4467 6192
950 662 1094 734 nporoga.
1380 758 1386 773 .
1631 674 1695 735 car

339 838 439 915 ipsum
463 840 501 898 ab
525 840 783 901 observationibus
812 841 919 901 babere
942 843 1151 902 testimouium.
1196 842 1323 911 Rursum
1351 862 1409 904 non
1432 852 1477 910 est
1506 844 1695 923 superfluum,

338 925 482 1000 Roberte,
506 930 603 988 causis
626 930 766 1000 inuentis,
791 930 897 1004 quibus
922 932 1015 988 coteri'
1032 942 1168 1006 aspectus
1190 930 1292 991 tierent
1314 933 1463 1006 eiiiceoea,
1488 933 1602 1005 ridere,
1625 952 1697 995 num

340 1012 465 1073 eaedem
497 1032 603 1075 musea
633 1018 794 1093 reciperent
822 1019 910 1077 etism
941 1016 1016 1075 alios
1039 1018 1168 1076 nondum
1201 1021 1407 1079 observatione
1431 1022 1637 1097 comprobatos
1666 1028 1696 1081 ct

340 1117 403 1177 qao
418 1119 565 1177 quemque
580 1103 682 1177 gradu,
706 1103 869 1179 eademque
885 1122 1022 1163 mensma
1038 1107 1125 1164 etiam
1142 1106 1346 1167 efficacitatcm
1366 1106 1423 1166 iilis
1439 1108 1583 1181 admetiri,
1606 1112 1695 1168 etiam

337 1191 415 1247 citra
438 1190 683 1252 obseruationem.
730 1188 767 1249 Ut
791 1193 861 1267 qnia
892 1208 999 1251 cauisse
1023 1201 1195 1270 aspectuum
1218 1210 1276 1250 non
1300 1193 1459 1254 excludunt
1482 1194 1617 1270 docilem,
1641 1199 1696 1255 tri-

340 1276 487 1349 deciiem,
516 1276 707 1353 sequadrum,
741 1277 947 1355 sesquadrum,
981 1297 1076 1355 neque
1112 1290 1208 1339 tamen
1238 1280 1396 1339 admittunt
1429 1282 1496 1340 iiios
1517 1286 1575 1340 nisi
1597 1296 1696 1342 remo·

341 1366 459 1423 tissime
482 1364 572 1439 gradu
596 1374 662 1440 post
685 1365 761 1423 alios
783 1376 886 1439 notos,
910 1368 1035 1443 pertinet
1057 1369 1147 1443 igitur
1167 1368 1207 1427 ad
1230 1385 1382 1429 musarum
1406 1370 1525 1427 istarum
1548 1373 1698 1445 cognitio-

338 1467 418 1523 nem,
442 1470 479 1511 ne
502 1452 556 1510 bos
578 1450 695 1529 quidem
719 1454 972 1513 commemorando
995 1458 1160 1531 praeterire,
1184 1458 1319 1531 quamvis
1342 1456 1380 1513 ad
1403 1455 1470 1514 iilos
1493 1457 1695 1517 observandos

337 1554 400 1596 non
433 1556 540 1614 magna
570 1557 722 1599 causarum
754 1540 942 1603 dicendarum
965 1544 1139 1602 necessitate
1168 1544 1384 1619 adstringimur.
1430 1542 1559 1602 Possunt
1582 1548 1696 1619 ecipuu

338 1634 368 1685 ct
390 1626 520 1687 obserare
542 1629 572 1683 iu
595 1630 799 1705 experimentis
822 1629 970 1704 capiendis
994 1633 1204 1709 praetermitti,
1233 1648 1310 1705 qnae
1333 1633 1362 1687 in
1386 1634 1482 1689 causis
1512 1630 1694 1691 elucidandis

338 1730 400 1771 non
430 1722 561 1789 possunt.
606 1714 653 1774 Ita
682 1715 931 1793 praetervehimur
962 1715 1009 1775 bic
1038 1716 1112 1777 aiter
1141 1718 1265 1776 aiterum
1297 1718 1359 1777 sine
1394 1719 1462 1775 ictu.
1519 1714 1695 1782 Fractioues

342 1812 442 1861 tamen
474 1808 503 1861 et
525 1805 675 1863 minutiae
698 1800 814 1861 dicendi
843 1820 900 1861 nou
924 1813 992 1863 sunt
1021 1812 1159 1881 aspectus
1180 1804 1238 1877 iiii,
1270 1822 1344 1879 quos
1369 1804 1586 1877 decatemoriia,
1619 1822 1694 1880 quos

340 1887 606 1961 dodecatemoriis,
632 1907 706 1966 quos
729 1890 924 1967 ogdoimoriis
945 1890 1057 1951 zodiaci
1082 1894 1226 1951 metimur.
1630 1946 1634 1952 .

431 1975 466 2034 Iu
489 1975 587 2035 Terris
612 1976 741 2037 dixeram
766 1981 842 2037 coire
866 1977 962 2037 radios
984 1979 1178 2054 planetarum,
1202 1980 1253 2055 qui
1276 1981 1371 2037 coitus
1394 1978 1418 2037 si
1441 1982 1479 2037 sit
1496 1978 1693 2053 harmonicus,

339 2070 413 2121 tunc
428 2062 543 2139 pluviae
559 2063 702 2125 decidere.
749 2064 794 2123 'ru
811 2069 954 2125 occurris:
978 2068 1101 2143 primum
1119 2070 1146 2123 in
1168 2070 1234 2125 aiire
1250 2080 1430 2125 concurrere.
1468 2065 1535 2123 Nou
1551 2078 1604 2137 cat,
1628 2065 1693 2134 Ro·

340 2150 441 2225 berte,
477 2151 625 2211 distinctio
649 2154 751 2229 prioris
774 2161 803 2211 et
825 2156 1010 2229 posterioris,
1041 2153 1092 2213 ubi
1115 2150 1239 2211 eifluxus
1260 2153 1378 2211 luminis
1408 2152 1444 2211 fit
1461 2156 1525 2211 siue
1547 2161 1694 2230 tempore;

339 2248 394 2297 aut
425 2238 471 2297 die
492 2241 595 2313 prius,
628 2239 736 2299 idest
765 2243 897 2315 superius
929 2248 1036 2298 centro.
1082 2240 1203 2315 Pergis,
1235 2242 1390 2299 mixtiones
1412 2257 1481 2297 suas
1510 2242 1640 2315 accipere
1664 2243 1692 2297 in

339 2329 420 2397 aire,
444 2340 502 2383 non
525 2328 555 2382 in
578 2326 676 2390 Terra.
724 2325 800 2401 Quid
824 2329 969 2405 accipiant
993 2326 1066 2384 radii
1092 2329 1138 2385 vei
1162 2328 1210 2386 bic
1233 2325 1280 2384 vol
1304 2327 1374 2400 iilic,
1398 2343 1461 2393 nou
1480 2330 1577 2404 capio.
1613 2326 1693 2385 Mix-

311 2482 314 2487 ,
340 2415 447 2487 tiones,
471 2414 583 2489 inquis,
607 2422 636 2473 at
661 2415 722 2489 ipsc
739 2418 834 2487 coitus
856 2425 901 2473 est
922 2414 1024 2473 mixtio
1048 2413 1107 2486 iila,
1132 2432 1221 2491 quam
1236 2432 1291 2489 ego
1315 2414 1475 2486 concedere
1498 2416 1550 2472 tibi
1572 2418 1693 2491 possim.

340 2501 484 2559 Dixeram
509 2518 593 2571 rcro,
624 2518 738 2576 semper
761 2500 828 2561 illos
850 2503 879 2559 in
903 2501 958 2560 bac
989 2502 1194 2576 conjunctione
1227 2510 1387 2577 mutuaque
1415 2503 1543 2561 sectione
1567 2505 1693 2576 versari;

339 2588 413 2663 qnid
438 2591 525 2662 igitur
547 2589 601 2651 sibi
628 2588 690 2646 nuit
713 2587 764 2647 iiia
785 2597 836 2647 tua
860 2586 962 2659 oratio,
987 2588 1065 2665 quod
1088 2591 1263 2650 mixtionem
1282 2587 1397 2648 demum
1413 2591 1581 2663 accipiunt,
1604 2606 1693 2665 quam

339 2692 466 2751 semper,
490 2679 515 2733 si
538 2678 579 2735 ita
601 2674 696 2746 iubet,
720 2675 838 2735 habent.
885 2677 930 2735 Au
954 2676 983 2753 id
1007 2676 1073 2735 iilos
1098 2679 1229 2753 accipere
1253 2679 1281 2732 in
1304 2680 1371 2735 aiirs
1395 2675 1483 2748 dicis,
1510 2675 1591 2751 quod
1613 2678 1693 2735 mix·

339 2766 415 2822 tioni
438 2763 507 2821 buic
529 2762 588 2837 dat,
612 2772 644 2821 ut
668 2762 718 2820 iist
740 2763 898 2840 aspectus?
944 2764 1035 2839 Atqui
1058 2764 1166 2822 boc‘ct
1188 2766 1217 2820 in
1241 2767 1308 2823 aiire
1332 2773 1361 2822 et
1383 2766 1411 2823 iu
1432 2770 1509 2823 terre
1530 2763 1617 2821 simui
1633 2780 1693 2824 uuo

340 2860 474 2927 tempore
497 2840 610 2909 accedit
633 2852 678 2907 bis
701 2852 901 2911 mixtionibus.
923 2848 1047 2921 ,Unde,
1071 2852 1132 2922 eis,
1162 2852 1254 2911 nubes
1277 2852 1307 2907 in
1330 2862 1369 2909 eo*
1388 2857 1577 2926 generantur,
1607 2857 1694 2909 ante-

337 2955 430 3015 quam
452 2936 544 3013 pluat.
590 2936 655 2997 Hoc
678 2954 749 2997 sane
773 2955 873 2997 verum
897 2938 959 3010 es't,
991 2939 1071 3015 prius
1095 2954 1159 2997 este
1184 2938 1313 3014 nubem,
1334 2946 1439 3014 postea
1461 2936 1606 3014 pluviam,
1640 2955 1694 2997 nee

340 3042 410 3085 cum
433 3040 489 3101 ego
513 3024 548 3082 de
571 3023 674 3099 pluvia
696 3024 775 3096 dixi,
807 3024 914 3085 nubem
938 3024 1059 3097 exclusi.
1107 3027 1145 3083 At
1174 3023 1246 3083 iliud
1272 3033 1354 3083 tuum
1376 3024 1458 3083 uude
1488 3025 1514 3082 si
1537 3028 1693 3101 excutiam,

339 3113 479 3185 invenio,
504 3120 532 3177 te
554 3114 773 3187 generationem
796 3111 882 3171 nubis
905 3129 939 3171 ex
963 3114 1028 3187 ipso
1051 3116 1119 3171 aiire
1143 3113 1269 3172 tribuere
1292 3114 1474 3189 praesentiae
1502 3122 1639 3189 aspectus
1662 3116 1693 3169 iu

338 3204 419 3261 a‘e're.
466 3199 557 3275 Atqui
581 3198 757 3259 cantilenam
780 3201 899 3269 ominis,
923 3198 1073 3274 explosam
1097 3217 1115 3256 a
1138 3217 1183 3256 me
1212 3200 1374 3259 rationibus
1398 3198 1536 3273 Hermon.
1560 3198 1611 3257 iib.
1635 3199 1691 3258 tv.

340 3286 393 3345 iilo
418 3288 482 3363 ipso
505 3286 555 3345 iol.
580 3289 658 3357 251,
683 3284 759 3347 unde
782 3296 814 3344 tu
839 3287 927 3345 verba
951 3286 998 3345 hic
1021 3304 1095 3359 mea,
1121 3303 1196 3361 quae
1217 3286 1388 3358 refutares,
1405 3286 1584 3361 decerpsisti.
1629 3285 1693 3345 Ra-

340 3376 439 3434 tiones
461 3372 590 3433 Roberte
612 3390 694 3433 meas
718 3372 845 3448 adorira,
870 3374 975 3449 quibus
998 3373 1105 3449 dogma
1128 3372 1262 3445 stabilio,
1294 3384 1322 3433 et
1344 3376 1484 3452 promtior
1507 3372 1693 3448 postmodum

339 3480 391 3521 ero
416 3462 444 3518 in
468 3460 651 3519 dimovendis
674 3462 827 3519 instantiis.

430 3546 538 3623 Quaeri
571 3551 647 3607 enim
680 3567 698 3607 a
728 3566 775 3607 me
804 3564 892 3625 posse
920 3546 1036 3617 vidisti,
1072 3548 1179 3623 quibus
1201 3548 1401 3606 instrumentis
1431 3548 1522 3605 sectio
1546 3545 1693 3607 radiorum

339 3636 514 3695 harmonica
544 3635 679 3695 conficiat
709 3653 744 3695 ex
773 3640 839 3695 aire
868 3635 990 3706 nubem,
1024 3637 1082 3693 imo
1112 3652 1162 3693 cur
1184 3653 1272 3693 sinam
1300 3636 1397 3711 potius
1420 3636 1495 3692 ae'ris
1519 3634 1692 3709 partieuinm

338 3740 412 3801 prae
442 3724 503 3781 aiia
525 3734 661 3799 occupet,
693 3724 800 3781 nubem
829 3738 864 3779 ex
897 3740 933 3780 ea
957 3721 1101 3792 efficiens,
1137 3739 1201 3783 cunr
1233 3722 1336 3781 eadem
1359 3723 1449 3782 sectio
1474 3723 1509 3778 in
1538 3729 1601 3779 toto
1625 3725 1692 3779 abrs

341 3812 531 3873 circumcirca
553 3812 591 3869 sit
613 3810 772 3886 praesensi
820 3810 858 3867 At
881 3810 957 3885 quod
982 3810 1073 3867 nubes
1097 3825 1155 3869 non
1179 3812 1207 3867 in
1231 3813 1298 3871 a'e're
1321 3811 1445 3885 primurn
1469 3808 1612 3879 existant,
1639 3806 1690 3865 scd

339 3901 423 3975 prius
446 3904 586 3973 evaporet
608 3899 732 3958 materia
752 3898 873 3955 nutrium
896 3915 931 3966 px
955 3904 1039 3968 terra,
1063 3897 1119 3954 boc
1141 3896 1265 3973 probavi
1289 3895 1367 3957 dicto
1386 3886 1455 3953 ¹loco
1478 3894 1639 3953 rationibus
1662 3901 1691 3951 ot

340 3986 558 4061 experimentis.
603 3984 687 4043 Haeo
716 4002 781 4043 cum
810 3984 863 4042 tibi
896 3982 1019 4043 inissent
1045 3982 1247 4043 submovenda
1282 3992 1334 4056 aut
1366 3981 1582 4040 assentiendum
1617 3982 1690 4041 bene

340 4072 563 4143 demonstratis,
594 4080 626 4131 tu
648 4074 720 4130 satis
749 4072 787 4131 ad
811 4070 1031 4131 obtrectandum
1055 4088 1118 4129 esse
1141 4072 1267 4145 putasti,
1299 4073 1324 4127 si
1346 4086 1412 4127 cum
1435 4067 1510 4136 iliis,
1543 4083 1617 4143 quos
1639 4067 1690 4126 ilio

340 4163 408 4237 ipss
430 4158 497 4218 ioco
521 4161 635 4229 taxavi,
659 4159 987 4235 simpliciter-negares,
1010 4160 1097 4217 nubis
1121 4171 1259 4233 vaporem
1283 4176 1299 4215 a
1324 4166 1400 4215 terra
1422 4157 1505 4227 oriri,
1533 4154 1561 4212 id
1585 4162 1630 4215 est
1652 4156 1690 4213 ab

340 4249 549 4312 extenuatione
571 4246 738 4317 humorum,
764 4248 812 4322 qui
837 4249 866 4303 in
890 4247 1049 4305 visceribus
1073 4244 1181 4305 Terrae
1205 4244 1294 4304 latent
1317 4244 1416 4303 abditi.
1461 4296 1465 4304 ,

431 4332 535 4405 Terra,
559 4336 669 4409 inquis,
704 4335 794 4410 quieti
818 4340 862 4391 est
885 4334 1052 4411 aptissima,
1085 4334 1229 4393 contraria
1258 4334 1336 4391 actui
1363 4332 1495 4399 animae,
1525 4327 1636 4386 scilicet
1657 4336 1691 4385 nt
1775 4346 1782 4365 ·

342 4438 453 4496 urges,
477 4424 571 4480 inesse
595 4424 622 4477 in
646 4420 737 4479 Terra
760 4422 895 4479 animaru.
942 4422 1032 4495 Atqui
1056 4427 1085 4479 et
1107 4419 1163 4479 hoc
1186 4431 1294 4490 terrae,
1319 4416 1396 4493 qnod
1421 4418 1496 4472 inest
1519 4417 1545 4472 in
1571 4430 1690 4489 corpore

339 4526 425 4581 meo,
450 4510 541 4584 quieti
565 4514 610 4568 est
632 4510 814 4585 aptissimum
838 4516 939 4582 estque
962 4510 1137 4566 contrarium
1160 4509 1236 4565 actui
1260 4506 1373 4571 anirnbe
1396 4519 1494 4572 meae3
1522 4501 1590 4559 dum
1613 4502 1690 4559 enim

338 4597 503 4669 agita-tione
526 4598 630 4656 ruentis
655 4598 709 4669 ista
731 4595 834 4665 scribo,
859 4597 1015 4654 connivent
1038 4596 1125 4667 oculi,
1150 4594 1251 4653 defluit
1273 4600 1368 4668 caput,
1393 4589 1517 4663 donique
1542 4589 1689 4649 obsecun-
1741 4639 1744 4647 ,

340 4684 472 4743 dantium
496 4683 697 4761 hamtonae,
721 4682 910 4739 dimittendus
933 4681 1079 4753 calamus,
1103 4696 1208 4757 corpus
1230 4682 1259 4736 in
1283 4688 1377 4735 torum
1400 4674 1611 4751 abjiciendum
1644 4678 1691 4732 in-

340 4768 550 4831 tercedendum
573 4770 641 4829 hmo
664 4770 816 4845 agitationi
840 4771 953 4841 mentis,
977 4776 1009 4828 ut
1032 4771 1129 4842 quiete
1152 4777 1182 4826 et
1195 4783 1297 4824 somno
1313 4781 1417 4839 corpus
1432 4766 1549 4821 iuratur.
1587 4763 1690 4839 Neque
1711 4840 1716 4855 Ι

339 4866 440 4919 tamen
465 4856 531 4917 iude
554 4859 699 4933 seqnitur,
723 4873 780 4915 non
804 4859 898 4915 inesse
920 4857 949 4911 in
972 4855 1029 4913 boc
1051 4862 1165 4915 terreno
1189 4867 1307 4929 corpore
1330 4854 1467 4909 animam.

430 4944 640 5005 cuneatum
671 4943 707 5004 ad
737 4946 947 5021 praescriptum
976 4948 1162 5017 aspectuum,
1196 4939 1251 4998 boc
1278 4955 1333 5013 ego
1357 4937 1416 4995 dixi
1448 4954 1552 4997 munus
1575 4940 1690 4999 animae

340 5034 451 5093 Terrae
475 5041 506 5091 et
527 5032 660 5108 probari.
705 5031 751 5088 'l'n
774 5033 890 5090 intectis
914 5030 1026 5099 causis,
1055 5044 1105 5087 cur
1127 5027 1183 5085 boc
1205 5028 1319 5085 animae
1343 5024 1450 5083 Terrae
1474 5026 1688 5100 transscribere,

340 5124 413 5183 satis
437 5120 546 5189 habes,
575 5118 663 5179 sitam
686 5118 727 5177 iili
751 5118 926 5177 substituere
948 5114 1048 5175 mundi
1071 5116 1199 5178 animam
1228 5112 1267 5175 ad
1289 5112 1425 5175 obeunda
1447 5112 1559 5175 istbaec
1581 5115 1689 5175 mursia.
