<?xml version="1.0" encoding="UTF-8"?>
<!DOCTYPE html PUBLIC "-//W3C//DTD XHTML 1.0 Transitional//EN"
    "http://www.w3.org/TR/xhtml1/DTD/xhtml1-transitional.dtd">
<html xmlns="http://www.w3.org/1999/xhtml" xml:lang="en" lang="en">
 <head>
  <title>
</title>
<meta http-equiv="Content-Type" content="text/html;charset=utf-8" />
  <meta name='ocr-system' content='tesseract 3.04.00' />
  <meta name='ocr-capabilities' content='ocr_page ocr_carea ocr_par ocr_line ocrx_word'/>
</head>
<body>
  <div class='ocr_page' id='page_1' title='image "./joanniskepleria19frisgoog/joanniskepleria19frisgoog_0406.png"; bbox 0 0 4467 6192; ppageno 0'>
   <div class='ocr_carea' id='block_1_1' title="bbox 538 647 1369 719">
    <p class='ocr_par' dir='ltr' id='par_1_1' title="bbox 538 647 1369 719">
     <span class='ocr_line' id='line_1_1' title="bbox 538 647 1369 719; baseline -0.014 0"><span class='ocrx_word' id='word_1_1' title='bbox 538 656 601 719; x_wconf 82' lang='lat'><strong>888</strong></span> <span class='ocrx_word' id='word_1_2' title='bbox 1051 647 1201 706; x_wconf 84' lang='lat' dir='ltr'><strong>Ptolemaei</strong></span> <span class='ocrx_word' id='word_1_3' title='bbox 1213 650 1369 707; x_wconf 83' lang='lat' dir='ltr'><strong>Harmonia</strong></span> 
     </span>
    </p>
   </div>
   <div class='ocr_carea' id='block_1_2' title="bbox 502 813 1965 1850">
    <p class='ocr_par' dir='ltr' id='par_1_2' title="bbox 502 813 1965 1850">
     <span class='ocr_line' id='line_1_2' title="bbox 536 813 1875 898; baseline 0.001 -15"><span class='ocrx_word' id='word_1_4' title='bbox 536 829 645 897; x_wconf 83' lang='lat' dir='ltr'><strong>portora</strong></span> <span class='ocrx_word' id='word_1_5' title='bbox 660 826 699 894; x_wconf 87' lang='lat' dir='ltr'><strong>D,</strong></span> <span class='ocrx_word' id='word_1_6' title='bbox 716 824 754 894; x_wconf 69' lang='lat' dir='ltr'><strong>B,</strong></span> <span class='ocrx_word' id='word_1_7' title='bbox 773 822 808 892; x_wconf 82' lang='lat' dir='ltr'><strong>F,</strong></span> <span class='ocrx_word' id='word_1_8' title='bbox 828 824 853 880; x_wconf 84' lang='lat' dir='ltr'><strong><em>G</em></strong></span> <span class='ocrx_word' id='word_1_9' title='bbox 871 831 898 877; x_wconf 87' lang='lat' dir='ltr'><strong>et</strong></span> <span class='ocrx_word' id='word_1_10' title='bbox 916 825 943 892; x_wconf 82' lang='lat' dir='ltr'><strong>d,</strong></span> <span class='ocrx_word' id='word_1_11' title='bbox 961 840 983 893; x_wconf 84' lang='lat' dir='ltr'><strong>a,</strong></span> <span class='ocrx_word' id='word_1_12' title='bbox 1001 828 1022 894; x_wconf 72' lang='lat' dir='ltr'><strong>t,</strong></span> <span class='ocrx_word' id='word_1_13' title='bbox 1038 842 1058 895; x_wconf 81' lang='lat' dir='ltr'><strong>p</strong></span> <span class='ocrx_word' id='word_1_14' title='bbox 1073 825 1107 880; x_wconf 90' lang='lat' dir='ltr'><strong>ab</strong></span> <span class='ocrx_word' id='word_1_15' title='bbox 1124 813 1298 881; x_wconf 81' lang='lat' dir='ltr'><strong>interioribus</strong></span> <span class='ocrx_word' id='word_1_16' title='bbox 1315 829 1346 894; x_wconf 92' lang='grc' dir='ltr'><strong>Γ,</strong></span> <span class='ocrx_word' id='word_1_17' title='bbox 1364 828 1401 895; x_wconf 80' lang='grc' dir='ltr'><strong>Δ,</strong></span> <span class='ocrx_word' id='word_1_18' title='bbox 1418 828 1455 896; x_wconf 86' lang='grc' dir='ltr'><strong>Β,</strong></span> <span class='ocrx_word' id='word_1_19' title='bbox 1475 828 1499 883; x_wconf 83' lang='lat'><em>0</em></span> <span class='ocrx_word' id='word_1_20' title='bbox 1513 835 1542 883; x_wconf 87' lang='lat' dir='ltr'><strong>et</strong></span> <span class='ocrx_word' id='word_1_21' title='bbox 1554 828 1587 897; x_wconf 82' lang='grc' dir='ltr'><strong>θ,</strong></span> <span class='ocrx_word' id='word_1_22' title='bbox 1604 845 1631 895; x_wconf 85' lang='lat' dir='ltr'><strong>a,</strong></span> <span class='ocrx_word' id='word_1_23' title='bbox 1650 831 1676 896; x_wconf 87' lang='lat' dir='ltr'><strong>b,</strong></span> <span class='ocrx_word' id='word_1_24' title='bbox 1694 846 1710 885; x_wconf 86' lang='lat' dir='ltr'><strong>a</strong></span> <span class='ocrx_word' id='word_1_25' title='bbox 1727 828 1875 898; x_wconf 61' lang='lat' dir='ltr'><strong>emungunt:</strong></span> 
     </span>
     <span class='ocr_line' id='line_1_3' title="bbox 537 902 1878 977; baseline 0.003 -17"><span class='ocrx_word' id='word_1_26' title='bbox 537 905 631 963; x_wconf 86' lang='lat' dir='ltr'><strong>cedern</strong></span> <span class='ocrx_word' id='word_1_27' title='bbox 657 912 748 961; x_wconf 86' lang='lat' dir='ltr'><strong>tamen</strong></span> <span class='ocrx_word' id='word_1_28' title='bbox 773 902 904 972; x_wconf 73' lang='lat' dir='ltr'><strong>diapason</strong></span> <span class='ocrx_word' id='word_1_29' title='bbox 929 903 1074 958; x_wconf 86' lang='lat' dir='ltr'><strong>intervalla</strong></span> <span class='ocrx_word' id='word_1_30' title='bbox 1090 913 1207 973; x_wconf 83' lang='lat' dir='ltr'><strong>possunt</strong></span> <span class='ocrx_word' id='word_1_31' title='bbox 1224 906 1304 959; x_wconf 88' lang='lat' dir='ltr'><strong>etiam</strong></span> <span class='ocrx_word' id='word_1_32' title='bbox 1333 907 1373 959; x_wconf 91' lang='lat' dir='ltr'><strong>sic</strong></span> <span class='ocrx_word' id='word_1_33' title='bbox 1391 907 1574 977; x_wconf 70' lang='lat' dir='ltr'><strong>conmderari,</strong></span> <span class='ocrx_word' id='word_1_34' title='bbox 1603 916 1633 961; x_wconf 90' lang='grc' dir='ltr'><strong>ιιι</strong></span> <span class='ocrx_word' id='word_1_35' title='bbox 1651 910 1706 963; x_wconf 85' lang='lat' dir='ltr'><strong>sint</strong></span> <span class='ocrx_word' id='word_1_36' title='bbox 1723 910 1791 964; x_wconf 88' lang='lat' dir='ltr'><strong>bina</strong></span> <span class='ocrx_word' id='word_1_37' title='bbox 1805 918 1878 964; x_wconf 76' lang='lat' dir='ltr'><strong>tetra·</strong></span> 
     </span>
     <span class='ocr_line' id='line_1_4' title="bbox 535 982 1878 1056; baseline -0.001 -13"><span class='ocrx_word' id='word_1_38' title='bbox 535 985 638 1043; x_wconf 86' lang='lat' dir='ltr'><strong>ohorda</strong></span> <span class='ocrx_word' id='word_1_39' title='bbox 655 984 683 1039; x_wconf 88' lang='lat' dir='ltr'><strong>in</strong></span> <span class='ocrx_word' id='word_1_40' title='bbox 700 984 733 1037; x_wconf 88' lang='lat' dir='ltr'><strong>iir</strong></span> <span class='ocrx_word' id='word_1_41' title='bbox 752 982 909 1050; x_wconf 84' lang='lat' dir='ltr'><strong>conjuncta,</strong></span> <span class='ocrx_word' id='word_1_42' title='bbox 929 982 1031 1037; x_wconf 86' lang='lat' dir='ltr'><strong>Graece</strong></span> <span class='ocrx_word' id='word_1_43' title='bbox 1050 998 1237 1052; x_wconf 80' lang='lat' dir='ltr'><strong>synemmena,</strong></span> <span class='ocrx_word' id='word_1_44' title='bbox 1262 984 1284 1037; x_wconf 90' lang='lat' dir='ltr'><strong>si</strong></span> <span class='ocrx_word' id='word_1_45' title='bbox 1303 985 1427 1039; x_wconf 86' lang='lat' dir='ltr'><strong>nimirum</strong></span> <span class='ocrx_word' id='word_1_46' title='bbox 1445 993 1509 1041; x_wconf 91' lang='lat' dir='ltr'><strong>tono</strong></span> <span class='ocrx_word' id='word_1_47' title='bbox 1528 988 1660 1056; x_wconf 75' lang='lat' dir='ltr'><strong>curiasque</strong></span> <span class='ocrx_word' id='word_1_48' title='bbox 1678 987 1773 1043; x_wconf 84' lang='lat' dir='ltr'><strong>infimo</strong></span> <span class='ocrx_word' id='word_1_49' title='bbox 1791 1004 1878 1043; x_wconf 84' lang='lat' dir='ltr'><strong>munos</strong></span> 
     </span>
     <span class='ocr_line' id='line_1_5' title="bbox 534 1060 1879 1135; baseline 0.002 -17"><span class='ocrx_word' id='word_1_50' title='bbox 534 1063 592 1118; x_wconf 90' lang='lat' dir='ltr'><strong>toni</strong></span> <span class='ocrx_word' id='word_1_51' title='bbox 610 1061 766 1131; x_wconf 86' lang='lat' dir='ltr'><strong>disjunctivi</strong></span> <span class='ocrx_word' id='word_1_52' title='bbox 783 1060 1017 1120; x_wconf 77' lang='lat' dir='ltr'><strong>uansscribaruus.</strong></span> <span class='ocrx_word' id='word_1_53' title='bbox 1043 1062 1080 1118; x_wconf 92' lang='lat' dir='ltr'><strong>Ut</strong></span> <span class='ocrx_word' id='word_1_54' title='bbox 1098 1062 1131 1118; x_wconf 82' lang='lat' dir='ltr'><strong>si</strong></span> <span class='ocrx_word' id='word_1_55' title='bbox 1140 1062 1171 1130; x_wconf 83' lang='grc' dir='ltr'><strong>Γ,</strong></span> <span class='ocrx_word' id='word_1_56' title='bbox 1189 1064 1217 1128; x_wconf 73' lang='grc'>4</span> <span class='ocrx_word' id='word_1_57' title='bbox 1235 1063 1272 1117; x_wconf 91' lang='lat' dir='ltr'><strong>sit</strong></span> <span class='ocrx_word' id='word_1_58' title='bbox 1287 1070 1369 1119; x_wconf 88' lang='lat' dir='ltr'><strong>tonus</strong></span> <span class='ocrx_word' id='word_1_59' title='bbox 1388 1064 1584 1135; x_wconf 80' lang='lat' dir='ltr'><strong>diaJ&#39;unctionia,</strong></span> <span class='ocrx_word' id='word_1_60' title='bbox 1603 1074 1685 1122; x_wconf 85' lang='lat' dir='ltr'><strong>eruut</strong></span> <span class='ocrx_word' id='word_1_61' title='bbox 1701 1068 1738 1135; x_wconf 78' lang='lat' dir='ltr'><strong>A,</strong></span> <span class='ocrx_word' id='word_1_62' title='bbox 1757 1068 1794 1133; x_wconf 86' lang='lat' dir='ltr'><strong>B,</strong></span> <span class='ocrx_word' id='word_1_63' title='bbox 1815 1067 1879 1134; x_wconf 63' lang='lat' dir='ltr'>(II)</span> 
     </span>
     <span class='ocr_line' id='line_1_6' title="bbox 535 1135 1879 1213; baseline 0.001 -14"><span class='ocrx_word' id='word_1_64' title='bbox 535 1150 564 1199; x_wconf 87' lang='grc' dir='ltr'><strong>ιι</strong></span> <span class='ocrx_word' id='word_1_65' title='bbox 580 1144 618 1213; x_wconf 90' lang='lat' dir='ltr'><strong>D,</strong></span> <span class='ocrx_word' id='word_1_66' title='bbox 636 1143 673 1210; x_wconf 78' lang='lat' dir='ltr'><strong>E,</strong></span> <span class='ocrx_word' id='word_1_67' title='bbox 691 1142 726 1211; x_wconf 60' lang='lat'><strong>1⁴¹,</strong></span> <span class='ocrx_word' id='word_1_68' title='bbox 747 1135 843 1197; x_wconf 80' lang='lat' dir='ltr'><strong>Gduo</strong></span> <span class='ocrx_word' id='word_1_69' title='bbox 861 1139 1036 1195; x_wconf 87' lang='lat' dir='ltr'><strong>tetrachorda</strong></span> <span class='ocrx_word' id='word_1_70' title='bbox 1057 1140 1203 1209; x_wconf 86' lang='lat' dir='ltr'><strong>conjuncta</strong></span> <span class='ocrx_word' id='word_1_71' title='bbox 1222 1148 1250 1195; x_wconf 90' lang='grc' dir='ltr'><strong>ιι</strong></span> <span class='ocrx_word' id='word_1_72' title='bbox 1267 1142 1297 1195; x_wconf 91' lang='lat' dir='ltr'><strong><em>D</em></strong></span> <span class='ocrx_word' id='word_1_73' title='bbox 1316 1143 1367 1197; x_wconf 87' lang='lat' dir='ltr'><strong>erit</strong></span> <span class='ocrx_word' id='word_1_74' title='bbox 1385 1142 1487 1199; x_wconf 91' lang='lat' dir='ltr'><strong>chorda</strong></span> <span class='ocrx_word' id='word_1_75' title='bbox 1511 1160 1560 1202; x_wconf 86' lang='lat' dir='ltr'><strong>seu</strong></span> <span class='ocrx_word' id='word_1_76' title='bbox 1577 1159 1662 1200; x_wconf 89' lang='lat' dir='ltr'><strong>sonus</strong></span> <span class='ocrx_word' id='word_1_77' title='bbox 1680 1144 1879 1213; x_wconf 82' lang='lat' dir='ltr'><strong>conjunctionis,</strong></span> 
     </span>
     <span class='ocr_line' id='line_1_7' title="bbox 534 1218 1880 1294; baseline -0.001 -15"><span class='ocrx_word' id='word_1_78' title='bbox 534 1232 601 1279; x_wconf 89' lang='lat' dir='ltr'><strong>tunc</strong></span> <span class='ocrx_word' id='word_1_79' title='bbox 618 1228 748 1290; x_wconf 87' lang='lat' dir='ltr'><strong>sequetur</strong></span> <span class='ocrx_word' id='word_1_80' title='bbox 766 1220 799 1289; x_wconf 81' lang='lat' dir='ltr'><strong>G,</strong></span> <span class='ocrx_word' id='word_1_81' title='bbox 818 1238 837 1276; x_wconf 87' lang='lat' dir='ltr'><strong>a</strong></span> <span class='ocrx_word' id='word_1_82' title='bbox 854 1218 924 1277; x_wconf 86' lang='lat' dir='ltr'><strong>aiter</strong></span> <span class='ocrx_word' id='word_1_83' title='bbox 936 1227 1016 1275; x_wconf 88' lang='lat' dir='ltr'><strong>tonus</strong></span> <span class='ocrx_word' id='word_1_84' title='bbox 1030 1218 1217 1289; x_wconf 78' lang='lat' dir='ltr'><strong>disjunctivae,</strong></span> <span class='ocrx_word' id='word_1_85' title='bbox 1237 1228 1265 1275; x_wconf 88' lang='lat' dir='ltr'><strong>et</strong></span> <span class='ocrx_word' id='word_1_86' title='bbox 1282 1238 1308 1288; x_wconf 89' lang='lat' dir='ltr'><strong>o,</strong></span> <span class='ocrx_word' id='word_1_87' title='bbox 1328 1223 1352 1291; x_wconf 90' lang='lat' dir='ltr'><strong>b,</strong></span> <span class='ocrx_word' id='word_1_88' title='bbox 1370 1239 1393 1289; x_wconf 89' lang='lat' dir='ltr'><strong>c,</strong></span> <span class='ocrx_word' id='word_1_89' title='bbox 1410 1223 1473 1277; x_wconf 87' lang='lat' dir='ltr'><strong>det</strong></span> <span class='ocrx_word' id='word_1_90' title='bbox 1487 1223 1513 1291; x_wconf 85' lang='lat' dir='ltr'><strong>d,</strong></span> <span class='ocrx_word' id='word_1_91' title='bbox 1533 1240 1555 1291; x_wconf 83' lang='lat' dir='ltr'><strong>a,</strong></span> <span class='ocrx_word' id='word_1_92' title='bbox 1571 1226 1593 1293; x_wconf 72' lang='lat' dir='ltr'><strong>f,</strong></span> <span class='ocrx_word' id='word_1_93' title='bbox 1609 1241 1629 1294; x_wconf 81' lang='lat' dir='ltr'><strong>g</strong></span> <span class='ocrx_word' id='word_1_94' title='bbox 1645 1223 1700 1279; x_wconf 92' lang='lat' dir='ltr'><strong>dno</strong></span> <span class='ocrx_word' id='word_1_95' title='bbox 1712 1223 1880 1278; x_wconf 70' lang='lat' dir='ltr'><strong>temachordr</strong></span> 
     </span>
     <span class='ocr_line' id='line_1_8' title="bbox 502 1299 1881 1371; baseline -0.001 -14"><span class='ocrx_word' id='word_1_96' title='bbox 502 1352 504 1357; x_wconf 83' lang='lat'><strong>.</strong></span> <span class='ocrx_word' id='word_1_97' title='bbox 534 1302 679 1371; x_wconf 79' lang='lat' dir='ltr'><strong>conjuncta</strong></span> <span class='ocrx_word' id='word_1_98' title='bbox 696 1300 724 1355; x_wconf 89' lang='lat' dir='ltr'><strong>iu</strong></span> <span class='ocrx_word' id='word_1_99' title='bbox 741 1300 874 1368; x_wconf 77' lang='lat' dir='ltr'><strong>diapason</strong></span> <span class='ocrx_word' id='word_1_100' title='bbox 892 1300 1033 1369; x_wconf 77' lang='lat' dir='ltr'>superiori,</span> <span class='ocrx_word' id='word_1_101' title='bbox 1051 1306 1079 1355; x_wconf 91' lang='lat' dir='ltr'><strong>et</strong></span> <span class='ocrx_word' id='word_1_102' title='bbox 1097 1300 1116 1355; x_wconf 85' lang='lat' dir='ltr'><strong>d</strong></span> <span class='ocrx_word' id='word_1_103' title='bbox 1133 1299 1219 1353; x_wconf 89' lang='lat' dir='ltr'><strong>altera</strong></span> <span class='ocrx_word' id='word_1_104' title='bbox 1236 1299 1398 1354; x_wconf 87' lang='lat' dir='ltr'><strong>chordarum</strong></span> <span class='ocrx_word' id='word_1_105' title='bbox 1417 1315 1466 1354; x_wconf 89' lang='lat' dir='ltr'><strong>seu</strong></span> <span class='ocrx_word' id='word_1_106' title='bbox 1482 1318 1567 1357; x_wconf 90' lang='lat' dir='ltr'><strong>sonus</strong></span> <span class='ocrx_word' id='word_1_107' title='bbox 1583 1301 1794 1370; x_wconf 77' lang='lat' dir='ltr'><strong>conjunctionis</strong></span> <span class='ocrx_word' id='word_1_108' title='bbox 1827 1302 1881 1365; x_wconf 77' lang='lat' dir='ltr'><strong>{lie-</strong></span> 
     </span>
     <span class='ocr_line' id='line_1_9' title="bbox 533 1378 1880 1451; baseline -0.003 -14"><span class='ocrx_word' id='word_1_109' title='bbox 533 1382 608 1451; x_wconf 87' lang='lat' dir='ltr'><strong>liqua</strong></span> <span class='ocrx_word' id='word_1_110' title='bbox 625 1396 659 1436; x_wconf 85' lang='lat' dir='ltr'><strong>ax</strong></span> <span class='ocrx_word' id='word_1_111' title='bbox 676 1380 825 1449; x_wconf 87' lang='lat' dir='ltr'><strong>praemisso</strong></span> <span class='ocrx_word' id='word_1_112' title='bbox 849 1380 987 1435; x_wconf 87' lang='lat' dir='ltr'><strong>schemate</strong></span> <span class='ocrx_word' id='word_1_113' title='bbox 1005 1388 1085 1435; x_wconf 91' lang='lat' dir='ltr'><strong>erunt</strong></span> <span class='ocrx_word' id='word_1_114' title='bbox 1102 1378 1195 1451; x_wconf 87' lang='lat' dir='ltr'><strong>clara.)</strong></span> <span class='ocrx_word' id='word_1_115' title='bbox 1229 1379 1313 1434; x_wconf 85' lang='lat' dir='ltr'><strong>Vides</strong></span> <span class='ocrx_word' id='word_1_116' title='bbox 1330 1381 1375 1435; x_wconf 90' lang='lat' dir='ltr'><strong>hio</strong></span> <span class='ocrx_word' id='word_1_117' title='bbox 1393 1382 1482 1435; x_wconf 87' lang='lat' dir='ltr'><strong>redire</strong></span> <span class='ocrx_word' id='word_1_118' title='bbox 1499 1380 1571 1434; x_wconf 87' lang='lat' dir='ltr'><strong>idenr</strong></span> <span class='ocrx_word' id='word_1_119' title='bbox 1587 1379 1799 1448; x_wconf 86' lang='lat' dir='ltr'><strong>incommodum,</strong></span> <span class='ocrx_word' id='word_1_120' title='bbox 1818 1378 1880 1448; x_wconf 89' lang='lat' dir='ltr'><strong>quod</strong></span> 
     </span>
     <span class='ocr_line' id='line_1_10' title="bbox 534 1456 1881 1530; baseline -0.001 -16"><span class='ocrx_word' id='word_1_121' title='bbox 534 1460 616 1514; x_wconf 86' lang='lat' dir='ltr'><strong>etiarn</strong></span> <span class='ocrx_word' id='word_1_122' title='bbox 633 1474 717 1530; x_wconf 87' lang='lat' dir='ltr'><strong>supra</strong></span> <span class='ocrx_word' id='word_1_123' title='bbox 734 1458 823 1526; x_wconf 83' lang='lat' dir='ltr'><strong>capite</strong></span> <span class='ocrx_word' id='word_1_124' title='bbox 835 1458 860 1515; x_wconf 84' lang='grc'><strong>8.</strong></span> <span class='ocrx_word' id='word_1_125' title='bbox 879 1456 1041 1513; x_wconf 73' lang='lat' dir='ltr'><strong>disturbavit</strong></span> <span class='ocrx_word' id='word_1_126' title='bbox 1059 1458 1295 1526; x_wconf 67' lang='lat' dir='ltr'><strong>comparationem,</strong></span> <span class='ocrx_word' id='word_1_127' title='bbox 1307 1475 1352 1516; x_wconf 83' lang='lat' dir='ltr'><strong>ao.</strong></span> <span class='ocrx_word' id='word_1_128' title='bbox 1366 1460 1391 1513; x_wconf 86' lang='grc' dir='ltr'><strong><em>Γ</em></strong></span> <span class='ocrx_word' id='word_1_129' title='bbox 1407 1466 1434 1513; x_wconf 90' lang='lat' dir='ltr'><strong>et</strong></span> <span class='ocrx_word' id='word_1_130' title='bbox 1449 1477 1476 1530; x_wconf 70' lang='grc' dir='ltr'><strong>ρ,</strong></span> <span class='ocrx_word' id='word_1_131' title='bbox 1495 1458 1549 1513; x_wconf 90' lang='lat' dir='ltr'><strong>duo</strong></span> <span class='ocrx_word' id='word_1_132' title='bbox 1568 1460 1628 1513; x_wconf 88' lang='lat' dir='ltr'><strong>soni</strong></span> <span class='ocrx_word' id='word_1_133' title='bbox 1645 1473 1696 1526; x_wconf 86' lang='lat' dir='ltr'><strong>por</strong></span> <span class='ocrx_word' id='word_1_134' title='bbox 1711 1457 1881 1527; x_wconf 82' lang='lat' dir='ltr'><strong>disdiapason</strong></span> 
     </span>
     <span class='ocr_line' id='line_1_11' title="bbox 533 1530 1880 1606; baseline 0 -13"><span class='ocrx_word' id='word_1_135' title='bbox 533 1537 682 1605; x_wconf 84' lang='lat' dir='ltr'><strong>distantes,</strong></span> <span class='ocrx_word' id='word_1_136' title='bbox 709 1530 811 1591; x_wconf 84' lang='lat' dir='ltr'><strong>cedunt</strong></span> <span class='ocrx_word' id='word_1_137' title='bbox 837 1537 865 1591; x_wconf 91' lang='lat' dir='ltr'><strong>in</strong></span> <span class='ocrx_word' id='word_1_138' title='bbox 890 1538 961 1592; x_wconf 91' lang='lat' dir='ltr'><strong>idem</strong></span> <span class='ocrx_word' id='word_1_139' title='bbox 988 1546 1121 1606; x_wconf 85' lang='lat' dir='ltr'><strong>punctum</strong></span> <span class='ocrx_word' id='word_1_140' title='bbox 1145 1537 1240 1592; x_wconf 75' lang='lat' dir='ltr'><strong>annuli</strong></span> <span class='ocrx_word' id='word_1_141' title='bbox 1267 1536 1477 1605; x_wconf 65' lang='lat' dir='ltr'><strong>apparitionum.</strong></span> <span class='ocrx_word' id='word_1_142' title='bbox 1514 1536 1611 1606; x_wconf 85' lang='lat' dir='ltr'><strong>ltaque</strong></span> <span class='ocrx_word' id='word_1_143' title='bbox 1637 1537 1681 1591; x_wconf 83' lang='lat' dir='ltr'><strong>rel</strong></span> <span class='ocrx_word' id='word_1_144' title='bbox 1703 1553 1740 1591; x_wconf 84' lang='lat' dir='ltr'><strong>ea</strong></span> <span class='ocrx_word' id='word_1_145' title='bbox 1759 1538 1814 1593; x_wconf 90' lang='lat' dir='ltr'><strong>hoc</strong></span> <span class='ocrx_word' id='word_1_146' title='bbox 1831 1537 1880 1593; x_wconf 85' lang='lat' dir='ltr'><strong>solo</strong></span> 
     </span>
     <span class='ocr_line' id='line_1_12' title="bbox 534 1614 1965 1688; baseline -0.001 -17"><span class='ocrx_word' id='word_1_147' title='bbox 534 1623 662 1687; x_wconf 90' lang='lat' dir='ltr'><strong>apparet,</strong></span> <span class='ocrx_word' id='word_1_148' title='bbox 681 1623 803 1669; x_wconf 88' lang='lat' dir='ltr'><strong>coactam</strong></span> <span class='ocrx_word' id='word_1_149' title='bbox 821 1630 881 1669; x_wconf 87' lang='lat' dir='ltr'><strong>esse</strong></span> <span class='ocrx_word' id='word_1_150' title='bbox 899 1614 1137 1684; x_wconf 77' lang='lat' dir='ltr'><strong>comparationem.</strong></span> <span class='ocrx_word' id='word_1_151' title='bbox 1646 1624 1651 1637; x_wconf 84' lang='lat'><strong>·</strong></span> <span class='ocrx_word' id='word_1_152' title='bbox 1964 1685 1965 1688; x_wconf 7' lang='grc' dir='ltr'><strong>Ἴ</strong></span> 
     </span>
     <span class='ocr_line' id='line_1_13' title="bbox 618 1697 1881 1771; baseline -0.002 -12"><span class='ocrx_word' id='word_1_153' title='bbox 618 1702 692 1759; x_wconf 85' lang='lat' dir='ltr'><strong>Nota</strong></span> <span class='ocrx_word' id='word_1_154' title='bbox 708 1702 741 1757; x_wconf 86' lang='lat' dir='ltr'><strong>V.</strong></span> <span class='ocrx_word' id='word_1_155' title='bbox 778 1704 839 1757; x_wconf 88' lang='lat' dir='ltr'><strong>Vox</strong></span> <span class='ocrx_word' id='word_1_156' title='bbox 859 1718 997 1756; x_wconf 77' lang='lat' dir='ltr'><strong>‹rursum›</strong></span> <span class='ocrx_word' id='word_1_157' title='bbox 1017 1701 1113 1758; x_wconf 88' lang='lat' dir='ltr'><strong>alludit</strong></span> <span class='ocrx_word' id='word_1_158' title='bbox 1132 1702 1167 1757; x_wconf 92' lang='lat' dir='ltr'><strong>ad</strong></span> <span class='ocrx_word' id='word_1_159' title='bbox 1184 1718 1243 1770; x_wconf 91' lang='lat' dir='ltr'><strong>cap.</strong></span> <span class='ocrx_word' id='word_1_160' title='bbox 1266 1702 1306 1770; x_wconf 85' lang='grc' dir='ltr'><strong>ιι),</strong></span> <span class='ocrx_word' id='word_1_161' title='bbox 1325 1702 1390 1771; x_wconf 86' lang='lat' dir='ltr'><strong>quia</strong></span> <span class='ocrx_word' id='word_1_162' title='bbox 1406 1697 1493 1756; x_wconf 84' lang='lat' dir='ltr'><strong>etiam&#39;</strong></span> <span class='ocrx_word' id='word_1_163' title='bbox 1506 1701 1543 1755; x_wconf 91' lang='lat' dir='ltr'><strong>ibi</strong></span> <span class='ocrx_word' id='word_1_164' title='bbox 1561 1709 1638 1757; x_wconf 89' lang='lat' dir='ltr'><strong>ortos</strong></span> <span class='ocrx_word' id='word_1_165' title='bbox 1657 1714 1722 1764; x_wconf 81' lang='lat' dir='ltr'><strong>(non</strong></span> <span class='ocrx_word' id='word_1_166' title='bbox 1741 1714 1774 1759; x_wconf 90' lang='lat' dir='ltr'><strong>ut</strong></span> <span class='ocrx_word' id='word_1_167' title='bbox 1793 1706 1837 1759; x_wconf 86' lang='lat' dir='ltr'><strong>hia</strong></span> <span class='ocrx_word' id='word_1_168' title='bbox 1851 1719 1881 1757; x_wconf 84' lang='lat' dir='ltr'><strong>aa</strong></span> 
     </span>
     <span class='ocr_line' id='line_1_14' title="bbox 532 1779 1772 1850; baseline -0.001 -13"><span class='ocrx_word' id='word_1_169' title='bbox 532 1780 615 1837; x_wconf 87' lang='lat' dir='ltr'><strong>radiis</strong></span> <span class='ocrx_word' id='word_1_170' title='bbox 633 1780 712 1849; x_wconf 82' lang='lat' dir='ltr'><strong>Solis,</strong></span> <span class='ocrx_word' id='word_1_171' title='bbox 729 1781 777 1837; x_wconf 89' lang='lat' dir='ltr'><strong>sed</strong></span> <span class='ocrx_word' id='word_1_172' title='bbox 795 1796 830 1835; x_wconf 86' lang='lat' dir='ltr'><strong>ex</strong></span> <span class='ocrx_word' id='word_1_173' title='bbox 847 1780 986 1835; x_wconf 81' lang='lat' dir='ltr'><strong>horizonta</strong></span> <span class='ocrx_word' id='word_1_174' title='bbox 1004 1780 1151 1847; x_wconf 82' lang='lat' dir='ltr'><strong>mundano)</strong></span> <span class='ocrx_word' id='word_1_175' title='bbox 1169 1779 1379 1850; x_wconf 87' lang='lat' dir='ltr'><strong>comparabatur</strong></span> <span class='ocrx_word' id='word_1_176' title='bbox 1395 1796 1466 1836; x_wconf 92' lang='lat' dir='ltr'><strong>sono</strong></span> <span class='ocrx_word' id='word_1_177' title='bbox 1484 1780 1539 1836; x_wconf 89' lang='lat' dir='ltr'><strong>imo</strong></span> <span class='ocrx_word' id='word_1_178' title='bbox 1557 1790 1585 1835; x_wconf 88' lang='lat' dir='ltr'><strong>et</strong></span> <span class='ocrx_word' id='word_1_179' title='bbox 1601 1780 1772 1849; x_wconf 80' lang='lat' dir='ltr'><strong>gravissimo.</strong></span> 
     </span>
    </p>
   </div>
   <div class='ocr_carea' id='block_1_3' title="bbox 505 1867 1883 2336">
    <p class='ocr_par' dir='ltr' id='par_1_3' title="bbox 505 1867 1883 2336">
     <span class='ocr_line' id='line_1_15' title="bbox 619 1867 1883 1939; baseline -0.002 -12"><span class='ocrx_word' id='word_1_180' title='bbox 619 1872 691 1928; x_wconf 86' lang='lat' dir='ltr'><strong>Nota</strong></span> <span class='ocrx_word' id='word_1_181' title='bbox 708 1872 755 1927; x_wconf 85' lang='lat' dir='ltr'><strong>VI.</strong></span> <span class='ocrx_word' id='word_1_182' title='bbox 790 1871 844 1925; x_wconf 89' lang='lat' dir='ltr'><strong>Pro</strong></span> <span class='ocrx_word' id='word_1_183' title='bbox 861 1870 943 1925; x_wconf 87' lang='lat' dir='ltr'><strong>trium</strong></span> <span class='ocrx_word' id='word_1_184' title='bbox 968 1872 1140 1939; x_wconf 78' lang='lat' dir='ltr'><strong>superiorum</strong></span> <span class='ocrx_word' id='word_1_185' title='bbox 1166 1877 1194 1924; x_wconf 88' lang='grc' dir='ltr'><strong>ιι</strong></span> <span class='ocrx_word' id='word_1_186' title='bbox 1212 1870 1308 1924; x_wconf 87' lang='lat' dir='ltr'><strong>Lunae</strong></span> <span class='ocrx_word' id='word_1_187' title='bbox 1326 1869 1553 1925; x_wconf 85' lang='lat' dir='ltr'><strong>occultationibua</strong></span> <span class='ocrx_word' id='word_1_188' title='bbox 1571 1867 1685 1939; x_wconf 81' lang='lat' dir='ltr'><strong>ringella</strong></span> <span class='ocrx_word' id='word_1_189' title='bbox 1704 1875 1772 1926; x_wconf 88' lang='lat' dir='ltr'><strong>aunt</strong></span> <span class='ocrx_word' id='word_1_190' title='bbox 1789 1870 1883 1925; x_wconf 78' lang='lat' dir='ltr'><strong>Venari</strong></span> 
     </span>
     <span class='ocr_line' id='line_1_16' title="bbox 534 1948 1882 2021; baseline -0.003 -14"><span class='ocrx_word' id='word_1_191' title='bbox 534 1960 562 2008; x_wconf 88' lang='lat' dir='ltr'><strong>at</strong></span> <span class='ocrx_word' id='word_1_192' title='bbox 578 1951 713 2007; x_wconf 85' lang='lat' dir='ltr'><strong>Mercurio</strong></span> <span class='ocrx_word' id='word_1_193' title='bbox 730 1951 819 2017; x_wconf 88' lang='lat' dir='ltr'><strong>binae,</strong></span> <span class='ocrx_word' id='word_1_194' title='bbox 840 1965 910 2017; x_wconf 87' lang='lat' dir='ltr'><strong>quae</strong></span> <span class='ocrx_word' id='word_1_195' title='bbox 925 1948 983 2021; x_wconf 83' lang='lat' dir='ltr'><strong>situ</strong></span> <span class='ocrx_word' id='word_1_196' title='bbox 999 1950 1170 2018; x_wconf 83' lang='lat' dir='ltr'><strong>planetarum</strong></span> <span class='ocrx_word' id='word_1_197' title='bbox 1188 1950 1216 2004; x_wconf 90' lang='lat' dir='ltr'><strong>in</strong></span> <span class='ocrx_word' id='word_1_198' title='bbox 1234 1950 1391 2005; x_wconf 81' lang='lat' dir='ltr'><strong>summarel</strong></span> <span class='ocrx_word' id='word_1_199' title='bbox 1409 1951 1464 2005; x_wconf 91' lang='lat' dir='ltr'><strong>ima</strong></span> <span class='ocrx_word' id='word_1_200' title='bbox 1481 1948 1578 2019; x_wconf 89' lang='lat' dir='ltr'><strong>apside</strong></span> <span class='ocrx_word' id='word_1_201' title='bbox 1589 1949 1798 2019; x_wconf 72' lang='lat' dir='ltr'><strong>disdnguuntur</strong></span> <span class='ocrx_word' id='word_1_202' title='bbox 1815 1949 1882 2004; x_wconf 84' lang='lat' dir='ltr'><strong>inde</strong></span> 
     </span>
     <span class='ocr_line' id='line_1_17' title="bbox 533 2028 1882 2099; baseline -0.004 -12"><span class='ocrx_word' id='word_1_203' title='bbox 533 2046 587 2099; x_wconf 86' lang='lat' dir='ltr'><strong>qus</strong></span> <span class='ocrx_word' id='word_1_204' title='bbox 605 2028 820 2085; x_wconf 86' lang='lat' dir='ltr'><strong>denominantur.</strong></span> <span class='ocrx_word' id='word_1_205' title='bbox 856 2028 962 2082; x_wconf 86' lang='lat' dir='ltr'><strong>Dicitur</strong></span> <span class='ocrx_word' id='word_1_206' title='bbox 989 2043 1054 2098; x_wconf 86' lang='lat' dir='ltr'><strong>ergo</strong></span> <span class='ocrx_word' id='word_1_207' title='bbox 1082 2028 1202 2085; x_wconf 89' lang='lat' dir='ltr'><strong>secunda</strong></span> <span class='ocrx_word' id='word_1_208' title='bbox 1219 2029 1365 2085; x_wconf 85' lang='lat' dir='ltr'><strong>occultatio</strong></span> <span class='ocrx_word' id='word_1_209' title='bbox 1391 2030 1494 2098; x_wconf 86' lang='lat' dir='ltr'><strong>primae</strong></span> <span class='ocrx_word' id='word_1_210' title='bbox 1522 2028 1758 2098; x_wconf 65' lang='lat' dir='ltr'><strong>«oppositarum</strong></span> <span class='ocrx_word' id='word_1_211' title='bbox 1783 2038 1882 2083; x_wconf 86' lang='lat' dir='ltr'><strong>tantun</strong></span> 
     </span>
     <span class='ocr_line' id='line_1_18' title="bbox 530 2105 1882 2178; baseline -0.001 -15"><span class='ocrx_word' id='word_1_212' title='bbox 530 2116 643 2177; x_wconf 86' lang='lat' dir='ltr'><strong>propter</strong></span> <span class='ocrx_word' id='word_1_213' title='bbox 660 2107 741 2162; x_wconf 88' lang='lat' dir='ltr'><strong>situm</strong></span> <span class='ocrx_word' id='word_1_214' title='bbox 758 2108 832 2164; x_wconf 87' lang='lat' dir='ltr'><strong>huno</strong></span> <span class='ocrx_word' id='word_1_215' title='bbox 849 2106 945 2162; x_wconf 85' lang='lat' dir='ltr'><strong>sideris</strong></span> <span class='ocrx_word' id='word_1_216' title='bbox 962 2106 989 2161; x_wconf 94' lang='lat' dir='ltr'><strong>in</strong></span> <span class='ocrx_word' id='word_1_217' title='bbox 1018 2108 1144 2178; x_wconf 85' lang='lat' dir='ltr'><strong>opposita</strong></span> <span class='ocrx_word' id='word_1_218' title='bbox 1162 2108 1256 2164; x_wconf 87' lang='lat' dir='ltr'><strong>circuli</strong></span> <span class='ocrx_word' id='word_1_219' title='bbox 1273 2116 1366 2176; x_wconf 89' lang='lat' dir='ltr'><strong>parte,</strong></span> <span class='ocrx_word' id='word_1_220' title='bbox 1393 2108 1442 2169; x_wconf 90' lang='lat' dir='ltr'><strong>aed</strong></span> <span class='ocrx_word' id='word_1_221' title='bbox 1459 2107 1545 2161; x_wconf 89' lang='lat' dir='ltr'><strong>multo</strong></span> <span class='ocrx_word' id='word_1_222' title='bbox 1563 2105 1649 2176; x_wconf 88' lang='lat' dir='ltr'><strong>magia</strong></span> <span class='ocrx_word' id='word_1_223' title='bbox 1666 2116 1782 2177; x_wconf 89' lang='lat' dir='ltr'><strong>propter</strong></span> <span class='ocrx_word' id='word_1_224' title='bbox 1801 2109 1882 2176; x_wconf 84' lang='lat' dir='ltr'><strong>ipsam</strong></span> 
     </span>
     <span class='ocr_line' id='line_1_19' title="bbox 505 2185 1881 2258; baseline -0.001 -16"><span class='ocrx_word' id='word_1_225' title='bbox 505 2210 508 2216; x_wconf 60' lang='lat'><strong><em>¹</em></strong></span> <span class='ocrx_word' id='word_1_226' title='bbox 532 2186 714 2245; x_wconf 91' lang='lat' dir='ltr'><strong>conditionem</strong></span> <span class='ocrx_word' id='word_1_227' title='bbox 733 2185 931 2241; x_wconf 88' lang='lat' dir='ltr'><strong>occultationis.</strong></span> <span class='ocrx_word' id='word_1_228' title='bbox 967 2187 1036 2241; x_wconf 86' lang='lat' dir='ltr'><strong>Nam</strong></span> <span class='ocrx_word' id='word_1_229' title='bbox 1054 2190 1082 2243; x_wconf 87' lang='lat' dir='ltr'><strong>ln</strong></span> <span class='ocrx_word' id='word_1_230' title='bbox 1100 2190 1189 2258; x_wconf 88' lang='lat' dir='ltr'><strong>prima</strong></span> <span class='ocrx_word' id='word_1_231' title='bbox 1207 2188 1378 2242; x_wconf 88' lang='lat' dir='ltr'><strong>occultantur</strong></span> <span class='ocrx_word' id='word_1_232' title='bbox 1403 2188 1541 2250; x_wconf 85' lang='lat' dir='ltr'><strong>matutini,</strong></span> <span class='ocrx_word' id='word_1_233' title='bbox 1568 2192 1710 2254; x_wconf 77' lang='lat' dir='ltr'><strong>emergam</strong></span> <span class='ocrx_word' id='word_1_234' title='bbox 1728 2186 1881 2254; x_wconf 80' lang='lat' dir='ltr'><strong>vespertini,</strong></span> 
     </span>
     <span class='ocr_line' id='line_1_20' title="bbox 531 2264 1882 2336; baseline -0.003 -15"><span class='ocrx_word' id='word_1_235' title='bbox 531 2272 562 2321; x_wconf 90' lang='lat' dir='ltr'><strong>ut</strong></span> <span class='ocrx_word' id='word_1_236' title='bbox 578 2266 669 2335; x_wconf 86' lang='lat' dir='ltr'><strong>Luna;</strong></span> <span class='ocrx_word' id='word_1_237' title='bbox 687 2268 716 2321; x_wconf 88' lang='lat' dir='ltr'><strong>iu</strong></span> <span class='ocrx_word' id='word_1_238' title='bbox 728 2265 847 2323; x_wconf 88' lang='lat' dir='ltr'><strong>secunda</strong></span> <span class='ocrx_word' id='word_1_239' title='bbox 859 2281 922 2321; x_wconf 79' lang='lat' dir='ltr'><strong>uero</strong></span> <span class='ocrx_word' id='word_1_240' title='bbox 941 2267 1112 2325; x_wconf 85' lang='lat' dir='ltr'><strong>occultantur</strong></span> <span class='ocrx_word' id='word_1_241' title='bbox 1124 2266 1278 2336; x_wconf 87' lang='lat' dir='ltr'><strong>vespertini,</strong></span> <span class='ocrx_word' id='word_1_242' title='bbox 1296 2274 1438 2335; x_wconf 81' lang='lat' dir='ltr'><strong>emergunt</strong></span> <span class='ocrx_word' id='word_1_243' title='bbox 1450 2266 1584 2334; x_wconf 90' lang='lat' dir='ltr'><strong>matutini,</strong></span> <span class='ocrx_word' id='word_1_244' title='bbox 1603 2272 1634 2319; x_wconf 92' lang='lat' dir='ltr'><strong>ut</strong></span> <span class='ocrx_word' id='word_1_245' title='bbox 1645 2273 1702 2319; x_wconf 90' lang='lat' dir='ltr'><strong>tres</strong></span> <span class='ocrx_word' id='word_1_246' title='bbox 1719 2264 1882 2333; x_wconf 72' lang='lat' dir='ltr'><strong>superiores</strong></span> 
     </span>
    </p>
   </div>
   <div class='ocr_carea' id='block_1_4' title="bbox 451 2359 1882 4272">
    <p class='ocr_par' dir='ltr' id='par_1_4' title="bbox 528 2359 1882 3617">
     <span class='ocr_line' id='line_1_21' title="bbox 617 2359 1879 2431; baseline -0.004 -14"><span class='ocrx_word' id='word_1_247' title='bbox 617 2363 691 2418; x_wconf 85' lang='lat' dir='ltr'><strong>Nota</strong></span> <span class='ocrx_word' id='word_1_248' title='bbox 708 2363 767 2417; x_wconf 85' lang='lat' dir='ltr'><strong>Vll.</strong></span> <span class='ocrx_word' id='word_1_249' title='bbox 804 2362 1007 2417; x_wconf 87' lang='lat' dir='ltr'><strong>Dubitationem</strong></span> <span class='ocrx_word' id='word_1_250' title='bbox 1030 2363 1129 2430; x_wconf 86' lang='lat' dir='ltr'><strong>habet,</strong></span> <span class='ocrx_word' id='word_1_251' title='bbox 1155 2378 1210 2431; x_wconf 88' lang='lat' dir='ltr'><strong>qna</strong></span> <span class='ocrx_word' id='word_1_252' title='bbox 1235 2378 1267 2415; x_wconf 89' lang='lat' dir='ltr'><strong>re</strong></span> <span class='ocrx_word' id='word_1_253' title='bbox 1296 2362 1423 2417; x_wconf 89' lang='lat' dir='ltr'><strong>metiatur</strong></span> <span class='ocrx_word' id='word_1_254' title='bbox 1444 2359 1613 2415; x_wconf 88' lang='lat' dir='ltr'><strong>latitudinem</strong></span> <span class='ocrx_word' id='word_1_255' title='bbox 1637 2361 1706 2415; x_wconf 91' lang='lat' dir='ltr'><strong>situs</strong></span> <span class='ocrx_word' id='word_1_256' title='bbox 1724 2360 1879 2430; x_wconf 75' lang='lat' dir='ltr'><strong>acronycbi:</strong></span> 
     </span>
     <span class='ocr_line' id='line_1_22' title="bbox 532 2435 1879 2512; baseline -0.004 -16"><span class='ocrx_word' id='word_1_257' title='bbox 532 2458 594 2497; x_wconf 89' lang='lat' dir='ltr'><strong>nam</strong></span> <span class='ocrx_word' id='word_1_258' title='bbox 612 2443 720 2497; x_wconf 84' lang='lat' dir='ltr'><strong>videtur</strong></span> <span class='ocrx_word' id='word_1_259' title='bbox 735 2442 846 2511; x_wconf 89' lang='lat' dir='ltr'><strong>planeta</strong></span> <span class='ocrx_word' id='word_1_260' title='bbox 863 2457 918 2497; x_wconf 90' lang='lat' dir='ltr'><strong>una</strong></span> <span class='ocrx_word' id='word_1_261' title='bbox 935 2448 963 2497; x_wconf 89' lang='lat' dir='ltr'><strong>et</strong></span> <span class='ocrx_word' id='word_1_262' title='bbox 980 2441 1075 2494; x_wconf 85' lang='lat' dir='ltr'><strong>eadem</strong></span> <span class='ocrx_word' id='word_1_263' title='bbox 1093 2439 1191 2512; x_wconf 63' lang='lat' dir='ltr'><strong>dielsi</strong></span> <span class='ocrx_word' id='word_1_264' title='bbox 1209 2435 1354 2495; x_wconf 81' lang='lat' dir='ltr'><strong>latitodIne</strong></span> <span class='ocrx_word' id='word_1_265' title='bbox 1372 2443 1454 2506; x_wconf 84' lang='lat' dir='ltr'><strong>caret)</strong></span> <span class='ocrx_word' id='word_1_266' title='bbox 1482 2448 1509 2495; x_wconf 90' lang='lat' dir='ltr'><strong>et</strong></span> <span class='ocrx_word' id='word_1_267' title='bbox 1526 2440 1591 2495; x_wconf 90' lang='lat' dir='ltr'><strong>oriri</strong></span> <span class='ocrx_word' id='word_1_268' title='bbox 1608 2441 1635 2494; x_wconf 89' lang='lat' dir='ltr'><strong>iu</strong></span> <span class='ocrx_word' id='word_1_269' title='bbox 1653 2457 1708 2496; x_wconf 91' lang='lat' dir='ltr'><strong>nno</strong></span> <span class='ocrx_word' id='word_1_270' title='bbox 1726 2439 1820 2495; x_wconf 88' lang='lat' dir='ltr'><strong>noctis</strong></span> <span class='ocrx_word' id='word_1_271' title='bbox 1839 2454 1879 2492; x_wconf 87' lang='lat' dir='ltr'><strong>er·</strong></span> 
     </span>
     <span class='ocr_line' id='line_1_23' title="bbox 530 2518 1882 2589; baseline -0.002 -14"><span class='ocrx_word' id='word_1_272' title='bbox 530 2528 627 2589; x_wconf 89' lang='lat' dir='ltr'><strong>tremo,</strong></span> <span class='ocrx_word' id='word_1_273' title='bbox 644 2536 682 2575; x_wconf 90' lang='lat' dir='ltr'><strong>sc.</strong></span> <span class='ocrx_word' id='word_1_274' title='bbox 701 2519 731 2574; x_wconf 90' lang='lat' dir='ltr'><strong>in</strong></span> <span class='ocrx_word' id='word_1_275' title='bbox 749 2519 808 2587; x_wconf 86' lang='lat' dir='ltr'><strong>ejus</strong></span> <span class='ocrx_word' id='word_1_276' title='bbox 825 2518 966 2588; x_wconf 85' lang='lat' dir='ltr'><strong>principio,</strong></span> <span class='ocrx_word' id='word_1_277' title='bbox 985 2527 1012 2572; x_wconf 88' lang='grc' dir='ltr'><strong>ιι</strong></span> <span class='ocrx_word' id='word_1_278' title='bbox 1030 2518 1155 2573; x_wconf 87' lang='lat' dir='ltr'><strong>occidere</strong></span> <span class='ocrx_word' id='word_1_279' title='bbox 1172 2518 1200 2572; x_wconf 91' lang='lat' dir='ltr'><strong>in</strong></span> <span class='ocrx_word' id='word_1_280' title='bbox 1219 2518 1341 2586; x_wconf 87' lang='lat' dir='ltr'><strong>ejusdem</strong></span> <span class='ocrx_word' id='word_1_281' title='bbox 1358 2518 1413 2573; x_wconf 89' lang='lat' dir='ltr'><strong>line</strong></span> <span class='ocrx_word' id='word_1_282' title='bbox 1431 2534 1481 2574; x_wconf 90' lang='lat' dir='ltr'><strong>seu</strong></span> <span class='ocrx_word' id='word_1_283' title='bbox 1499 2526 1621 2575; x_wconf 86' lang='lat' dir='ltr'><strong>extremo</strong></span> <span class='ocrx_word' id='word_1_284' title='bbox 1638 2520 1737 2575; x_wconf 85' lang='lat' dir='ltr'><strong>altero.</strong></span> <span class='ocrx_word' id='word_1_285' title='bbox 1765 2520 1806 2589; x_wconf 71' lang='grc' dir='ltr'><strong>ᾼι</strong></span> <span class='ocrx_word' id='word_1_286' title='bbox 1824 2518 1882 2572; x_wconf 78' lang='lat' dir='ltr'><strong>Pto</strong></span> 
     </span>
     <span class='ocr_line' id='line_1_24' title="bbox 530 2597 1880 2668; baseline -0.001 -17"><span class='ocrx_word' id='word_1_287' title='bbox 530 2598 651 2654; x_wconf 88' lang='lat' dir='ltr'><strong>lemaeua</strong></span> <span class='ocrx_word' id='word_1_288' title='bbox 669 2597 840 2653; x_wconf 85' lang='lat' dir='ltr'><strong>intervallum</strong></span> <span class='ocrx_word' id='word_1_289' title='bbox 857 2598 935 2666; x_wconf 91' lang='lat' dir='ltr'><strong>ponit</strong></span> <span class='ocrx_word' id='word_1_290' title='bbox 947 2612 964 2651; x_wconf 91' lang='lat' dir='ltr'><strong>a</strong></span> <span class='ocrx_word' id='word_1_291' title='bbox 975 2598 1129 2666; x_wconf 84' lang='lat' dir='ltr'><strong>vespertino</strong></span> <span class='ocrx_word' id='word_1_292' title='bbox 1147 2605 1209 2652; x_wconf 90' lang='lat' dir='ltr'><strong>ortu</strong></span> <span class='ocrx_word' id='word_1_293' title='bbox 1226 2614 1313 2667; x_wconf 87' lang='lat' dir='ltr'><strong>usqne</strong></span> <span class='ocrx_word' id='word_1_294' title='bbox 1331 2598 1366 2653; x_wconf 88' lang='lat' dir='ltr'><strong>ad</strong></span> <span class='ocrx_word' id='word_1_295' title='bbox 1382 2598 1546 2653; x_wconf 85' lang='lat' dir='ltr'><strong>matutinum</strong></span> <span class='ocrx_word' id='word_1_296' title='bbox 1558 2597 1720 2668; x_wconf 75' lang='lat' dir='ltr'><strong>occubitum</strong></span> <span class='ocrx_word' id='word_1_297' title='bbox 1740 2597 1880 2667; x_wconf 75' lang='lat' dir='ltr'><strong>Quomodo</strong></span> 
     </span>
     <span class='ocr_line' id='line_1_25' title="bbox 531 2673 1881 2746; baseline 0 -15"><span class='ocrx_word' id='word_1_298' title='bbox 531 2684 621 2732; x_wconf 89' lang='lat' dir='ltr'><strong>autem</strong></span> <span class='ocrx_word' id='word_1_299' title='bbox 638 2676 735 2731; x_wconf 91' lang='lat' dir='ltr'><strong>horum</strong></span> <span class='ocrx_word' id='word_1_300' title='bbox 752 2673 862 2744; x_wconf 84' lang='lat' dir='ltr'><strong>aliquod</strong></span> <span class='ocrx_word' id='word_1_301' title='bbox 881 2683 923 2730; x_wconf 89' lang='lat' dir='ltr'><strong>est</strong></span> <span class='ocrx_word' id='word_1_302' title='bbox 947 2675 1140 2733; x_wconf 80' lang='lat' dir='ltr'><strong>intervallum?</strong></span> <span class='ocrx_word' id='word_1_303' title='bbox 1175 2678 1308 2732; x_wconf 82' lang='lat' dir='ltr'><strong>Nimirum</strong></span> <span class='ocrx_word' id='word_1_304' title='bbox 1334 2677 1441 2746; x_wconf 79' lang='lat' dir='ltr'><strong>vesperi</strong></span> <span class='ocrx_word' id='word_1_305' title='bbox 1468 2683 1534 2730; x_wconf 90' lang='lat' dir='ltr'><strong>tunc</strong></span> <span class='ocrx_word' id='word_1_306' title='bbox 1559 2675 1711 2731; x_wconf 84' lang='lat' dir='ltr'><strong>cemendua</strong></span> <span class='ocrx_word' id='word_1_307' title='bbox 1739 2684 1784 2730; x_wconf 83' lang='lat' dir='ltr'><strong>est</strong></span> <span class='ocrx_word' id='word_1_308' title='bbox 1812 2676 1881 2740; x_wconf 79' lang='lat' dir='ltr'><strong>oriri,</strong></span> 
     </span>
     <span class='ocr_line' id='line_1_26' title="bbox 531 2754 1881 2825; baseline -0.001 -12"><span class='ocrx_word' id='word_1_309' title='bbox 531 2773 591 2813; x_wconf 88' lang='lat' dir='ltr'><strong>oum</strong></span> <span class='ocrx_word' id='word_1_310' title='bbox 610 2755 657 2811; x_wconf 84' lang='lat' dir='ltr'><strong>Sol</strong></span> <span class='ocrx_word' id='word_1_311' title='bbox 674 2762 781 2809; x_wconf 90' lang='lat' dir='ltr'><strong>tantum</strong></span> <span class='ocrx_word' id='word_1_312' title='bbox 795 2755 854 2823; x_wconf 88' lang='lat' dir='ltr'><strong>jam</strong></span> <span class='ocrx_word' id='word_1_313' title='bbox 872 2754 1011 2809; x_wconf 85' lang='lat' dir='ltr'><strong>demersus</strong></span> <span class='ocrx_word' id='word_1_314' title='bbox 1029 2762 1080 2823; x_wconf 89' lang='lat' dir='ltr'><strong>est,</strong></span> <span class='ocrx_word' id='word_1_315' title='bbox 1100 2765 1132 2811; x_wconf 91' lang='lat' dir='ltr'><strong>nt</strong></span> <span class='ocrx_word' id='word_1_316' title='bbox 1149 2758 1239 2811; x_wconf 88' lang='lat' dir='ltr'><strong>oriens</strong></span> <span class='ocrx_word' id='word_1_317' title='bbox 1257 2755 1370 2825; x_wconf 86' lang='lat' dir='ltr'><strong>planeta</strong></span> <span class='ocrx_word' id='word_1_318' title='bbox 1387 2756 1479 2812; x_wconf 88' lang='lat' dir='ltr'><strong>statim</strong></span> <span class='ocrx_word' id='word_1_319' title='bbox 1496 2755 1525 2809; x_wconf 91' lang='lat' dir='ltr'><strong>in</strong></span> <span class='ocrx_word' id='word_1_320' title='bbox 1542 2757 1603 2825; x_wconf 94' lang='lat' dir='ltr'><strong>ipso</strong></span> <span class='ocrx_word' id='word_1_321' title='bbox 1615 2764 1678 2811; x_wconf 92' lang='lat' dir='ltr'><strong>ortu</strong></span> <span class='ocrx_word' id='word_1_322' title='bbox 1694 2757 1770 2811; x_wconf 85' lang='lat' dir='ltr'><strong>cerni</strong></span> <span class='ocrx_word' id='word_1_323' title='bbox 1786 2757 1881 2825; x_wconf 76' lang='lat' dir='ltr'><strong>possit</strong></span> 
     </span>
     <span class='ocr_line' id='line_1_27' title="bbox 531 2832 1881 2905; baseline -0.001 -14"><span class='ocrx_word' id='word_1_324' title='bbox 531 2835 604 2905; x_wconf 87' lang='lat' dir='ltr'><strong>quod</strong></span> <span class='ocrx_word' id='word_1_325' title='bbox 621 2834 733 2889; x_wconf 88' lang='lat' dir='ltr'><strong>litante</strong></span> <span class='ocrx_word' id='word_1_326' title='bbox 750 2841 905 2889; x_wconf 84' lang='lat' dir='ltr'><strong>accuratam</strong></span> <span class='ocrx_word' id='word_1_327' title='bbox 924 2832 1139 2903; x_wconf 87' lang='lat' dir='ltr'><strong>oppositionem,</strong></span> <span class='ocrx_word' id='word_1_328' title='bbox 1167 2834 1278 2903; x_wconf 90' lang='lat' dir='ltr'><strong>planeta</strong></span> <span class='ocrx_word' id='word_1_329' title='bbox 1296 2843 1372 2889; x_wconf 89' lang='lat' dir='ltr'><strong>motu</strong></span> <span class='ocrx_word' id='word_1_330' title='bbox 1397 2835 1555 2902; x_wconf 86' lang='lat' dir='ltr'><strong>retrogrado</strong></span> <span class='ocrx_word' id='word_1_331' title='bbox 1573 2835 1663 2891; x_wconf 89' lang='lat' dir='ltr'><strong>adhuc</strong></span> <span class='ocrx_word' id='word_1_332' title='bbox 1680 2836 1756 2891; x_wconf 85' lang='lat' dir='ltr'><strong>ultra</strong></span> <span class='ocrx_word' id='word_1_333' title='bbox 1772 2836 1881 2905; x_wconf 85' lang='lat' dir='ltr'><strong>opposi-</strong></span> 
     </span>
     <span class='ocr_line' id='line_1_28' title="bbox 529 2911 1879 2983; baseline 0 -12"><span class='ocrx_word' id='word_1_334' title='bbox 529 2916 631 2971; x_wconf 82' lang='lat' dir='ltr'><strong>tionem</strong></span> <span class='ocrx_word' id='word_1_335' title='bbox 648 2911 922 2982; x_wconf 85' lang='lat' dir='ltr'><strong>inconsequentibus</strong></span> <span class='ocrx_word' id='word_1_336' title='bbox 941 2920 1074 2969; x_wconf 81' lang='lat' dir='ltr'><strong>versante.</strong></span> <span class='ocrx_word' id='word_1_337' title='bbox 1104 2914 1236 2970; x_wconf 61' lang='lat' dir='ltr'><strong>ViciarIm</strong></span> <span class='ocrx_word' id='word_1_338' title='bbox 1255 2922 1321 2969; x_wconf 91' lang='lat' dir='ltr'><strong>tunc</strong></span> <span class='ocrx_word' id='word_1_339' title='bbox 1338 2928 1417 2969; x_wconf 91' lang='lat' dir='ltr'><strong>mane</strong></span> <span class='ocrx_word' id='word_1_340' title='bbox 1436 2914 1588 2968; x_wconf 90' lang='lat' dir='ltr'><strong>censendus</strong></span> <span class='ocrx_word' id='word_1_341' title='bbox 1607 2920 1649 2969; x_wconf 88' lang='lat' dir='ltr'><strong>est</strong></span> <span class='ocrx_word' id='word_1_342' title='bbox 1665 2912 1802 2983; x_wconf 85' lang='lat' dir='ltr'><strong>occidere,</strong></span> <span class='ocrx_word' id='word_1_343' title='bbox 1821 2932 1879 2971; x_wconf 81' lang='lat' dir='ltr'><strong>oum</strong></span> 
     </span>
     <span class='ocr_line' id='line_1_29' title="bbox 531 2988 1880 3062; baseline 0.001 -13"><span class='ocrx_word' id='word_1_344' title='bbox 531 2992 577 3049; x_wconf 82' lang='lat' dir='ltr'><strong>Sol</strong></span> <span class='ocrx_word' id='word_1_345' title='bbox 594 2992 683 3049; x_wconf 89' lang='lat' dir='ltr'><strong>adhuc</strong></span> <span class='ocrx_word' id='word_1_346' title='bbox 701 2998 779 3047; x_wconf 85' lang='lat' dir='ltr'><strong>tanto</strong></span> <span class='ocrx_word' id='word_1_347' title='bbox 798 2993 886 3061; x_wconf 89' lang='lat' dir='ltr'><strong>spatio</strong></span> <span class='ocrx_word' id='word_1_348' title='bbox 904 2992 954 3047; x_wconf 87' lang='lat' dir='ltr'><strong>sub</strong></span> <span class='ocrx_word' id='word_1_349' title='bbox 973 2988 1141 3049; x_wconf 83' lang='lat' dir='ltr'><strong>horizontem</strong></span> <span class='ocrx_word' id='word_1_350' title='bbox 1159 2993 1300 3047; x_wconf 90' lang='lat' dir='ltr'><strong>demersus</strong></span> <span class='ocrx_word' id='word_1_351' title='bbox 1318 3000 1377 3058; x_wconf 88' lang='lat' dir='ltr'><strong>est,</strong></span> <span class='ocrx_word' id='word_1_352' title='bbox 1404 3000 1436 3047; x_wconf 93' lang='lat' dir='ltr'><strong>ut</strong></span> <span class='ocrx_word' id='word_1_353' title='bbox 1452 2992 1564 3061; x_wconf 87' lang='lat' dir='ltr'><strong>planeta</strong></span> <span class='ocrx_word' id='word_1_354' title='bbox 1580 2992 1609 3047; x_wconf 93' lang='lat' dir='ltr'><strong>in</strong></span> <span class='ocrx_word' id='word_1_355' title='bbox 1626 2992 1765 3062; x_wconf 88' lang='lat' dir='ltr'><strong>ipsissimo</strong></span> <span class='ocrx_word' id='word_1_356' title='bbox 1783 3011 1880 3050; x_wconf 83' lang='lat' dir='ltr'><strong>occasu</strong></span> 
     </span>
     <span class='ocr_line' id='line_1_30' title="bbox 529 3068 1881 3142; baseline 0 -13"><span class='ocrx_word' id='word_1_357' title='bbox 529 3072 692 3129; x_wconf 90' lang='lat' dir='ltr'><strong>constitutus</strong></span> <span class='ocrx_word' id='word_1_358' title='bbox 711 3072 785 3126; x_wconf 90' lang='lat' dir='ltr'><strong>cerni</strong></span> <span class='ocrx_word' id='word_1_359' title='bbox 802 3070 901 3141; x_wconf 85' lang='lat' dir='ltr'><strong>possit,</strong></span> <span class='ocrx_word' id='word_1_360' title='bbox 928 3071 1001 3140; x_wconf 92' lang='lat' dir='ltr'><strong>quod</strong></span> <span class='ocrx_word' id='word_1_361' title='bbox 1019 3072 1051 3126; x_wconf 88' lang='lat' dir='ltr'><strong>fit</strong></span> <span class='ocrx_word' id='word_1_362' title='bbox 1066 3079 1131 3142; x_wconf 89' lang='lat' dir='ltr'><strong>post</strong></span> <span class='ocrx_word' id='word_1_363' title='bbox 1148 3068 1302 3126; x_wconf 76' lang='lat' dir='ltr'><strong>accuratam</strong></span> <span class='ocrx_word' id='word_1_364' title='bbox 1320 3070 1536 3139; x_wconf 87' lang='lat' dir='ltr'><strong>oppositionem,</strong></span> <span class='ocrx_word' id='word_1_365' title='bbox 1564 3070 1684 3141; x_wconf 87' lang='lat' dir='ltr'><strong>planetis</strong></span> <span class='ocrx_word' id='word_1_366' title='bbox 1700 3080 1779 3128; x_wconf 87' lang='lat' dir='ltr'><strong>motu</strong></span> <span class='ocrx_word' id='word_1_367' title='bbox 1797 3081 1881 3129; x_wconf 81' lang='lat' dir='ltr'><strong>retro</strong></span> 
     </span>
     <span class='ocr_line' id='line_1_31' title="bbox 528 3149 1880 3221; baseline 0.001 -17"><span class='ocrx_word' id='word_1_368' title='bbox 528 3150 612 3221; x_wconf 84' lang='lat' dir='ltr'><strong>gredo</strong></span> <span class='ocrx_word' id='word_1_369' title='bbox 635 3150 692 3219; x_wconf 88' lang='lat' dir='ltr'><strong>jam</strong></span> <span class='ocrx_word' id='word_1_370' title='bbox 710 3158 773 3205; x_wconf 90' lang='lat' dir='ltr'><strong>ante</strong></span> <span class='ocrx_word' id='word_1_371' title='bbox 792 3150 863 3206; x_wconf 84' lang='lat' dir='ltr'><strong>Solis</strong></span> <span class='ocrx_word' id='word_1_372' title='bbox 883 3150 1038 3221; x_wconf 89' lang='lat' dir='ltr'><strong>oppositum</strong></span> <span class='ocrx_word' id='word_1_373' title='bbox 1057 3150 1164 3206; x_wconf 87' lang='lat' dir='ltr'><strong>deletis.</strong></span> <span class='ocrx_word' id='word_1_374' title='bbox 1200 3150 1284 3206; x_wconf 78' lang='lat' dir='ltr'><strong>Notat</strong></span> <span class='ocrx_word' id='word_1_375' title='bbox 1301 3164 1365 3204; x_wconf 83' lang='lat' dir='ltr'><strong>vero</strong></span> <span class='ocrx_word' id='word_1_376' title='bbox 1391 3149 1480 3205; x_wconf 92' lang='lat' dir='ltr'><strong>locum</strong></span> <span class='ocrx_word' id='word_1_377' title='bbox 1503 3151 1575 3207; x_wconf 92' lang='lat' dir='ltr'><strong>hunc</strong></span> <span class='ocrx_word' id='word_1_378' title='bbox 1594 3168 1628 3205; x_wconf 88' lang='lat' dir='ltr'><strong>ex</strong></span> <span class='ocrx_word' id='word_1_379' title='bbox 1646 3150 1807 3208; x_wconf 77' lang='lat' dir='ltr'><strong>Ptolomaeo</strong></span> <span class='ocrx_word' id='word_1_380' title='bbox 1825 3164 1880 3206; x_wconf 86' lang='lat' dir='ltr'><strong>stu·</strong></span> 
     </span>
     <span class='ocr_line' id='line_1_32' title="bbox 529 3228 1879 3299; baseline 0.001 -16"><span class='ocrx_word' id='word_1_381' title='bbox 529 3228 622 3285; x_wconf 91' lang='lat' dir='ltr'><strong>diosus</strong></span> <span class='ocrx_word' id='word_1_382' title='bbox 649 3229 828 3285; x_wconf 87' lang='lat' dir='ltr'><strong>astronomiae</strong></span> <span class='ocrx_word' id='word_1_383' title='bbox 856 3230 1033 3299; x_wconf 79' lang='lat' dir='ltr'><strong>conteratque</strong></span> <span class='ocrx_word' id='word_1_384' title='bbox 1060 3246 1120 3286; x_wconf 90' lang='lat' dir='ltr'><strong>cum</strong></span> <span class='ocrx_word' id='word_1_385' title='bbox 1146 3231 1197 3295; x_wconf 89' lang='lat' dir='ltr'><strong>iis,</strong></span> <span class='ocrx_word' id='word_1_386' title='bbox 1221 3244 1293 3299; x_wconf 86' lang='lat' dir='ltr'><strong>quaa</strong></span> <span class='ocrx_word' id='word_1_387' title='bbox 1317 3230 1346 3283; x_wconf 89' lang='lat' dir='ltr'><strong>in</strong></span> <span class='ocrx_word' id='word_1_388' title='bbox 1364 3228 1506 3299; x_wconf 86' lang='lat' dir='ltr'><strong>Epitomes</strong></span> <span class='ocrx_word' id='word_1_389' title='bbox 1525 3231 1714 3286; x_wconf 68' lang='lat' dir='ltr'><strong>astronomiae</strong></span> <span class='ocrx_word' id='word_1_390' title='bbox 1741 3231 1814 3288; x_wconf 90' lang='lat' dir='ltr'><strong>libro</strong></span> <span class='ocrx_word' id='word_1_391' title='bbox 1831 3230 1879 3285; x_wconf 79' lang='lat' dir='ltr'><strong>Ill</strong></span> 
     </span>
     <span class='ocr_line' id='line_1_33' title="bbox 529 3302 1880 3381; baseline 0.001 -17"><span class='ocrx_word' id='word_1_392' title='bbox 529 3316 623 3364; x_wconf 87' lang='lat' dir='ltr'><strong>contra</strong></span> <span class='ocrx_word' id='word_1_393' title='bbox 640 3308 776 3377; x_wconf 85' lang='lat' dir='ltr'><strong>vulgarem</strong></span> <span class='ocrx_word' id='word_1_394' title='bbox 794 3324 873 3365; x_wconf 87' lang='lat' dir='ltr'><strong>naum</strong></span> <span class='ocrx_word' id='word_1_395' title='bbox 890 3310 963 3365; x_wconf 82' lang='lat' dir='ltr'><strong>vocis</strong></span> <span class='ocrx_word' id='word_1_396' title='bbox 981 3311 1149 3381; x_wconf 81' lang='lat' dir='ltr'><strong>acronychos</strong></span> <span class='ocrx_word' id='word_1_397' title='bbox 1167 3302 1316 3379; x_wconf 83' lang='lat' dir='ltr'><strong>dirputevi:</strong></span> <span class='ocrx_word' id='word_1_398' title='bbox 1334 3308 1496 3374; x_wconf 86' lang='lat' dir='ltr'><strong>videbit,.ad</strong></span> <span class='ocrx_word' id='word_1_399' title='bbox 1512 3317 1630 3365; x_wconf 89' lang='lat' dir='ltr'><strong>mantem</strong></span> <span class='ocrx_word' id='word_1_400' title='bbox 1649 3309 1804 3365; x_wconf 84' lang='lat' dir='ltr'><strong>Ptolemaei</strong></span> <span class='ocrx_word' id='word_1_401' title='bbox 1820 3324 1880 3365; x_wconf 79' lang='lat' dir='ltr'><strong>ease</strong></span> 
     </span>
     <span class='ocr_line' id='line_1_34' title="bbox 529 3386 1880 3459; baseline 0.001 -17"><span class='ocrx_word' id='word_1_402' title='bbox 529 3388 626 3442; x_wconf 86' lang='lat' dir='ltr'><strong>omnia</strong></span> <span class='ocrx_word' id='word_1_403' title='bbox 662 3388 802 3445; x_wconf 84' lang='lat' dir='ltr'><strong>Potuisset</strong></span> <span class='ocrx_word' id='word_1_404' title='bbox 819 3389 901 3444; x_wconf 87' lang='lat' dir='ltr'><strong>etiarn</strong></span> <span class='ocrx_word' id='word_1_405' title='bbox 918 3389 971 3443; x_wconf 89' lang='lat' dir='ltr'><strong>hoc</strong></span> <span class='ocrx_word' id='word_1_406' title='bbox 989 3391 1122 3459; x_wconf 88' lang='lat' dir='ltr'><strong>spatium,</strong></span> <span class='ocrx_word' id='word_1_407' title='bbox 1140 3388 1214 3459; x_wconf 87' lang='lat' dir='ltr'><strong>qood</strong></span> <span class='ocrx_word' id='word_1_408' title='bbox 1231 3395 1296 3446; x_wconf 92' lang='lat' dir='ltr'><strong>tono</strong></span> <span class='ocrx_word' id='word_1_409' title='bbox 1315 3386 1477 3455; x_wconf 76' lang='lat' dir='ltr'><strong>disjumtiro</strong></span> <span class='ocrx_word' id='word_1_410' title='bbox 1496 3387 1628 3458; x_wconf 80' lang='lat' dir='ltr'><strong>vindicat,</strong></span> <span class='ocrx_word' id='word_1_411' title='bbox 1646 3389 1737 3443; x_wconf 89' lang='lat' dir='ltr'><strong>metiri</strong></span> <span class='ocrx_word' id='word_1_412' title='bbox 1755 3404 1823 3444; x_wconf 89' lang='lat' dir='ltr'><strong>arcu</strong></span> <span class='ocrx_word' id='word_1_413' title='bbox 1839 3404 1880 3443; x_wconf 83' lang='lat' dir='ltr'><strong>ra·</strong></span> 
     </span>
     <span class='ocr_line' id='line_1_35' title="bbox 528 3466 1879 3539; baseline 0.001 -18"><span class='ocrx_word' id='word_1_414' title='bbox 528 3468 749 3537; x_wconf 78' lang='lat' dir='ltr'><strong>trognadatr&#39;onia,</strong></span> <span class='ocrx_word' id='word_1_415' title='bbox 776 3468 829 3523; x_wconf 89' lang='lat' dir='ltr'><strong>nisi</strong></span> <span class='ocrx_word' id='word_1_416' title='bbox 846 3468 891 3523; x_wconf 89' lang='lat' dir='ltr'><strong>bic</strong></span> <span class='ocrx_word' id='word_1_417' title='bbox 909 3467 1021 3525; x_wconf 85' lang='lat' dir='ltr'><strong>diversis</strong></span> <span class='ocrx_word' id='word_1_418' title='bbox 1048 3467 1168 3538; x_wconf 86' lang='lat' dir='ltr'><strong>planetis</strong></span> <span class='ocrx_word' id='word_1_419' title='bbox 1185 3466 1308 3524; x_wconf 77' lang='lat' dir='ltr'><strong>diaetam</strong></span> <span class='ocrx_word' id='word_1_420' title='bbox 1335 3475 1408 3521; x_wconf 89' lang='lat' dir='ltr'><strong>esset</strong></span> <span class='ocrx_word' id='word_1_421' title='bbox 1435 3475 1463 3520; x_wconf 89' lang='lat' dir='ltr'><strong>et</strong></span> <span class='ocrx_word' id='word_1_422' title='bbox 1480 3467 1533 3522; x_wconf 90' lang='lat' dir='ltr'><strong>nisi</strong></span> <span class='ocrx_word' id='word_1_423' title='bbox 1549 3468 1642 3536; x_wconf 66' lang='lat' dir='ltr'><strong>Venus</strong></span> <span class='ocrx_word' id='word_1_424' title='bbox 1660 3470 1879 3539; x_wconf 76' lang='lat' dir='ltr'><strong>Mercuriusque,</strong></span> 
     </span>
     <span class='ocr_line' id='line_1_36' title="bbox 529 3545 1746 3617; baseline 0 -16"><span class='ocrx_word' id='word_1_425' title='bbox 529 3546 810 3617; x_wconf 87' lang='lat' dir='ltr'><strong>praeterquamquod</strong></span> <span class='ocrx_word' id='word_1_426' title='bbox 829 3556 894 3603; x_wconf 87' lang='lat' dir='ltr'><strong>sunt</strong></span> <span class='ocrx_word' id='word_1_427' title='bbox 910 3548 1069 3617; x_wconf 76' lang='lat' dir='ltr'><strong>retrogradi,</strong></span> <span class='ocrx_word' id='word_1_428' title='bbox 1088 3547 1141 3603; x_wconf 94' lang='lat' dir='ltr'><strong>hoc</strong></span> <span class='ocrx_word' id='word_1_429' title='bbox 1159 3546 1276 3616; x_wconf 90' lang='lat' dir='ltr'><strong>spatium</strong></span> <span class='ocrx_word' id='word_1_430' title='bbox 1295 3546 1376 3600; x_wconf 89' lang='lat' dir='ltr'><strong>etiam</strong></span> <span class='ocrx_word' id='word_1_431' title='bbox 1395 3545 1577 3604; x_wconf 88' lang='lat' dir='ltr'><strong>occultatione</strong></span> <span class='ocrx_word' id='word_1_432' title='bbox 1594 3547 1746 3616; x_wconf 88' lang='lat' dir='ltr'><strong>signarent.</strong></span> 
     </span>
    </p>

    <p class='ocr_par' dir='ltr' id='par_1_5' title="bbox 451 3628 1879 4179">
     <span class='ocr_line' id='line_1_37' title="bbox 616 3628 1879 3705; baseline 0 -14"><span class='ocrx_word' id='word_1_433' title='bbox 616 3636 689 3691; x_wconf 85' lang='lat' dir='ltr'><strong>Nota</strong></span> <span class='ocrx_word' id='word_1_434' title='bbox 705 3636 778 3691; x_wconf 85' lang='lat' dir='ltr'>VIII.</span> <span class='ocrx_word' id='word_1_435' title='bbox 803 3636 920 3692; x_wconf 89' lang='lat' dir='ltr'><strong>Pulchre</strong></span> <span class='ocrx_word' id='word_1_436' title='bbox 937 3637 982 3692; x_wconf 89' lang='lat' dir='ltr'><strong>bic</strong></span> <span class='ocrx_word' id='word_1_437' title='bbox 999 3642 1110 3705; x_wconf 87' lang='lat' dir='ltr'><strong>argutus</strong></span> <span class='ocrx_word' id='word_1_438' title='bbox 1129 3643 1179 3703; x_wconf 89' lang='grc' dir='ltr'><strong>ιιι,</strong></span> <span class='ocrx_word' id='word_1_439' title='bbox 1198 3633 1279 3703; x_wconf 88' lang='lat' dir='ltr'><strong>quod,</strong></span> <span class='ocrx_word' id='word_1_440' title='bbox 1298 3628 1360 3689; x_wconf 81' lang='lat' dir='ltr'><strong>edm</strong></span> <span class='ocrx_word' id='word_1_441' title='bbox 1371 3634 1465 3689; x_wconf 83' lang='lat' dir='ltr'><strong>Venus</strong></span> <span class='ocrx_word' id='word_1_442' title='bbox 1482 3642 1511 3689; x_wconf 91' lang='lat' dir='ltr'><strong>et</strong></span> <span class='ocrx_word' id='word_1_443' title='bbox 1522 3634 1674 3689; x_wconf 83' lang='lat' dir='ltr'><strong>Mercurius</strong></span> <span class='ocrx_word' id='word_1_444' title='bbox 1691 3634 1773 3690; x_wconf 87' lang='lat' dir='ltr'><strong>binas</strong></span> <span class='ocrx_word' id='word_1_445' title='bbox 1790 3633 1879 3691; x_wconf 86' lang='lat' dir='ltr'><strong>occal-</strong></span> 
     </span>
     <span class='ocr_line' id='line_1_38' title="bbox 528 3713 1878 3785; baseline 0 -16"><span class='ocrx_word' id='word_1_446' title='bbox 528 3715 645 3770; x_wconf 88' lang='lat' dir='ltr'><strong>tationas</strong></span> <span class='ocrx_word' id='word_1_447' title='bbox 662 3715 795 3785; x_wconf 83' lang='lat' dir='ltr'><strong>habeant,</strong></span> <span class='ocrx_word' id='word_1_448' title='bbox 814 3714 910 3785; x_wconf 87' lang='lat' dir='ltr'><strong>reliqui</strong></span> <span class='ocrx_word' id='word_1_449' title='bbox 927 3718 1031 3772; x_wconf 88' lang='lat' dir='ltr'><strong>tantum</strong></span> <span class='ocrx_word' id='word_1_450' title='bbox 1051 3713 1185 3785; x_wconf 82' lang='lat' dir='ltr'><strong>sIngulas,</strong></span> <span class='ocrx_word' id='word_1_451' title='bbox 1204 3713 1318 3770; x_wconf 85' lang='lat' dir='ltr'><strong>alterius</strong></span> <span class='ocrx_word' id='word_1_452' title='bbox 1336 3714 1395 3769; x_wconf 81' lang='lat' dir='ltr'><strong>rice</strong></span> <span class='ocrx_word' id='word_1_453' title='bbox 1414 3714 1442 3768; x_wconf 89' lang='lat' dir='ltr'><strong>in</strong></span> <span class='ocrx_word' id='word_1_454' title='bbox 1460 3714 1585 3775; x_wconf 80' lang='lat' dir='ltr'><strong>Saturno.</strong></span> <span class='ocrx_word' id='word_1_455' title='bbox 1602 3715 1679 3783; x_wconf 81' lang='lat' dir='ltr'><strong>Iove,</strong></span> <span class='ocrx_word' id='word_1_456' title='bbox 1699 3715 1791 3770; x_wconf 83' lang='lat' dir='ltr'><strong>Marte</strong></span> <span class='ocrx_word' id='word_1_457' title='bbox 1808 3714 1878 3769; x_wconf 83' lang='lat' dir='ltr'><strong>situs</strong></span> 
     </span>
     <span class='ocr_line' id='line_1_39' title="bbox 527 3790 1879 3864; baseline 0.001 -17"><span class='ocrx_word' id='word_1_458' title='bbox 527 3793 704 3863; x_wconf 81' lang='lat' dir='ltr'><strong>acronycbios</strong></span> <span class='ocrx_word' id='word_1_459' title='bbox 720 3795 813 3863; x_wconf 76' lang='lat' dir='ltr'><strong>ponit,</strong></span> <span class='ocrx_word' id='word_1_460' title='bbox 838 3794 867 3849; x_wconf 89' lang='lat' dir='ltr'><strong>iu</strong></span> <span class='ocrx_word' id='word_1_461' title='bbox 892 3794 972 3849; x_wconf 89' lang='lat' dir='ltr'><strong>Luna</strong></span> <span class='ocrx_word' id='word_1_462' title='bbox 996 3792 1187 3864; x_wconf 90' lang='lat' dir='ltr'><strong>plenilunium;</strong></span> <span class='ocrx_word' id='word_1_463' title='bbox 1214 3792 1338 3847; x_wconf 92' lang='lat' dir='ltr'><strong>tribuens</strong></span> <span class='ocrx_word' id='word_1_464' title='bbox 1365 3798 1393 3846; x_wconf 91' lang='lat' dir='ltr'><strong>et</strong></span> <span class='ocrx_word' id='word_1_465' title='bbox 1410 3790 1452 3845; x_wconf 90' lang='lat' dir='ltr'><strong>bis</strong></span> <span class='ocrx_word' id='word_1_466' title='bbox 1475 3792 1689 3861; x_wconf 86' lang='lat' dir='ltr'><strong>apparitionibus</strong></span> <span class='ocrx_word' id='word_1_467' title='bbox 1708 3794 1792 3848; x_wconf 89' lang='lat' dir='ltr'><strong>unius</strong></span> <span class='ocrx_word' id='word_1_468' title='bbox 1809 3792 1879 3861; x_wconf 78' lang='lat' dir='ltr'><strong>signi</strong></span> 
     </span>
     <span class='ocr_line' id='line_1_40' title="bbox 451 3870 1877 3942; baseline -0.001 -15"><span class='ocrx_word' id='word_1_469' title='bbox 451 3906 455 3909; x_wconf 98' lang='lat'>-</span> <span class='ocrx_word' id='word_1_470' title='bbox 526 3870 711 3942; x_wconf 89' lang='lat' dir='ltr'><strong>latitudinem,</strong></span> <span class='ocrx_word' id='word_1_471' title='bbox 729 3888 779 3941; x_wconf 88' lang='lat' dir='ltr'><strong>per</strong></span> <span class='ocrx_word' id='word_1_472' title='bbox 796 3888 877 3941; x_wconf 89' lang='lat' dir='ltr'><strong>quarn</strong></span> <span class='ocrx_word' id='word_1_473' title='bbox 895 3871 1052 3929; x_wconf 74' lang='lat' dir='ltr'><strong>indifferens</strong></span> <span class='ocrx_word' id='word_1_474' title='bbox 1070 3880 1160 3928; x_wconf 89' lang='lat' dir='ltr'><strong>manet</strong></span> <span class='ocrx_word' id='word_1_475' title='bbox 1179 3872 1322 3941; x_wconf 87' lang='lat' dir='ltr'><strong>apparitio,</strong></span> <span class='ocrx_word' id='word_1_476' title='bbox 1340 3887 1391 3926; x_wconf 91' lang='lat' dir='ltr'><strong>nec</strong></span> <span class='ocrx_word' id='word_1_477' title='bbox 1408 3870 1539 3925; x_wconf 86' lang='lat' dir='ltr'><strong>intactum</strong></span> <span class='ocrx_word' id='word_1_478' title='bbox 1556 3887 1608 3925; x_wconf 88' lang='lat' dir='ltr'><strong>nec</strong></span> <span class='ocrx_word' id='word_1_479' title='bbox 1625 3870 1692 3927; x_wconf 92' lang='lat' dir='ltr'><strong>illud</strong></span> <span class='ocrx_word' id='word_1_480' title='bbox 1711 3870 1877 3940; x_wconf 85' lang='lat' dir='ltr'><strong>rel&#39;nrquaaa,</strong></span> 
     </span>
     <span class='ocr_line' id='line_1_41' title="bbox 527 3948 1877 4021; baseline -0.001 -15"><span class='ocrx_word' id='word_1_481' title='bbox 527 3950 600 4019; x_wconf 88' lang='lat' dir='ltr'><strong>quod</strong></span> <span class='ocrx_word' id='word_1_482' title='bbox 612 3950 698 4020; x_wconf 91' lang='lat' dir='ltr'><strong>Luna,</strong></span> <span class='ocrx_word' id='word_1_483' title='bbox 716 3956 846 4019; x_wconf 89' lang='lat' dir='ltr'><strong>quantum</strong></span> <span class='ocrx_word' id='word_1_484' title='bbox 858 3953 980 4021; x_wconf 78' lang='lat' dir='ltr'><strong>aequitat</strong></span> <span class='ocrx_word' id='word_1_485' title='bbox 991 3952 1099 4007; x_wconf 90' lang='lat' dir='ltr'><strong>luminis</strong></span> <span class='ocrx_word' id='word_1_486' title='bbox 1117 3952 1145 4006; x_wconf 91' lang='lat' dir='ltr'><strong>in</strong></span> <span class='ocrx_word' id='word_1_487' title='bbox 1163 3950 1292 4006; x_wconf 87' lang='lat' dir='ltr'><strong>distantia</strong></span> <span class='ocrx_word' id='word_1_488' title='bbox 1309 3950 1389 4004; x_wconf 91' lang='lat' dir='ltr'><strong>unius</strong></span> <span class='ocrx_word' id='word_1_489' title='bbox 1408 3948 1477 4018; x_wconf 91' lang='lat' dir='ltr'><strong>signi</strong></span> <span class='ocrx_word' id='word_1_490' title='bbox 1495 3964 1512 4002; x_wconf 92' lang='lat' dir='ltr'><strong>a</strong></span> <span class='ocrx_word' id='word_1_491' title='bbox 1530 3948 1601 4018; x_wconf 87' lang='lat' dir='ltr'><strong>Sole,</strong></span> <span class='ocrx_word' id='word_1_492' title='bbox 1619 3954 1728 4004; x_wconf 90' lang='lat' dir='ltr'><strong>tantum</strong></span> <span class='ocrx_word' id='word_1_493' title='bbox 1747 3949 1877 4021; x_wconf 81' lang='lat' dir='ltr'><strong>deperdat</strong></span> 
     </span>
     <span class='ocr_line' id='line_1_42' title="bbox 523 4026 1877 4101; baseline 0.001 -18"><span class='ocrx_word' id='word_1_494' title='bbox 523 4029 553 4083; x_wconf 93' lang='lat' dir='ltr'><strong>in</strong></span> <span class='ocrx_word' id='word_1_495' title='bbox 571 4028 700 4085; x_wconf 87' lang='lat' dir='ltr'><strong>distantia</strong></span> <span class='ocrx_word' id='word_1_496' title='bbox 717 4031 796 4087; x_wconf 92' lang='lat' dir='ltr'><strong>unius</strong></span> <span class='ocrx_word' id='word_1_497' title='bbox 814 4031 883 4101; x_wconf 88' lang='lat' dir='ltr'><strong>signi</strong></span> <span class='ocrx_word' id='word_1_498' title='bbox 902 4047 919 4085; x_wconf 96' lang='lat' dir='ltr'><strong>a</strong></span> <span class='ocrx_word' id='word_1_499' title='bbox 937 4032 1009 4087; x_wconf 85' lang='lat' dir='ltr'><strong>Solis</strong></span> <span class='ocrx_word' id='word_1_500' title='bbox 1032 4031 1172 4101; x_wconf 85' lang='lat' dir='ltr'><strong>opposito:</strong></span> <span class='ocrx_word' id='word_1_501' title='bbox 1201 4029 1275 4099; x_wconf 90' lang='lat' dir='ltr'><strong>quod</strong></span> <span class='ocrx_word' id='word_1_502' title='bbox 1299 4038 1439 4098; x_wconf 85' lang='lat' dir='ltr'><strong>comparat</strong></span> <span class='ocrx_word' id='word_1_503' title='bbox 1466 4044 1528 4082; x_wconf 90' lang='lat' dir='ltr'><strong>cunr</strong></span> <span class='ocrx_word' id='word_1_504' title='bbox 1554 4026 1768 4083; x_wconf 86' lang='lat' dir='ltr'><strong>identisonantia</strong></span> <span class='ocrx_word' id='word_1_505' title='bbox 1794 4030 1877 4099; x_wconf 87' lang='lat' dir='ltr'><strong>ipairra</strong></span> 
     </span>
     <span class='ocr_line' id='line_1_43' title="bbox 526 4106 1585 4179; baseline -0.003 -16"><span class='ocrx_word' id='word_1_506' title='bbox 526 4106 664 4178; x_wconf 85' lang='lat' dir='ltr'><strong>dlapason,</strong></span> <span class='ocrx_word' id='word_1_507' title='bbox 683 4114 714 4164; x_wconf 92' lang='lat' dir='ltr'><strong>ut</strong></span> <span class='ocrx_word' id='word_1_508' title='bbox 730 4110 759 4165; x_wconf 81' lang='lat' dir='ltr'><strong>In</strong></span> <span class='ocrx_word' id='word_1_509' title='bbox 777 4125 831 4177; x_wconf 89' lang='lat' dir='ltr'><strong>qua</strong></span> <span class='ocrx_word' id='word_1_510' title='bbox 849 4116 892 4165; x_wconf 87' lang='lat' dir='ltr'><strong>ast</strong></span> <span class='ocrx_word' id='word_1_511' title='bbox 909 4111 990 4167; x_wconf 88' lang='lat' dir='ltr'><strong>etiam</strong></span> <span class='ocrx_word' id='word_1_512' title='bbox 1006 4110 1034 4165; x_wconf 93' lang='lat' dir='ltr'><strong>in</strong></span> <span class='ocrx_word' id='word_1_513' title='bbox 1053 4110 1186 4179; x_wconf 90' lang='lat' dir='ltr'><strong>oppositis</strong></span> <span class='ocrx_word' id='word_1_514' title='bbox 1204 4109 1317 4164; x_wconf 86' lang='lat' dir='ltr'><strong>vocibus</strong></span> <span class='ocrx_word' id='word_1_515' title='bbox 1335 4108 1469 4178; x_wconf 88' lang='lat' dir='ltr'><strong>quaedam</strong></span> <span class='ocrx_word' id='word_1_516' title='bbox 1487 4109 1585 4162; x_wconf 89' lang='lat' dir='ltr'><strong>unitas.</strong></span> 
     </span>
    </p>

    <p class='ocr_par' dir='ltr' id='par_1_6' title="bbox 612 4200 1874 4272">
     <span class='ocr_line' id='line_1_44' title="bbox 612 4200 1874 4272; baseline -0.002 -14"><span class='ocrx_word' id='word_1_517' title='bbox 612 4203 685 4258; x_wconf 85' lang='lat' dir='ltr'><strong>Nota</strong></span> <span class='ocrx_word' id='word_1_518' title='bbox 701 4204 748 4259; x_wconf 86' lang='lat' dir='ltr'><strong>IX.</strong></span> <span class='ocrx_word' id='word_1_519' title='bbox 785 4202 964 4261; x_wconf 82' lang='lat' dir='ltr'><strong>Confitentam</strong></span> <span class='ocrx_word' id='word_1_520' title='bbox 981 4206 1112 4262; x_wconf 88' lang='lat' dir='ltr'><strong>habemus</strong></span> <span class='ocrx_word' id='word_1_521' title='bbox 1130 4205 1328 4271; x_wconf 88' lang='lat' dir='ltr'><strong>Ptolemaeum,</strong></span> <span class='ocrx_word' id='word_1_522' title='bbox 1356 4219 1386 4258; x_wconf 92' lang='lat' dir='ltr'><strong>ae</strong></span> <span class='ocrx_word' id='word_1_523' title='bbox 1404 4202 1620 4272; x_wconf 87' lang='lat' dir='ltr'><strong>comparationes</strong></span> <span class='ocrx_word' id='word_1_524' title='bbox 1638 4200 1750 4257; x_wconf 88' lang='lat' dir='ltr'><strong>tradere</strong></span> <span class='ocrx_word' id='word_1_525' title='bbox 1767 4205 1874 4258; x_wconf 87' lang='lat' dir='ltr'><strong>minime</strong></span> 
     </span>
    </p>
   </div>
   <div class='ocr_carea' id='block_1_5' title="bbox 419 4281 1875 4355">
    <p class='ocr_par' dir='ltr' id='par_1_7' title="bbox 419 4281 1875 4355">
     <span class='ocr_line' id='line_1_45' title="bbox 419 4281 1875 4355; baseline -0.001 -15"><span class='ocrx_word' id='word_1_526' title='bbox 419 4308 426 4325; x_wconf 86' lang='lat'><strong>·</strong></span> <span class='ocrx_word' id='word_1_527' title='bbox 525 4289 680 4353; x_wconf 88' lang='lat' dir='ltr'><strong>accuratas,</strong></span> <span class='ocrx_word' id='word_1_528' title='bbox 708 4298 770 4339; x_wconf 88' lang='lat' dir='ltr'><strong>cum</strong></span> <span class='ocrx_word' id='word_1_529' title='bbox 789 4291 881 4339; x_wconf 85' lang='lat' dir='ltr'><strong>utatru</strong></span> <span class='ocrx_word' id='word_1_530' title='bbox 907 4301 973 4340; x_wconf 85' lang='lat' dir='ltr'><strong>voce</strong></span> <span class='ocrx_word' id='word_1_531' title='bbox 993 4285 1256 4355; x_wconf 82' lang='lat' dir='ltr'><strong>«quamproxime».</strong></span> <span class='ocrx_word' id='word_1_532' title='bbox 1292 4285 1330 4339; x_wconf 85' lang='grc' dir='ltr'><strong>Ει</strong></span> <span class='ocrx_word' id='word_1_533' title='bbox 1355 4297 1400 4337; x_wconf 89' lang='lat' dir='ltr'><strong>rea</strong></span> <span class='ocrx_word' id='word_1_534' title='bbox 1417 4282 1478 4351; x_wconf 91' lang='lat' dir='ltr'><strong>ipsa</strong></span> <span class='ocrx_word' id='word_1_535' title='bbox 1495 4281 1627 4352; x_wconf 88' lang='lat' dir='ltr'><strong>loquitur,</strong></span> <span class='ocrx_word' id='word_1_536' title='bbox 1654 4298 1717 4337; x_wconf 90' lang='lat' dir='ltr'><strong>cum</strong></span> <span class='ocrx_word' id='word_1_537' title='bbox 1736 4284 1793 4339; x_wconf 90' lang='lat' dir='ltr'><strong>sint</strong></span> <span class='ocrx_word' id='word_1_538' title='bbox 1809 4284 1875 4338; x_wconf 84' lang='lat' dir='ltr'><strong>haec</strong></span> 
     </span>
    </p>
   </div>
   <div class='ocr_carea' id='block_1_6' title="bbox 525 4360 1875 4433">
    <p class='ocr_par' dir='ltr' id='par_1_8' title="bbox 525 4360 1875 4433">
     <span class='ocr_line' id='line_1_46' title="bbox 525 4360 1875 4433; baseline -0.001 -16"><span class='ocrx_word' id='word_1_539' title='bbox 525 4362 736 4420; x_wconf 80' lang='lat' dir='ltr'><strong>occultationem</strong></span> <span class='ocrx_word' id='word_1_540' title='bbox 753 4363 897 4419; x_wconf 79' lang='lat' dir='ltr'><strong>intervalla</strong></span> <span class='ocrx_word' id='word_1_541' title='bbox 922 4366 950 4419; x_wconf 92' lang='lat' dir='ltr'><strong>in</strong></span> <span class='ocrx_word' id='word_1_542' title='bbox 967 4364 1079 4421; x_wconf 75' lang='lat' dir='ltr'><strong>diversit</strong></span> <span class='ocrx_word' id='word_1_543' title='bbox 1105 4364 1223 4433; x_wconf 87' lang='lat' dir='ltr'><strong>planetis</strong></span> <span class='ocrx_word' id='word_1_544' title='bbox 1241 4361 1437 4430; x_wconf 74' lang='lat' dir='ltr'><strong>diremhsima,</strong></span> <span class='ocrx_word' id='word_1_545' title='bbox 1463 4360 1614 4421; x_wconf 72' lang='lat' dir='ltr'><strong>Invenere</strong></span> <span class='ocrx_word' id='word_1_546' title='bbox 1639 4360 1781 4416; x_wconf 82' lang='lat' dir='ltr'><strong>Interdum</strong></span> <span class='ocrx_word' id='word_1_547' title='bbox 1797 4362 1875 4433; x_wconf 84' lang='lat' dir='ltr'><strong>plane</strong></span> 
     </span>
    </p>
   </div>
   <div class='ocr_carea' id='block_1_7' title="bbox 524 4435 1873 4575">
    <p class='ocr_par' dir='ltr' id='par_1_9' title="bbox 524 4435 1873 4575">
     <span class='ocr_line' id='line_1_47' title="bbox 524 4435 1873 4575; baseline -0.001 -80"><span class='ocrx_word' id='word_1_548' title='bbox 524 4442 615 4513; x_wconf 91' lang='lat' dir='ltr'><strong>nulla,</strong></span> <span class='ocrx_word' id='word_1_549' title='bbox 633 4448 665 4498; x_wconf 91' lang='lat' dir='ltr'><strong>ut</strong></span> <span class='ocrx_word' id='word_1_550' title='bbox 681 4442 734 4497; x_wconf 91' lang='lat' dir='ltr'><strong>hoc</strong></span> <span class='ocrx_word' id='word_1_551' title='bbox 752 4435 920 4575; x_wconf 46' lang='lat' dir='ltr'><strong>mitem</strong></span> <span class='ocrx_word' id='word_1_552' title='bbox 938 4442 1100 4509; x_wconf 81' lang='lat' dir='ltr'><strong>Februario,</strong></span> <span class='ocrx_word' id='word_1_553' title='bbox 1128 4459 1190 4498; x_wconf 89' lang='lat' dir='ltr'><strong>cum</strong></span> <span class='ocrx_word' id='word_1_554' title='bbox 1206 4442 1282 4512; x_wconf 89' lang='lat' dir='ltr'><strong>priua</strong></span> <span class='ocrx_word' id='word_1_555' title='bbox 1301 4448 1344 4495; x_wconf 90' lang='lat' dir='ltr'><strong>est</strong></span> <span class='ocrx_word' id='word_1_556' title='bbox 1361 4447 1422 4495; x_wconf 90' lang='lat' dir='ltr'><strong>orta</strong></span> <span class='ocrx_word' id='word_1_557' title='bbox 1437 4454 1533 4510; x_wconf 91' lang='lat' dir='ltr'><strong>mane,</strong></span> <span class='ocrx_word' id='word_1_558' title='bbox 1560 4455 1642 4508; x_wconf 88' lang='lat' dir='ltr'><strong>quarn</strong></span> <span class='ocrx_word' id='word_1_559' title='bbox 1659 4440 1801 4497; x_wconf 84' lang='lat' dir='ltr'><strong>occideret</strong></span> <span class='ocrx_word' id='word_1_560' title='bbox 1816 4456 1873 4494; x_wconf 82' lang='lat' dir='ltr'><strong>raa·</strong></span> 
     </span>
    </p>
   </div>
   <div class='ocr_carea' id='block_1_8' title="bbox 523 4518 1874 4670">
    <p class='ocr_par' dir='ltr' id='par_1_10' title="bbox 523 4518 1874 4670">
     <span class='ocr_line' id='line_1_48' title="bbox 527 4518 1874 4591; baseline 0 -16"><span class='ocrx_word' id='word_1_561' title='bbox 527 4522 600 4590; x_wconf 89' lang='lat' dir='ltr'><strong>peri;</strong></span> <span class='ocrx_word' id='word_1_562' title='bbox 628 4520 710 4589; x_wconf 89' lang='lat' dir='ltr'><strong>igitur</strong></span> <span class='ocrx_word' id='word_1_563' title='bbox 737 4536 804 4576; x_wconf 90' lang='lat' dir='ltr'><strong>occu</strong></span> <span class='ocrx_word' id='word_1_564' title='bbox 843 4522 918 4575; x_wconf 88' lang='lat' dir='ltr'><strong>tione</strong></span> <span class='ocrx_word' id='word_1_565' title='bbox 944 4522 1037 4577; x_wconf 91' lang='lat' dir='ltr'><strong>caruit.</strong></span> <span class='ocrx_word' id='word_1_566' title='bbox 1074 4521 1177 4591; x_wconf 74' lang='lat' dir='ltr'><strong>Quodsi</strong></span> <span class='ocrx_word' id='word_1_567' title='bbox 1201 4536 1278 4577; x_wconf 85' lang='lat' dir='ltr'><strong>meae</strong></span> <span class='ocrx_word' id='word_1_568' title='bbox 1295 4519 1510 4589; x_wconf 84' lang='lat' dir='ltr'><strong>comparationes</strong></span> <span class='ocrx_word' id='word_1_569' title='bbox 1528 4534 1614 4587; x_wconf 88' lang='lat' dir='ltr'><strong>aeque</strong></span> <span class='ocrx_word' id='word_1_570' title='bbox 1631 4518 1805 4589; x_wconf 77' lang='lat' dir='ltr'><strong>negligentes</strong></span> <span class='ocrx_word' id='word_1_571' title='bbox 1821 4520 1874 4576; x_wconf 89' lang='lat' dir='ltr'><strong>aiut</strong></span> 
     </span>
     <span class='ocr_line' id='line_1_49' title="bbox 523 4598 1872 4670; baseline 0 -16"><span class='ocrx_word' id='word_1_572' title='bbox 523 4614 710 4655; x_wconf 89' lang='lat' dir='ltr'><strong>mensurarum</strong></span> <span class='ocrx_word' id='word_1_573' title='bbox 722 4601 890 4670; x_wconf 88' lang='lat' dir='ltr'><strong>quantitatis,</strong></span> <span class='ocrx_word' id='word_1_574' title='bbox 909 4616 962 4655; x_wconf 92' lang='lat' dir='ltr'><strong>non</strong></span> <span class='ocrx_word' id='word_1_575' title='bbox 975 4615 1067 4669; x_wconf 91' lang='lat' dir='ltr'><strong>renuo,</strong></span> <span class='ocrx_word' id='word_1_576' title='bbox 1086 4598 1152 4670; x_wconf 89' lang='lat' dir='ltr'><strong>quin</strong></span> <span class='ocrx_word' id='word_1_577' title='bbox 1170 4599 1264 4655; x_wconf 89' lang='lat' dir='ltr'><strong>eodem</strong></span> <span class='ocrx_word' id='word_1_578' title='bbox 1276 4601 1338 4654; x_wconf 89' lang='lat' dir='ltr'><strong>loco</strong></span> <span class='ocrx_word' id='word_1_579' title='bbox 1354 4598 1514 4665; x_wconf 88' lang='lat' dir='ltr'><strong>habeantur,</strong></span> <span class='ocrx_word' id='word_1_580' title='bbox 1533 4614 1587 4668; x_wconf 90' lang='lat' dir='ltr'><strong>qno</strong></span> <span class='ocrx_word' id='word_1_581' title='bbox 1601 4598 1786 4655; x_wconf 86' lang='lat' dir='ltr'><strong>Ptolemaicae</strong></span> <span class='ocrx_word' id='word_1_582' title='bbox 1797 4600 1872 4654; x_wconf 83' lang='lat' dir='ltr'><strong>istae.</strong></span> 
     </span>
    </p>
   </div>
   <div class='ocr_carea' id='block_1_9' title="bbox 481 4692 1870 5003">
    <p class='ocr_par' dir='ltr' id='par_1_11' title="bbox 481 4692 1870 5003">
     <span class='ocr_line' id='line_1_50' title="bbox 611 4692 1870 4766; baseline -0.001 -16"><span class='ocrx_word' id='word_1_583' title='bbox 611 4694 683 4751; x_wconf 86' lang='lat' dir='ltr'><strong>Nota</strong></span> <span class='ocrx_word' id='word_1_584' title='bbox 700 4696 734 4753; x_wconf 85' lang='lat' dir='ltr'><strong>X.</strong></span> <span class='ocrx_word' id='word_1_585' title='bbox 769 4696 990 4753; x_wconf 81' lang='lat' dir='ltr'><strong>Subaudiendum</strong></span> <span class='ocrx_word' id='word_1_586' title='bbox 1016 4696 1061 4752; x_wconf 88' lang='lat' dir='ltr'><strong>blo</strong></span> <span class='ocrx_word' id='word_1_587' title='bbox 1088 4702 1142 4750; x_wconf 88' lang='lat' dir='ltr'><strong>est:</strong></span> <span class='ocrx_word' id='word_1_588' title='bbox 1170 4694 1396 4765; x_wconf 88' lang='lat' dir='ltr'><strong>quemadmodum</strong></span> <span class='ocrx_word' id='word_1_589' title='bbox 1422 4695 1512 4751; x_wconf 88' lang='lat' dir='ltr'><strong>tonica</strong></span> <span class='ocrx_word' id='word_1_590' title='bbox 1537 4692 1681 4750; x_wconf 85' lang='lat' dir='ltr'><strong>intervalla</strong></span> <span class='ocrx_word' id='word_1_591' title='bbox 1707 4694 1870 4766; x_wconf 84' lang='lat' dir='ltr'><strong>respondeat</strong></span> 
     </span>
     <span class='ocr_line' id='line_1_51' title="bbox 525 4773 1869 4845; baseline 0.001 -16"><span class='ocrx_word' id='word_1_592' title='bbox 525 4774 699 4831; x_wconf 87' lang='lat' dir='ltr'><strong>duodecimae</strong></span> <span class='ocrx_word' id='word_1_593' title='bbox 717 4777 790 4844; x_wconf 87' lang='lat' dir='ltr'><strong>parti</strong></span> <span class='ocrx_word' id='word_1_594' title='bbox 806 4776 901 4832; x_wconf 89' lang='lat' dir='ltr'><strong>circuli</strong></span> <span class='ocrx_word' id='word_1_595' title='bbox 919 4783 947 4831; x_wconf 88' lang='grc' dir='ltr'><strong>ιι</strong></span> <span class='ocrx_word' id='word_1_596' title='bbox 964 4783 1029 4831; x_wconf 91' lang='lat' dir='ltr'><strong>sunt</strong></span> <span class='ocrx_word' id='word_1_597' title='bbox 1046 4773 1206 4830; x_wconf 88' lang='lat' dir='ltr'><strong>duodecima</strong></span> <span class='ocrx_word' id='word_1_598' title='bbox 1222 4790 1287 4843; x_wconf 85' lang='lat' dir='ltr'><strong>para</strong></span> <span class='ocrx_word' id='word_1_599' title='bbox 1304 4774 1440 4830; x_wconf 84' lang='lat' dir='ltr'><strong>intervalli</strong></span> <span class='ocrx_word' id='word_1_600' title='bbox 1466 4774 1581 4845; x_wconf 81' lang='lat' dir='ltr'><strong>perfecti</strong></span> <span class='ocrx_word' id='word_1_601' title='bbox 1598 4776 1757 4845; x_wconf 85' lang='lat' dir='ltr'><strong>systematis</strong></span> <span class='ocrx_word' id='word_1_602' title='bbox 1775 4774 1869 4831; x_wconf 79' lang='lat' dir='ltr'><strong>dhdia·</strong></span> 
     </span>
     <span class='ocr_line' id='line_1_52' title="bbox 481 4852 1866 4924; baseline -0.002 -15"><span class='ocrx_word' id='word_1_603' title='bbox 481 4916 484 4921; x_wconf 59' lang='grc'>,</span> <span class='ocrx_word' id='word_1_604' title='bbox 523 4868 623 4924; x_wconf 87' lang='lat' dir='ltr'><strong>paaon;</strong></span> <span class='ocrx_word' id='word_1_605' title='bbox 642 4853 671 4907; x_wconf 92' lang='lat' dir='ltr'><strong>id</strong></span> <span class='ocrx_word' id='word_1_606' title='bbox 688 4856 758 4910; x_wconf 91' lang='lat' dir='ltr'><strong>enim</strong></span> <span class='ocrx_word' id='word_1_607' title='bbox 775 4852 887 4910; x_wconf 90' lang='lat' dir='ltr'><strong>tradidit</strong></span> <span class='ocrx_word' id='word_1_608' title='bbox 903 4854 950 4910; x_wconf 86' lang='lat' dir='ltr'><strong>ille</strong></span> <span class='ocrx_word' id='word_1_609' title='bbox 968 4855 1056 4924; x_wconf 88' lang='lat' dir='ltr'><strong>capite</strong></span> <span class='ocrx_word' id='word_1_610' title='bbox 1074 4856 1099 4911; x_wconf 81' lang='grc'><strong>9.</strong></span> <span class='ocrx_word' id='word_1_611' title='bbox 1119 4862 1147 4909; x_wconf 89' lang='grc' dir='ltr'><strong>ιι</strong></span> <span class='ocrx_word' id='word_1_612' title='bbox 1164 4869 1214 4909; x_wconf 83' lang='grc' dir='ltr'><strong>ιιι</strong></span> <span class='ocrx_word' id='word_1_613' title='bbox 1231 4853 1269 4907; x_wconf 90' lang='lat' dir='ltr'><strong>ibi</strong></span> <span class='ocrx_word' id='word_1_614' title='bbox 1287 4854 1508 4923; x_wconf 78' lang='lat' dir='ltr'><strong>examinavimus,</strong></span> <span class='ocrx_word' id='word_1_615' title='bbox 1527 4860 1645 4922; x_wconf 86' lang='lat' dir='ltr'><strong>ostenso,</strong></span> <span class='ocrx_word' id='word_1_616' title='bbox 1663 4854 1738 4921; x_wconf 90' lang='lat' dir='ltr'><strong>quod</strong></span> <span class='ocrx_word' id='word_1_617' title='bbox 1759 4868 1866 4923; x_wconf 80' lang='lat' dir='ltr'><strong>propor-</strong></span> 
     </span>
     <span class='ocr_line' id='line_1_53' title="bbox 523 4926 1867 5003; baseline 0.001 -15"><span class='ocrx_word' id='word_1_618' title='bbox 523 4933 624 4988; x_wconf 85' lang='lat' dir='ltr'><strong>tionem</strong></span> <span class='ocrx_word' id='word_1_619' title='bbox 642 4926 753 5001; x_wconf 89' lang='lat' dir='ltr'><strong>duplam</strong></span> <span class='ocrx_word' id='word_1_620' title='bbox 769 4932 854 5002; x_wconf 89' lang='lat' dir='ltr'><strong>ipsius</strong></span> <span class='ocrx_word' id='word_1_621' title='bbox 873 4932 1004 5003; x_wconf 85' lang='lat' dir='ltr'><strong>diapason</strong></span> <span class='ocrx_word' id='word_1_622' title='bbox 1022 4950 1075 4989; x_wconf 95' lang='lat' dir='ltr'><strong>non</strong></span> <span class='ocrx_word' id='word_1_623' title='bbox 1093 4933 1199 5003; x_wconf 87' lang='lat' dir='ltr'><strong>possint</strong></span> <span class='ocrx_word' id='word_1_624' title='bbox 1223 4939 1318 4988; x_wconf 83' lang='lat' dir='ltr'><strong>exacte</strong></span> <span class='ocrx_word' id='word_1_625' title='bbox 1336 4934 1501 4989; x_wconf 84' lang='lat' dir='ltr'><strong>constituere</strong></span> <span class='ocrx_word' id='word_1_626' title='bbox 1519 4931 1727 5001; x_wconf 78' lang='lat' dir='ltr'><strong>sesquioctavae</strong></span> <span class='ocrx_word' id='word_1_627' title='bbox 1743 4934 1867 5001; x_wconf 75' lang='lat' dir='ltr'><strong>integrae</strong></span> 
     </span>
    </p>
   </div>
   <div class='ocr_carea' id='block_1_10' title="bbox 523 5026 1867 5181">
    <p class='ocr_par' dir='ltr' id='par_1_12' title="bbox 523 5026 1867 5181">
     <span class='ocr_line' id='line_1_54' title="bbox 609 5026 1867 5101; baseline -0.001 -19"><span class='ocrx_word' id='word_1_628' title='bbox 609 5027 682 5083; x_wconf 85' lang='lat' dir='ltr'><strong>Nota</strong></span> <span class='ocrx_word' id='word_1_629' title='bbox 699 5026 747 5081; x_wconf 78' lang='lat' dir='ltr'><strong>xl.</strong></span> <span class='ocrx_word' id='word_1_630' title='bbox 784 5027 878 5097; x_wconf 82' lang='lat' dir='ltr'><strong>Capite</strong></span> <span class='ocrx_word' id='word_1_631' title='bbox 897 5028 922 5085; x_wconf 87' lang='lat'><strong>9.</strong></span> <span class='ocrx_word' id='word_1_632' title='bbox 941 5036 1092 5101; x_wconf 88' lang='lat' dir='ltr'><strong>tetragono,</strong></span> <span class='ocrx_word' id='word_1_633' title='bbox 1110 5036 1142 5083; x_wconf 89' lang='lat' dir='ltr'><strong>ut</strong></span> <span class='ocrx_word' id='word_1_634' title='bbox 1159 5029 1291 5099; x_wconf 85' lang='lat' dir='ltr'><strong>aspectui,</strong></span> <span class='ocrx_word' id='word_1_635' title='bbox 1311 5029 1364 5084; x_wconf 83' lang='lat' dir='ltr'><strong>tria</strong></span> <span class='ocrx_word' id='word_1_636' title='bbox 1380 5030 1488 5099; x_wconf 87' lang='lat' dir='ltr'><strong>integra</strong></span> <span class='ocrx_word' id='word_1_637' title='bbox 1499 5028 1576 5097; x_wconf 88' lang='lat' dir='ltr'><strong>signa</strong></span> <span class='ocrx_word' id='word_1_638' title='bbox 1587 5028 1809 5095; x_wconf 73' lang='lat' dir='ltr'><strong>accenmbrnmr,</strong></span> <span class='ocrx_word' id='word_1_639' title='bbox 1824 5026 1867 5081; x_wconf 81' lang='lat' dir='ltr'><strong>hio</strong></span> 
     </span>
     <span class='ocr_line' id='line_1_55' title="bbox 523 5104 1862 5181; baseline -0.001 -17"><span class='ocrx_word' id='word_1_640' title='bbox 523 5107 618 5176; x_wconf 87' lang='lat' dir='ltr'><strong>eidam,</strong></span> <span class='ocrx_word' id='word_1_641' title='bbox 635 5116 667 5164; x_wconf 92' lang='lat' dir='ltr'><strong>ut</strong></span> <span class='ocrx_word' id='word_1_642' title='bbox 683 5105 771 5179; x_wconf 86' lang='lat' dir='ltr'><strong>phari,</strong></span> <span class='ocrx_word' id='word_1_643' title='bbox 789 5107 902 5165; x_wconf 87' lang='lat' dir='ltr'><strong>semisse</strong></span> <span class='ocrx_word' id='word_1_644' title='bbox 919 5108 1018 5181; x_wconf 91' lang='lat' dir='ltr'><strong>minus,</strong></span> <span class='ocrx_word' id='word_1_645' title='bbox 1035 5108 1063 5165; x_wconf 86' lang='lat' dir='ltr'><strong>id</strong></span> <span class='ocrx_word' id='word_1_646' title='bbox 1082 5124 1145 5166; x_wconf 83' lang='lat' dir='ltr'><strong>nero</strong></span> <span class='ocrx_word' id='word_1_647' title='bbox 1164 5106 1290 5166; x_wconf 74' lang='lat' dir='ltr'><strong>affectate</strong></span> <span class='ocrx_word' id='word_1_648' title='bbox 1308 5108 1343 5165; x_wconf 94' lang='lat' dir='ltr'><strong>ob</strong></span> <span class='ocrx_word' id='word_1_649' title='bbox 1362 5108 1539 5177; x_wconf 79' lang='grc' dir='ltr'><strong>ᾱίιιιιιιιιι,</strong></span> <span class='ocrx_word' id='word_1_650' title='bbox 1556 5108 1585 5165; x_wconf 87' lang='lat' dir='ltr'><strong>iu</strong></span> <span class='ocrx_word' id='word_1_651' title='bbox 1603 5124 1658 5179; x_wconf 86' lang='lat' dir='ltr'><strong>qno</strong></span> <span class='ocrx_word' id='word_1_652' title='bbox 1675 5115 1759 5166; x_wconf 88' lang='lat' dir='ltr'><strong>tonus</strong></span> <span class='ocrx_word' id='word_1_653' title='bbox 1775 5104 1862 5176; x_wconf 68' lang='lat' dir='ltr'><strong>mmor,</strong></span> 
     </span>
    </p>
   </div>
   <div class='ocr_carea' id='block_1_11' title="bbox 0 0 2238 6192">
    <p class='ocr_par' dir='ltr' id='par_1_13' title="bbox 0 0 2238 6192">
     <span class='ocr_line' id='line_1_56' title="bbox 0 0 2238 6192; baseline 0 6"><span class='ocrx_word' id='word_1_654' title='bbox 0 0 2238 6192; x_wconf 95' lang='lat' dir='ltr'><strong> </strong></span> 
     </span>
    </p>
   </div>
  </div>
 </body>
</html>
