4467 6192
505 689 508 693 ⁵
557 698 620 759 dbd
972 695 1015 750 De
1033 692 1298 763 (lonilguretionibus
1315 693 1495 751 Hermonicls.

553 872 745 934 muletiooem
768 878 921 932 exsereret.
966 870 1074 931 Totum
1102 872 1160 932 hoo
1187 875 1355 950 negotium,
1388 874 1526 950 inquom,
1549 872 1653 935 simile
1680 878 1725 933 est
1754 875 1908 933 memoriee

553 960 733 1020 eoimxlium.
776 958 854 1019 Nem
875 960 1002 1019 bominis
1024 959 1116 1019 semel
1140 960 1197 1018 visi
1220 964 1348 1038 speciem
1370 963 1468 1023 eoimo
1491 964 1699 1038 circumgesto,
1727 976 1785 1021 nec
1817 968 1910 1021 nmen

553 1064 622 1109 eum
642 1054 826 1125 pressentem
848 1063 962 1124 semper
995 1046 1092 1107 hebeo
1115 1049 1360 1125 cogitationibus3
1393 1058 1426 1109 et
1455 1050 1508 1109 ubi
1535 1066 1649 1112 rursum
1671 1050 1842 1126 apperuerit
1865 1046 1909 1107 ille

552 1134 730 1195 estsimilis
753 1133 876 1211 uliquis,
907 1135 955 1193 bio
973 1133 1038 1209 jem
1061 1135 1098 1195 de
1120 1152 1200 1195 novo
1224 1136 1337 1197 elicitur
1359 1143 1388 1196 et
1410 1137 1440 1193 io
1463 1146 1532 1199 ectu
1555 1136 1704 1214 cogitendi
1727 1138 1910 1195 constituitur

553 1226 667 1302 species
689 1223 741 1281 illo
764 1225 886 1300 pristine
908 1239 959 1300 per
980 1224 1235 1285 reminiscentium.
1248 1275 1250 1283 ,
1265 1221 1328 1283 Etsi
1351 1224 1477 1284 nobilior
1499 1227 1528 1283 in
1551 1224 1608 1284 boc
1631 1232 1674 1285 est
1697 1223 1828 1283 hominis
1850 1240 1910 1281 me-

552 1313 660 1384 moris,
691 1309 771 1387 quod
794 1313 835 1369 rei
858 1317 1037 1371 memoratas
1060 1327 1119 1370 noo
1142 1318 1259 1370 tentum
1281 1313 1319 1372 eb
1342 1328 1465 1372 occursu
1487 1313 1632 1372 lorinseco
1655 1310 1833 1384 admoneor,
1863 1310 1910 1370 sed

553 1400 643 1457 etiem
666 1414 712 1457 me
735 1400 829 1473 ipsum
852 1400 968 1473 quoties
993 1398 1060 1458 volo
1083 1397 1245 1460 admoneo:
1270 1401 1341 1475 quie
1364 1402 1499 1460 nimirum
1514 1399 1691 1461 discurrendi
1707 1398 1835 1458 leonites
1858 1396 1910 1457 ed-

552 1495 598 1546 est
619 1485 747 1558 bomini,
776 1502 853 1561 quse
877 1486 960 1546 deest
982 1484 1053 1544 huic
1073 1487 1200 1546 enimse.
1246 1486 1356 1547 Verum
1378 1487 1453 1548 hoec
1474 1490 1504 1546 in
1526 1486 1773 1569 contempletione
1795 1488 1909 1545 enimse

551 1572 698 1633 homenes
722 1582 806 1632 erunt
828 1573 1019 1633 evidentiore.

636 1660 722 1721 Nunc
745 1678 804 1720 nno
826 1659 992 1731 difficultas,
1016 1677 1107 1737 supro
1130 1661 1218 1719 etiem
1241 1667 1338 1735 mete,
1362 1661 1415 1721 sed
1438 1661 1550 1735 leviter,
1573 1668 1618 1721 est
1642 1658 1853 1734 dissolvendo,
1875 1658 1908 1719 de

550 1747 638 1807 modo
662 1747 818 1807 etmediis
840 1750 1026 1825 receptionis.
1073 1747 1151 1806 Nem
1179 1747 1259 1824 quod
1289 1766 1343 1813 nos
1374 1750 1507 1809 homines
1537 1747 1686 1809 sensilium
1715 1749 1832 1825 species
1865 1750 1908 1805 in-

551 1843 678 1895 trorsum
698 1837 728 1893 ln
752 1838 880 1894 animem
902 1838 1078 1915 recipimus,
1108 1852 1156 1895 res
1180 1835 1296 1895 videtur
1319 1836 1457 1915 expedite
1487 1844 1517 1897 et
1543 1836 1649 1915 plene3
1681 1842 1749 1894 sunt
1779 1836 1907 1894 enimin

550 1923 706 2002 propatulo
727 1924 870 1983 loremine
893 1922 1082 2001 pupillarum,
1106 1940 1159 1999 per
1181 1940 1255 1999 ques
1278 1922 1494 2001 ingrediuntur,
1518 1930 1563 1985 est
1578 1923 1690 1995 oculus,
1715 1924 1826 1999 speciei
1849 1922 1907 1981 ior·

549 2019 652 2085 metor,
682 2018 727 2070 est
748 2009 935 2089 crystallinus
958 2010 1072 2084 humor,
1095 2010 1225 2087 penicilli
1250 2011 1357 2071 rudiori
1381 2019 1575 2088 temperetur,
1606 2019 1652 2070 est
1673 2010 1830 2069 retilormis
1854 2027 1906 2087 op·

550 2100 602 2157 tici
624 2100 706 2157 nervi
729 2101 840 2172 tunice,
872 2100 1004 2175 picturae
1032 2115 1128 2157 rerum
1151 2100 1325 2158 exteriorum
1348 2102 1504 2177 exceptrix.
1550 2097 1629 2157 Nihil
1653 2096 1711 2156 telo
1732 2100 1906 2176 spparetin

551 2202 671 2261 corpore
694 2184 828 2259 Telluris,
851 2183 950 2244 nullus
972 2185 1020 2244 hic
1042 2185 1161 2260 oculus,
1185 2201 1244 2263 quo
1268 2190 1365 2255 enims
1387 2186 1494 2246 'l'crree
1518 2184 1617 2247 videet
1639 2184 1820 2245 redietiones
1843 2182 1907 2262 ple·

549 2282 683 2332 notorum
704 2289 864 2348 eorumque
887 2272 1026 2350 angulos:
1064 2272 1212 2349 quomodo
1235 2275 1324 2350 igitur
1346 2276 1442 2334 lucem
1464 2275 1572 2333 sentiet
1593 2275 1656 2331 sine
1679 2274 1805 2345 visione,
1830 2288 1905 2349 qno·

550 2359 638 2421 modo
661 2363 802 2438 percipiet
823 2368 876 2418 eut
898 2362 1023 2438 excipiet
1044 2360 1169 2437 ungulos
1192 2363 1255 2421 sine
1279 2359 1493 2425 instrumento?
1537 2358 1703 2420 Dilficultes
1726 2367 1771 2419 eet
1793 2360 1903 2437 eliqnx,

550 2449 653 2523 leteor,
682 2455 714 2507 et
743 2450 770 2507 si
791 2448 918 2525 penitius
946 2465 1007 2507 rem
1030 2450 1186 2523 intuceris,
1218 2452 1378 2509 communis
1408 2448 1461 2507 illei
1491 2454 1537 2507 eet
1558 2454 1590 2507 et
1611 2447 1657 2506 hic
1680 2450 1709 2507 tt
1731 2446 1801 2506 illic.
1849 2446 1905 2506 Adi

550 2552 635 2595 mccc
664 2532 784 2612 Optioes
815 2534 893 2594 Astr.
923 2538 1016 2612 pertis
1046 2552 1114 2613 peg.
1147 2537 1207 2595 loe
1241 2539 1387 2610 (11.232.),
1421 2535 1537 2595 videbis
1567 2537 1719 2611 ontionem
1755 2534 1905 2610 querelem

551 2624 641 2683 etiem
670 2621 707 2682 de
738 2626 804 2682 visu
832 2622 968 2682 homene.
1012 2620 1090 2682 Nem
1119 2625 1175 2682 etei
1203 2622 1269 2682 loco
1297 2623 1349 2682 illo
1380 2623 1499 2684 modurn
1529 2621 1647 2682 videndi
1674 2639 1763 2682 eme
1785 2620 1904 2682 tandem

550 2719 619 2789 post
641 2717 685 2771 tot
706 2709 883 2769 irnstreneos
914 2710 1038 2770 eliorum
1066 2718 1189 2769 conotus
1221 2710 1397 2771 solidissimo
1429 2710 1657 2771 demonstratum
1685 2710 1815 2769 letentur
1837 2709 1904 2769 dili-

550 2799 697 2876 gentiores
719 2799 809 2875 optici
832 2805 861 2857 ct
882 2797 988 2884 medici
1010 2799 1168 2858 enetomici
1183 2799 1369 2876 (quenquam
1384 2799 1431 2857 Fr.
1450 2798 1635 2873 Aquilonius,
1658 2798 1744 2874 cujus
1764 2814 1904 2875 megnum

551 2901 626 2962 opos
641 2882 813 2963 Opticornm
835 2892 904 2944 ente
928 2887 1057 2951 lennes
1079 2884 1199 2961 prodiit,
1227 2885 1334 2945 librum
1356 2902 1453 2945 meum
1476 2900 1535 2944 non
1558 2884 1632 2945 vidit
1655 2901 1749 2961 eoque
1772 2886 1804 2943 in
1826 2889 1904 2945 enti·

550 2989 609 3051 quo
632 2989 727 3033 errore
750 2975 828 3033 circs
858 2972 980 3033 modum
1010 2973 1133 3032 visionis
1166 2989 1274 3031 novem
1304 2990 1375 3033 sene
1410 2990 1499 3050 quem
1521 2971 1672 3051 pulsorem
1693 2971 1775 3032 irrito
1799 2976 1904 3033 struxb

499 3104 504 3111 .
549 3049 731 3138 perg'ulemlr
754 3069 852 3121 temen
875 3059 925 3120 ille
948 3058 1066 3119 videndi
1088 3059 1193 3121 modus
1216 3072 1277 3119 non·
1298 3060 1374 3120 ultre
1395 3060 1572 3121 rotiiormom
1594 3062 1722 3121 tunicem
1744 3077 1812 3121 sese
1834 3078 1903 3138 por·

549 3150 633 3225 riglt,
663 3166 723 3227 quo
744 3148 891 3226 perspicui
912 3154 982 3207 sunt
1002 3146 1139 3208 humores
1162 3146 1255 3222 oculi;
1285 3155 1418 3226 superest
1439 3147 1536 3209 edhuc
1557 3150 1708 3226 quaestio,
1736 3146 1867 3207 necdum
1887 3164 1904 3207 e

550 3235 698 3313 physicis,
720 3235 758 3296 sd
781 3253 856 3314 quos
878 3236 1055 3313 provocavi,
1079 3233 1228 3310 decusso,
1258 3234 1407 3311 quomodo
1430 3238 1545 3314 picture
1565 3238 1607 3296 rci
1629 3233 1792 3309 videndee,
1816 3253 1835 3294 s
1858 3252 1903 3294 me

532 3323 678 3386 ¹lorrnoto
698 3326 729 3383 in
750 3323 890 3383 rotiiormi
913 3325 1021 3396 tunice,
1043 3321 1111 3382 inde
1134 3339 1220 3400 porro
1243 3340 1295 3400 per
1317 3340 1410 3407 opecs
1425 3326 1553 3401 corporis
1568 3324 1725 3384 introrsum
1745 3324 1904 3400 recipietur

551 3408 591 3469 sd
613 3413 729 3472 enimse
751 3409 939 3493 penetreliei
970 3426 1045 3470 enoc
1073 3409 1152 3471 iores
1175 3412 1273 3470 enims
1303 3410 1504 3489 progredietur
1526 3414 1555 3470 in
1577 3411 1641 3487 ejus
1664 3409 1842 3471 occursum?
1876 3416 1904 3470 et

552 3513 629 3574 quse
650 3497 698 3557 his
719 3496 889 3559 edbecrent
933 3497 1032 3575 Atque
1054 3512 1127 3573 ego,
1163 3504 1195 3556 ut
1216 3500 1342 3574 ingenue
1364 3499 1475 3573 leteer,
1507 3498 1573 3576 plus
1595 3500 1625 3557 in
1647 3500 1763 3559 visiorm
1786 3498 1902 3570 horreo,

551 3600 643 3660 quern
665 3585 695 3642 in
718 3583 776 3645 bec
798 3586 982 3663 perceptione
1005 3584 1106 3661 enguli
1128 3584 1292 3655 radiorum,
1321 3585 1357 3645 do
1380 3603 1440 3662 quo
1461 3585 1563 3647 videor
1584 3585 1655 3644 milri
1678 3585 1825 3646 balbutire
1845 3585 1903 3644 eli·

552 3671 624 3750 quid
646 3689 705 3731 non
728 3674 825 3750 inepte
846 3689 943 3749 posse,
968 3690 1034 3733 cum
1056 3674 1087 3730 in
1109 3672 1162 3732 ille
1185 3674 1303 3732 omnino
1325 3676 1381 3732 sim
1403 3681 1510 3733 mutus.
1533 3673 1655 3733 Possem
1678 3672 1800 3750 quidem
1820 3680 1903 3732 solve

550 3775 647 3818 rsrom
668 3776 783 3820 summe
804 3760 1004 3837 subterfugere
1025 3760 1235 3837 speculationis
1257 3760 1401 3836 leborem,
1433 3768 1463 3821 et
1484 3762 1648 3837 qneeronti,
1679 3760 1788 3837 quibus
1812 3760 1902 3820 oculis

551 3848 650 3906 onime
672 3847 779 3909 ‘ferree
802 3847 903 3909 videet
925 3846 1024 3908 redies
1045 3846 1182 3917 siderum,
1205 3848 1394 3926 respondere:
1417 3847 1530 3923 iisdem,
1554 3847 1661 3924 quibus
1684 3846 1760 3907 vidit
1781 3847 1902 3908 militem

553 3950 619 3993 cum
640 3934 789 3996 laciniosis
813 3934 924 4011 caligis,
958 3935 1042 4012 cnjus
1065 3937 1222 4011 imaginem
1244 3936 1391 4012 plentevit
1412 3940 1442 3993 ln
1464 3934 1562 4012 lepide
1584 3934 1677 3995 fissili.
1721 3934 1836 3995 Verum
1857 3935 1902 3993 in·

552 4023 626 4081 ertio
647 4040 725 4082 mors
747 4030 792 4083 est
812 4022 1026 4099 philosophice,
1050 4024 1186 4083 vivemus
1207 4039 1262 4083 nos
1284 4030 1313 4083 et
1334 4040 1528 4085 exerceamur.

550 4162 555 4169 .
636 4109 767 4171 Primum
788 4112 887 4172 enims
907 4113 1007 4187 puncti
1029 4112 1172 4171 rationem
1193 4112 1296 4171 sortite
1318 4118 1363 4171 est
1384 4119 1453 4171 ecto
1471 4108 1594 4186 (saltem
1616 4110 1729 4171 retiooo
1752 4107 1902 4186 olligetio-

549 4195 596 4255 nis
623 4198 663 4257 od
685 4213 790 4274 corpus
812 4193 931 4279 suum),
962 4197 1063 4259 circuli
1084 4198 1209 4275 figurem
1231 4205 1391 4276 potestete;
1422 4215 1497 4275 quoe
1520 4214 1585 4257 cum
1607 4199 1646 4256 sit
1668 4198 1807 4274 energia,
1831 4195 1902 4255 didit

549 4300 616 4345 seso
638 4285 676 4344 sb
698 4285 750 4344 ills
772 4284 842 4346 sede
868 4287 968 4363 puncti
998 4288 1027 4347 in
1050 4286 1203 4361 circulum3
1236 4288 1300 4345 sive
1328 4288 1405 4345 enim
1434 4286 1540 4345 sentiro
1554 4284 1667 4345 debeat
1688 4302 1735 4345 reo
1759 4292 1900 4353 externas,

549 4370 619 4434 illoc
642 4373 826 4449 sphaericum
849 4376 878 4432 in
902 4372 1020 4432 modom
1042 4390 1108 4433 sese
1131 4374 1325 4447 circumstent,
1349 4375 1413 4433 sive
1436 4390 1541 4449 corpus
1563 4389 1672 4449 regere,
1696 4388 1803 4449 corpus
1825 4386 1901 4448 quo

549 4476 608 4537 que
631 4460 849 4537 circumiectum
871 4459 970 4535 hebet,
993 4463 1059 4537 ipse
1080 4459 1153 4519 lstct
1176 4462 1264 4535 intus,
1286 4457 1417 4521 redicets
1439 4462 1469 4519 in
1491 4466 1599 4538 puncto
1623 4459 1687 4535 eius
1710 4466 1802 4534 certo,
1825 4458 1900 4517 unde

550 4549 610 4607 exit
630 4565 683 4623 per
704 4550 836 4627 speciem
854 4550 901 4607 soi
924 4550 954 4607 in
976 4564 1081 4624 corpus
1103 4547 1257 4625 reliquum.
1303 4548 1343 4606 At
1366 4550 1416 4624 qui
1440 4554 1544 4627 exest,
1565 4549 1623 4607 nisi
1644 4563 1697 4623 per
1719 4546 1815 4607 linces
1836 4562 1900 4605 rec·
1955 4542 1957 4577 ³

549 4633 617 4694 tesi
638 4634 696 4696 boc
718 4638 795 4696 enim
818 4652 886 4697 vere
908 4642 962 4695 est,
976 4638 1069 4711 exiret
1099 4637 1149 4713 qui
1173 4634 1264 4705 elium
1286 4634 1410 4695 exeundi
1433 4652 1543 4695 morem
1565 4635 1684 4707 beboet,
1708 4635 1777 4713 ipse
1799 4642 1827 4695 et
1849 4632 1900 4691 lux
1955 4628 1956 4658 ¹

549 4724 677 4781 existens
700 4731 730 4783 et
750 4718 878 4798 flemme,
900 4740 990 4799 quem
1012 4742 1032 4783 e
1053 4723 1183 4783 lontibus
1205 4726 1266 4783 suis
1281 4730 1389 4783 exeunt
1402 4722 1462 4783 elie
1484 4723 1603 4791 lumina,
1627 4721 1712 4780 lineis
1734 4738 1778 4781 ec.
1792 4717 1900 4780 rectis?

549 4807 703 4885 egredtrm
725 4812 813 4888 igitur
836 4828 939 4873 versus
961 4813 1105 4871 exteriore
1128 4812 1256 4886 corporis
1279 4808 1383 4869 iisdem
1404 4809 1529 4887 legibus,
1552 4811 1660 4885 qulbus
1682 4809 1901 4870 circumstantie

548 4895 722 4956 momenti
743 4896 856 4959 lumine
879 4916 980 4970 versus
1001 4898 1081 4958 illem
1113 4900 1144 4957 io
1167 4906 1274 4975 puncto
1297 4897 1472 4959 residentem
1493 4897 1702 4974 ingrediuntur.
1748 4894 1822 4956 Cum
1844 4912 1900 4955 au·

548 4990 609 5044 tem
636 4991 701 5044 tote
727 4984 841 5045 dimidii
868 4986 949 5063 globi
978 4984 1098 5047 'lomoni
1128 4985 1297 5063 superficies
1320 4987 1477 5061 omnisque
1499 4984 1575 5045 odeo
1599 4990 1707 5063 puncto
1735 4982 1898 5061 superficiei
1950 4982 1952 5033 l

549 5074 634 5148 sido,
658 5088 717 5149 qno
739 5053 863 5134 amictos
884 5080 930 5134 est
951 5071 1010 5147 illc,
1033 5074 1073 5133 sb
1096 5089 1154 5133 nno
1178 5081 1207 5133 ot
1229 5072 1331 5133 eodem
1353 5070 1474 5150 plenote
1495 5072 1668 5133 irradientur
1689 5070 1778 5131 rediit
1801 5070 1899 5131 inlini·
1949 5040 1952 5133 l

549 5160 603 5234 tis,
636 5177 673 5221 ex
693 5161 730 5221 ils
752 5162 887 5224 omnibus
908 5177 985 5221 nnus
1006 5158 1088 5222 solus
1109 5160 1203 5221 tendb
1229 5176 1332 5223 verens
1359 5166 1500 5239 punctum
1521 5158 1609 5236 illud,
1644 5158 1724 5237 quod
1746 5166 1790 5221 cst
1812 5156 1898 5219 seder
1947 5172 1951 5319 p
