4467 6192
539 642 603 702 364
1052 636 1202 739 Ptolemaei
1213 637 1368 695 iimmonia

535 812 643 881 quidem
661 812 776 883 partium
795 811 888 869 circuli
913 828 962 882 per
980 812 1081 881 figuras
1099 814 1263 883 geometrice
1281 814 1374 883 dirisi3
1398 813 1480 869 animi
1497 824 1562 869 tero
1584 818 1650 867 sunt
1675 829 1728 867 non
1751 813 1812 868 nudi
1827 832 1871 869 nu·
1964 787 1965 842 ]

534 894 613 959 mori,
638 892 688 947 sed
706 891 799 946 circuli
817 892 925 960 quidam
943 894 1122 963 potentiales,
1145 895 1228 963 idque
1247 895 1411 964 formaliter,
1435 908 1484 949 sen
1505 891 1598 962 potius
1618 891 1750 963 imagines
1768 893 1827 961 Dei,
1846 892 1872 946 ir

534 987 588 1040 qno
607 970 701 1029 cuculi
717 970 780 1025 idea
798 970 915 1029 aeterna.
952 972 1021 1027 Vide
1040 972 1086 1029 lib.
1105 970 1227 1043 llilcap.
1245 975 1271 1029 8.

1058 1264 1210 1351 „carun
1238 1257 1352 1337 vllt.¹'
1389 1337 1398 1361 ,

597 1429 642 1485 De
666 1429 903 1488 similitudine
919 1434 1068 1503 perfecti
1091 1431 1430 1503 systematis11)cum
1452 1432 1585 1489 circulo
1606 1447 1667 1503 per
1688 1430 1825 1486 medium

1122 1535 1298 1588 signorum.

631 1681 860 1742 Familiaritates
890 1685 977 1760 igitur
1008 1684 1173 1742 animorum
1200 1680 1393 1743 bumanorum
1421 1699 1486 1743 eum
1516 1682 1693 1744 harmonicis
1729 1702 1783 1760 per
1812 1685 1876 1744 hae
1964 1691 1965 1754 ζ

535 1775 619 1828 tenus
643 1768 720 1828 dicta
742 1771 828 1853 nobis
851 1770 1015 1830 ob'oculos
1037 1772 1153 1847 positae
1175 1768 1331 1846 sunto¹¹¹);
1360 1772 1496 1831 inventae
1524 1778 1595 1829 sunt
1616 1772 1723 1845 enim,
1744 1781 1778 1830 ιιι
1802 1790 1876 1831 com·
1964 1763 1965 1822 ἒ

534 1855 640 1931 pendio
664 1857 842 1936 complectar
865 1860 970 1932 omnia,
995 1858 1242 1917 identisonantiae
1265 1866 1295 1918 et
1305 1862 1517 1919 consonantiae
1532 1875 1585 1935 per
1599 1860 1754 1946 primarias
1770 1863 1877 1919 animae
1964 1897 1965 1914 2

535 1949 632 2021 partes
656 1944 840 2019 distributae,
865 1946 976 2006 formae
999 1962 1067 2005 vero
1091 1952 1231 2004 cantuum
1253 1962 1305 2022 per
1327 1947 1433 2005 formas
1449 1942 1657 2024 vinutum¹V);
1681 1949 1724 2005 sie
1749 1945 1878 2007 dideren·
1964 2015 1965 2018 Ἴ

536 2033 594 2090 tiae
618 2034 695 2091 circa
717 2033 966 2092 tetrachordorum
989 2050 1096 2109 genera
1120 2034 1277 2107 generibus
1299 2035 1438 2092 uirtutum
1461 2031 1603 2111 dignitate
1630 2042 1667 2108 et,
1680 2034 1877 2110 magnitudine

535 2118 733 2179 differentibus
744 2116 792 2193 V),
825 2129 854 2180 et
876 2120 1082 2181 translationes
1114 2119 1150 2178 dc
1175 2108 1244 2180 tono
1272 2122 1301 2178 in
1332 2128 1431 2179 tonum
1464 2120 1676 2181 mutationibus
1708 2138 1825 2181 morum
1851 2125 1878 2180 in

535 2208 752 2267 occurrentibus
785 2208 864 2266 ritae
893 2208 1119 2269 circumstantiis
1150 2215 1218 2266 sunt
1249 2216 1444 2285 comparatae.
1493 2208 1612 2281 Restat,
1642 2216 1675 2266 ut
1704 2208 1765 2267 hoc
1794 2212 1877 2269 etiam

535 2292 750 2367 confirmemus,
780 2294 950 2355 coelestium
973 2297 1198 2372 suppositiones·
1220 2295 1258 2354 ad
1284 2298 1485 2372 proportiones
1508 2296 1693 2355 harmonicas
1722 2292 1791 2355 ess'e
1813 2315 1878 2356 con·

534 2379 734 2457 iormatasV1).
779 2379 838 2442 Ubi
860 2385 976 2457 gemina
1001 2386 1049 2442 via
1073 2381 1249 2456 incedemus,
1273 2400 1332 2443 una
1347 2384 1501 2454 communi,
1524 2383 1560 2443 de
1576 2383 1711 2454 omnibus
1727 2393 1783 2442 aut
1796 2403 1878 2461 quam

535 2469 684 2547 plurimis;
707 2468 800 2530 altera
822 2470 977 2547 singulari,
1002 2470 1038 2529 de
1062 2469 1185 2545 singuiis
1208 2487 1323 2541 eorum,
1352 2488 1429 2547 quae
1450 2471 1648 2547 particulatim
1670 2472 1878 2547 comprehensa

535 2553 678 2635 suntin).
724 2556 854 2618 Priorem
884 2565 913 2617 ct
935 2566 1118 2617 communem
1141 2558 1209 2616 hinc
1232 2557 1392 2633 ordiemur;
1422 2558 1500 2635 quod
1524 2560 1600 2618 enim
1630 2559 1714 2616 initio
1739 2559 1878 2633 ridemus,

534 2644 599 2704 sola
626 2644 806 2705 intervallarl
834 2648 963 2705 motione
993 2652 1022 2705 et
1050 2661 1139 2704 sonos
1169 2641 1337 2721 pertransiri
1358 2645 1534 2721 absolvique
1565 2652 1595 2705 et
1623 2644 1759 2705 similiter
1787 2654 1878 2705 motus

535 2731 677 2792 coelestes
699 2730 817 2807 locales,
842 2734 884 2791 sic
906 2742 939 2791 ut
961 2732 1072 2793 nullam
1096 2732 1147 2791 illa
1169 2732 1353 2792 alterativam
1376 2734 1566 2794 mutationem
1580 2732 1765 2793 substantiae
1785 2752 1878 2794 secum

535 2820 640 2891 trahat,
665 2836 700 2879 ea
722 2822 791 2897 ipsa
814 2838 844 2881 re
868 2818 1250 2895 evincitur'quodammodo
1272 2817 1537 2899 propositume).

622 2907 754 2966 Alterum
777 2915 981 2983 argumentum
1003 2906 1061 2969 hoa
1084 2915 1137 2980 est,
1160 2908 1239 2983 qnod
1261 2916 1291 2967 et
1314 2908 1483 2968 coelestium
1507 2923 1659 2985 corporum
1682 2908 1880 2969 revolutiones

535 3012 636 3054 omnes
659 2995 813 3055 circulares
836 3004 904 3055 sunt
926 3004 955 3055 et
977 2995 1129 3055 ordinatae
1152 2994 1368 3079 regularesque,
1391 3003 1421 3055 et
1442 3002 1634 3073 systematum
1648 2995 1879 3057 harmonicorum

534 3082 736 3143 absolutiones
766 3070 1087 3161 redintegrationesque
1119 3082 1251 3142 similiter
1272 3078 1441 3162 bahent1¹).
1487 3083 1561 3142 Nam
1589 3085 1643 3143 etsi
1670 3087 1806 3144 extensio
1834 3100 1879 3142 or-

535 3169 705 3247 dinatioque
728 3188 866 3230 sonorum
889 3172 919 3229 in
941 3178 1026 3230 recta
1044 3171 1124 3230 linea
1147 3170 1239 3229 ueluti
1261 3168 1418 3231 succedere
1439 3169 1555 3230 videtur
1569 3167 1616 3249 x),
1649 3179 1681 3230 at
1701 3171 1830 3231 facultas
1852 3180 1880 3229 et

534 3256 613 3335 qnod
635 3259 700 3316 soni
723 3266 801 3319 certo
823 3257 911 3318 modo
934 3266 1003 3317 sunt
1030 3260 1105 3318 inter
1128 3276 1159 3317 se
1179 3260 1341 3333 comparati
1365 3253 1432 3339 (qui
1453 3257 1559 3317 modas
1587 3259 1718 3334 ipsorum
1748 3261 1880 3335 proprius

535 3347 594 3423 est)
617 3343 824 3407 determinatur
846 3354 875 3406 et
897 3348 1103 3422 constringitur
1131 3347 1162 3402 in
1184 3360 1274 3403 unum
1297 3344 1479 3421 eundemque
1502 3346 1655 3405 circuitum
1677 3344 1723 3404 ad
1748 3362 1877 3405 normam
1964 3383 1965 3392 ι

534 3434 671 3492 motionis
694 3431 909 3512 circularia¹¹);
939 3435 1002 3493 sesi
1023 3450 1060 3493 ne
1090 3434 1137 3491 sui
1165 3431 1283 3507 quidem
1305 3434 1476 3509 principium
1507 3432 1628 3509 aliquod
1651 3439 1757 3492 natura
1788 3433 1880 3505 detur,

534 3518 586 3579 sad
608 3520 753 3595 positione
776 3520 870 3580 solum
893 3526 1059 3579 assumatur
1081 3520 1156 3579 alias
1179 3518 1274 3592 aliud,
1305 3522 1336 3576 in
1359 3519 1438 3581 lotos
1468 3520 1568 3579 ordine
1598 3519 1791 3579 succedentes
1813 3539 1880 3598 pro·

535 3608 686 3683 gressuris.
731 3606 801 3668 Sive
832 3626 901 3684 ergo
934 3609 1000 3683 quis
1031 3606 1171 3667 circulum
1200 3609 1349 3683 signomm
1378 3608 1483 3667 mentis
1510 3608 1719 3681 imaginatione
1749 3618 1831 3669 secat
1853 3611 1880 3665 in

534 3693 673 3753 alterutro
696 3704 868 3779 punctomm
900 3686 1159 3771 aequinoctialium
1185 3700 1216 3753 et
1236 3693 1330 3754 veluti
1352 3695 1528 3772 explicatum
1559 3696 1647 3769 inque
1675 3694 1799 3770 longum
1829 3714 1880 3755 er-

536 3791 650 3841 tcnsum
673 3782 801 3860 applicet
823 3784 977 3861 systemati
999 3783 1128 3858 perlecto
1151 3780 1339 3858 disdiapason
1367 3782 1527 3841 seeundum
1550 3780 1690 3858 aequales
1717 3781 1880 3859 longitudi-

534 3886 603 3943 nes,
626 3878 765 3946 punetum
787 3870 911 3930 alterum
934 3869 1167 3945 aequinoctiale,
1196 3870 1225 3926 in
1249 3886 1308 3944 quo
1330 3872 1420 3929 sectio
1448 3887 1507 3928 non
1530 3878 1575 3928 est
1597 3870 1692 3942 iacta,
1720 3870 1832 3931 incidet
1852 3873 1880 3927 in

536 3973 651 4029 mescn;
680 3964 711 4015 at
740 3958 839 4018 circuli
868 3960 938 4017 secti
963 3961 1102 4017 terminus
1132 3955 1206 4016 alter
1228 3956 1257 4014 in
1277 3955 1605 4033 proslambanomenon,
1632 3956 1708 4016 alter
1735 3959 1766 4015 iu
1794 3966 1879 4017 nemu

536 4043 770 4121 hyperbolaeon;
797 4046 861 4104 sivo
883 4062 899 4103 e
923 4049 1069 4105 contrario
1097 4051 1225 4122 systema
1247 4042 1434 4119 disdiapason
1465 4046 1495 4102 in
1517 4044 1656 4103 circulum
1684 4051 1879 4122 contorqueas

538 4136 693 4209 potestate,
718 4140 748 4191 at
770 4134 914 4209 coaptatis
937 4134 1065 4193 invicem
1087 4138 1155 4192 nete
1177 4130 1393 4207 hyperbolaeon
1417 4139 1447 4191 et
1467 4130 1785 4209 proslambanomenon
1807 4131 1880 4191 dnos

535 4221 648 4278 sonitus
663 4220 693 4276 in
708 4236 797 4296 unum
812 4219 969 4296 redegeris,
992 4222 1063 4280 unio
1085 4220 1160 4278 baec
1181 4218 1388 4277 diametraliter
1403 4217 1521 4295 quidem
1536 4225 1699 4296 opponetur
1718 4221 1778 4295 ipsi
1792 4237 1878 4292 mese,

535 4324 627 4367 nasus
649 4308 704 4366 iste
734 4311 787 4367 erit
810 4320 882 4367 vero
905 4306 943 4366 ad
966 4308 1060 4385 ipsam
1088 4305 1267 4381 concordans
1297 4308 1326 4363 in
1349 4305 1515 4366 identisouo
1537 4305 1678 4384 diapason
1686 4301 1758 4388 ΧΠ)
1804 4306 1879 4382 Quin

535 4396 623 4455 etiam
645 4394 701 4454 hac
723 4397 773 4453 via
795 4394 990 4471 probabilitas
1012 4395 1101 4471 hujus
1125 4394 1349 4469 comparationis
1372 4393 1527 4466 stabilitur,
1550 4392 1628 4469 quod
1651 4409 1711 4452 non
1733 4392 1880 4453 absimilia

535 4483 707 4559 contingunt
730 4483 909 4559 oppositioni
934 4480 1101 4543 diametrali
1122 4482 1151 4538 in
1175 4478 1281 4539 circulo
1304 4482 1354 4554 iis,
1385 4500 1460 4557 quae
1483 4482 1560 4540 circa
1581 4478 1723 4558 diapason
1751 4481 1880 4541 accidere

535 4569 797 4629 demonstravimus
806 4564 886 4645 ΠΗ).
931 4568 1007 4630 Nam
1035 4572 1065 4629 in
1090 4570 1274 4645 oppositione
1304 4567 1556 4645 comprehenditur
1584 4570 1660 4627 ratio
1686 4568 1781 4645 dupla
1808 4572 1881 4629 inter

535 4664 628 4716 totum
658 4657 796 4718 circulum
828 4665 858 4717 ot
890 4656 1103 4718 semicirculum
1112 4651 1192 4730 ΧΠ),
1229 4654 1445 4732 plurimumque
1476 4654 1663 4730 aequalitatis
1695 4645 1767 4732 p'rae
1801 4664 1881 4717 cete-

533 4739 653 4817 ris1V),
681 4754 717 4804 'et
746 4742 826 4821 quod
861 4760 913 4821 per
943 4753 1072 4805 connum
1103 4742 1203 4809 circuli
1232 4758 1292 4803 una
1312 4742 1377 4803 sola
1406 4742 1546 4803 diameter
1573 4743 1737 4801 neceasarm
1761 4744 1879 4815 incedit,

536 4846 614 4906 quae
636 4832 730 4908 prima
752 4840 908 4893 causaest
931 4833 1119 4909 aequalitatis
1143 4826 1340 4906 figuratam),
1364 4831 1502 4906 quodque
1524 4846 1600 4905 quae
1621 4829 1708 4890 aliter
1722 4829 1881 4891 ιτιᾶιιοιιιι-

534 4924 598 4991 tur,
627 4918 680 4977 etsi
705 4919 965 5000 circumferentiam
994 4928 1085 4979 totam
1115 4920 1144 4976 in
1167 4924 1353 4993 quotcunque
1378 4926 1476 4994 partes
1506 4916 1646 4991 aequales
1668 4916 1820 4992 dividant,
1850 4923 1881 4976 at

535 5021 592 5063 non
616 5006 665 5065 'sic
688 5012 718 5063 et
739 5012 833 5064 totum
864 5005 1001 5082 planum,
1035 5007 1177 5067 diameter
1204 5021 1275 5065 vero
1303 5011 1333 5064 et
1353 5005 1614 5065 circumferentiam
1644 5012 1676 5065 et
1695 5004 1817 5082 planum
1838 5006 1880 5064 si·

535 5090 641 5152 militer
647 5086 738 5175 ivn).
783 5090 860 5153 Hinc
883 5104 936 5169 est,
960 5092 1039 5171 qnod
1062 5092 1307 5169 configurationes
1322 5099 1465 5157 asuerum
1478 5091 1592 5154 zodiaci
1606 5092 1792 5157 diametrales
1808 5094 1879 5154 inter
