4467 6192
918 729 952 790 de
969 729 1124 790 Hmmouis.
1646 730 1688 792 i't

334 905 440 955 meliori
457 905 508 956 ise
525 907 626 956 lorium
643 907 779 976 fruebatur,
798 923 853 960 eum
871 923 936 962 euuo
950 907 1028 966 1831.
1045 910 1141 974 proelio
1158 903 1377 968 senonensem
1392 905 1460 957 teoto
1478 901 1530 972 (21.
1542 905 1619 967 eug.)
1634 909 1690 954 tots

334 975 556 1039 wnmsmbergie
574 991 673 1044 unoque
690 977 804 1042 Tublnpe
821 981 846 1030 in
866 985 1012 1044 potestetem
1031 981 1209 1031 estholloorum
1226 980 1328 1028 reniret.

432 1043 604 1114 Osismitstes,
624 1049 715 1114 qulbus
728 1055 781 1100 tum
791 1051 883 1102 eliliota
893 1055 931 1101 est
945 1049 1151 1112 wurttembergle
1170 1053 1194 1099 et
1212 1051 1264 1110 ejus
1276 1047 1381 1109 incolae,
1398 1047 1474 1096 er'lis
1486 1047 1613 1111 apparent,
1626 1056 1690 1110 ques

335 1115 513 1168 Selleierdus
536 1118 567 1167 de
586 1117 636 1168 isto
656 1133 701 1169 suo
721 1121 789 1170 metri
806 1121 886 1170 Luese
905 1121 992 1184 refert,
1017 1121 1062 1188 qui
1080 1123 1133 1169 tum
1151 1120 1178 1168 tn
1196 1117 1288 1182 buglis
1304 1118 1461 1184 seresbetur,
1479 1115 1616 1179 poedagogi
1632 1127 1689 1164 mu·

335 1201 396 1238 nere
414 1187 521 1237 iunctm
540 1187 607 1250 apud
625 1189 690 1239 tilios
707 1189 785 1241 Ducis
803 1191 1033 1252 wbrttembergiee.

426 1257 481 1306 Die
503 1255 545 1311 10.
564 1258 624 1308 Dee
642 1255 711 1312 1631
736 1262 823 1312 scribit
850 1259 1027 1312 Schieterdus:
1052 1257 1090 1309 Er
1115 1266 1159 1309 tua
1179 1255 1206 1314 8.
1225 1259 1290 1334 App.
1314 1263 1413 1307 mmsis
1438 1255 1543 1320 epistole
1564 1255 1689 1321 intelligo,

336 1327 385 1376 tibi
409 1327 528 1376 nondum
553 1334 664 1378 eouetrre
688 1329 718 1379 de
742 1331 875 1395 multiplici
901 1332 999 1380 miserie
1021 1335 1114 1380 nostre.
1152 1329 1270 1390 Siguideo
1288 1327 1377 1394 igitur,
1401 1333 1504 1376 metrum
1521 1331 1644 1391 nomm,
1662 1325 1690 1372 lu

337 1397 393 1448 dlra
411 1397 558 1459 irruptione
577 1397 784 1462 lienenberpeusl
801 1415 816 1450 a
833 1399 957 1450 militibus
974 1399 1204 1450 immisericorditer
1226 1402 1369 1464 escuem,
1394 1396 1542 1446 duodecimo
1568 1400 1626 1459 post
1649 1393 1689 1442 dle

337 1467 448 1516 animam
468 1467 526 1516 Deo
545 1467 695 1536 reddidisse,
714 1471 796 1521 risere
814 1472 948 1521 etiamnum
967 1484 1087 1536 sororem,
1114 1469 1172 1536 sed,
1197 1474 1227 1517 ut
1249 1467 1322 1519 troile
1345 1468 1461 1536 eouJieis,
1484 1476 1573 1530 petum
1592 1466 1689 1514 laetam.

337 1537 376 1586 Ιο
394 1535 467 1602 quod
487 1539 588 1602 attinet,
607 1552 658 1588 uon
673 1539 749 1589 habui
766 1554 811 1604 per
829 1555 927 1590 omnem
944 1542 1020 1590 sitem
1035 1540 1217 1590 oslemltosiore
1230 1544 1348 1604 tempore,
1367 1549 1442 1602 quem
1458 1536 1520 1586 bees
1536 1537 1607 1602 ipsa;
1628 1535 1689 1584 sdeo

337 1621 376 1656 me
399 1607 520 1672 undique
543 1610 634 1670 premit
656 1609 740 1660 istum.
776 1611 862 1662 lienes
884 1615 941 1674 post
963 1617 1065 1660 metram
1084 1607 1161 1674 (Oet)
1188 1610 1252 1657 obiit
1276 1609 1328 1657 tilis
1345 1621 1399 1656 mee
1417 1611 1478 1655 netu
1494 1608 1587 1672 maior,
1612 1605 1689 1654 altero

338 1677 458 1740 &inceps
477 1690 565 1726 mense
583 1693 646 1728 uror
662 1685 687 1729 et
703 1680 767 1730 duee
784 1679 900 1746 anciliae,
919 1682 991 1731 tertio
1010 1680 1119 1744 denique
1136 1680 1216 1740 (Dee.)
1234 1683 1319 1728 seeute
1335 1683 1374 1726 eet
1390 1677 1467 1727 ultera
1483 1676 1569 1727 litote
1597 1676 1689 1726 Omnes

338 1751 381 1798 sut
398 1760 468 1796 novo
489 1749 572 1796 morbi
589 1762 677 1810 genepe
695 1755 738 1800 eut
754 1751 832 1814 pestis
854 1756 936 1800 temen
954 1751 1036 1813 speeie
1057 1753 1123 1799 intre
1141 1750 1251 1798 triduum
1269 1748 1308 1797 sel
1326 1745 1470 1796 eertlduum
1482 1746 1602 1797 subintus.
1621 1741 1689 1807 Quid

338 1816 368 1866 de
386 1829 427 1864 me
446 1817 660 1878 superstitibusve
678 1819 774 1870 duobus
793 1819 878 1870 liberis
896 1821 1006 1871 minimis
1024 1819 1135 1870 futurum
1154 1820 1200 1886 sit,
1229 1818 1298 1868 Deus
1315 1818 1386 1866 norit
1404 1855 1410 1869 .
1430 1854 1436 1868 .
1456 1855 1464 1868 .
1483 1853 1489 1867 .
1525 1815 1552 1864 le
1568 1827 1635 1864 nuno
1651 1821 1690 1865 est

337 1887 364 1936 iu
381 1887 428 1936 boe
448 1886 549 1950 oppido
567 1893 659 1950 status,
677 1895 705 1938 ut
722 1891 824 1958 nemini,
843 1905 873 1940 ne
891 1892 935 1940 unl
953 1888 1067 1957 quidem,
1087 1887 1199 1940 lenones
1216 1902 1286 1940 mmo
1303 1887 1401 1937 eredere
1418 1887 1506 1936 susim.
1543 1882 1689 1952 Ptemlmur,

338 1958 497 2018 minuimur,
515 1961 611 2007 uotum
631 1972 680 2008 uon
698 1973 854 2021 eroseomur,
872 1975 901 2012 so
920 1957 994 2010 silere
1011 1963 1093 2008 umen
1112 1966 1222 2026 oportet,
1240 1961 1291 2007 imo
1309 1959 1374 2006 laets
1392 1957 1471 2006 trente
1488 1954 1599 2020 probare,
1617 1955 1690 2020 qussi

339 2027 399 2076 bens
415 2033 529 2088 gestum
564 2027 688 2078 Hesterna
706 2043 806 2094 vespera
822 2030 931 2081 vidimus
943 2031 1123 2093 amplissimum
1134 2030 1286 2094 iueeudium,
1304 2029 1376 2089 siunt
1393 2040 1447 2076 esse
1460 2025 1545 2091 Ursei;
1564 2024 1586 2074 si
1606 2039 1689 2074 verum

318 2102 321 2111 ’
340 2103 384 2158 ot,
401 2101 489 2145 totum
507 2095 663 2160 eouflegrsrit
675 2104 777 2162 oportet
807 2101 889 2150 littam
902 2099 1068 2151 Sebomdorte
1085 2106 1138 2150 tots
1155 2099 1205 2149 tere
1223 2103 1261 2148 est
1278 2102 1373 2163 exuste,
1391 2100 1452 2161 puto
1470 2097 1550 2145 solum
1568 2095 1689 2156 templum

341 2179 394 2215 tum
411 2177 470 2215 eree
491 2181 628 2230 superesse.
663 2167 733 2230 Quos
758 2169 824 2219 ierus
842 2169 908 2220 liers
930 2171 959 2220 iu
981 2170 1030 2220 iseo
1047 2169 1139 2221 dueetu
1155 2183 1207 2218 non
1231 2169 1347 2233 obstulit,
1371 2167 1391 2215 ii
1412 2177 1479 2216 umse
1492 2165 1624 2229 pestilenti
1648 2166 1689 2214 lue

341 2235 479 2286 maeldunt
498 2240 642 2287 esumtim
659 2238 781 2304 quotidie.
808 2239 903 2289 bisium
921 2245 959 2290 est
976 2241 1049 2302 louge
1066 2253 1149 2303 supra,
1166 2252 1242 2306 wem
1260 2240 1320 2288 setis
1339 2235 1447 2286 desesibi
1463 2236 1553 2299 poeste
1572 2272 1687 2287 .....

340 2305 409 2356 liosti
427 2307 510 2356 aedes
527 2307 642 2374 elloquio
659 2309 725 2358 baud
741 2311 838 2374 amplas
855 2323 921 2377 esse,
940 2321 1002 2376 ques
1019 2309 1066 2359 isse
1083 2315 1177 2359 amiate
1195 2311 1258 2374 emi,
1276 2314 1316 2358 set
1332 2311 1415 2356 umen
1433 2321 1462 2356 es
1479 2304 1589 2355 solitudo
1607 2311 1633 2355 et
1643 2306 1690 2355 ’ts-
1772 2297 1780 2309 ‘

341 2377 422 2426 milies
440 2377 568 2438 peueitss,
585 2385 615 2428 ut
631 2380 659 2427 lu
674 2379 782 2428 insulem
801 2379 944 2444 deportatus
963 2393 1017 2429 esse
1034 2379 1098 2429 mibi
1112 2379 1207 2428 videet
1243 2377 1306 2427 (lum
1323 2377 1451 2426 delestis
1469 2376 1577 2424 adventu
1594 2377 1689 2438 primus

341 2459 422 2496 eumer
445 2447 627 2514 increbuisset,
652 2449 782 2513 opinabar,
806 2452 896 2500 emisse
922 2449 1022 2499 domm
1045 2449 1146 2499 omniuo
1167 2449 1353 2511 intempestive:
1386 2459 1452 2496 nune
1473 2445 1520 2495 ubi
1541 2447 1620 2510 pestis
1649 2459 1690 2496 me

341 2517 416 2580 priori
435 2515 515 2566 domo
534 2517 687 2567 eonduetitie
705 2519 798 2588 exegit,
823 2519 936 2582 intelligo
955 2519 1066 2586 demum,
1091 2531 1167 2586 quem
1187 2523 1292 2582 peteme
1308 2529 1377 2566 mess
1393 2516 1533 2566 rdetudiul
1549 2515 1689 2578 providerit

342 2585 554 2636 elementissimus
571 2585 652 2653 Deus,
677 2591 719 2654 qui
736 2589 801 2640 bane
818 2589 902 2640 sedem
921 2587 996 2639 desiit
1032 2588 1149 2640 luelurler
1164 2601 1233 2638 nune
1249 2588 1291 2637 illi
1308 2587 1377 2636 velut
1394 2588 1498 2652 oereerl,
1514 2585 1584 2652 qued
1602 2591 1690 2636 sonte·
1767 2599 1776 2622 ⁴

340 2657 421 2717 plenis
439 2662 512 2705 metu
531 2664 689 2720 conspeetum
706 2671 788 2708 meum
805 2671 855 2710 noa
873 2662 956 2710 ierunt
971 2659 1114 2726 ememtes,
1132 2659 1276 2722 praesertim
1292 2657 1346 2723 ilie,
1363 2658 1410 2722 qui
1425 2657 1534 2718 symboli
1551 2656 1607 2705 looo
1625 2659 1689 2706 serl-

342 2726 399 2774 bsre
416 2727 511 2776 solitus
529 2733 595 2776 eret:
613 2735 735 2794 „mortem
751 2741 801 2779 nou
819 2727 909 2780 timet“
921 2735 979 2796 ete,
996 2731 1078 2779 amuis
1095 2733 1187 2781 noster.
1217 2729 1299 2777 Etiam
1312 2729 1419 2776 brutius
1435 2725 1580 2776 reformidet
1596 2739 1690 2776 neema

343 2797 453 2845 sisinum
471 2803 549 2864 etque
566 2795 641 2846 doctr
658 2801 816 2862 persuasione
833 2799 952 2850 aliorsum
977 2800 1060 2862 lugere
1075 2799 1151 2862 juant
1169 2837 1175 2851 .
1194 2833 1227 2849 ..
1257 2795 1404 2848 Studiorum
1421 2797 1546 2863 quendem
1568 2795 1689 2860 eondusi,

343 2867 388 2932 qui
406 2868 525 2916 munus
543 2871 639 2916 meeum
656 2865 760 2936 issbitet,
779 2869 801 2919 el
818 2869 879 2938 quid
897 2870 977 2920 seelus
995 2869 1129 2936 resideret,
1154 2869 1267 2936 alloquin
1284 2867 1376 2918 suellis
1392 2866 1515 2932 qusedsm
1530 2876 1606 2915 senex
1624 2867 1689 2916 eut·

342 2947 400 2984 nem
417 2935 580 2986 administm
596 2937 659 2987 mibi
677 2976 684 2989 .
704 2976 711 2990 .
730 2977 736 2990 .
755 2939 851 2990 lindius
868 2942 956 2991 tertius
974 2951 1072 2990 seeeem
1088 2941 1171 2992 invito
1188 2939 1250 2988 mibi
1268 2937 1360 2988 milltes
1377 2941 1519 2987 mutumne
1536 2972 1542 2987 .
1563 2971 1571 2990 .
1590 2974 1598 2990 .
1617 2974 1624 2989 .

430 3022 501 3074 lineo
518 3025 608 3088 repetit
627 3025 789 3078 Selleisrdue
807 3029 834 3078 in
851 3029 930 3078 literis
948 3027 973 3081 d.
992 3024 1016 3081 6,
1035 3027 1107 3078 liert.
1129 3023 1195 3080 1635
1217 3026 1249 3075 ed
1267 3027 1366 3075 bouem
1387 3023 1467 3092 detis,
1485 3024 1563 3091 „quis
1580 3036 1689 3075 mserum

345 3091 489 3150 (minimum
507 3096 640 3160 quinquies
657 3095 689 3145 ed
706 3102 731 3146 te
743 3098 941 3164 persorlptsrum)
958 3097 1040 3148 nullas
1057 3098 1176 3146 lemnus
1193 3095 1241 3145 tibi
1259 3099 1324 3148 vises
1341 3095 1449 3145 leetsave
1467 3091 1569 3159 relers“,
1586 3096 1689 3160 alisque

343 3163 426 3212 sidit:
453 3164 532 3215 seror
558 3168 668 3216 seueiets
688 3169 796 3230 praviter
818 3169 958 3234 eouseluit,
982 3168 1095 3234 quemvis
1119 3161 1154 3220 18
1175 3168 1240 3216 letus
1262 3169 1371 3229 experts.
1407 3164 1558 3214 Addiderunt
1580 3179 1689 3231 quoque,
1756 3177 1761 3184 ·

344 3245 419 3295 quem
435 3233 666 3286 immisericorditer
690 3237 841 3288 evuueulum
864 3243 975 3290 nostmm
995 3235 1137 3287 ilmelirium
1153 3237 1297 3302 οοοοοήοο,
1322 3236 1382 3285 lune
1399 3239 1457 3297 post
1474 3249 1551 3300 equos
1569 3237 1690 3284 traxerint

342 3305 488 3371 periuria,
512 3305 613 3355 taudem
631 3307 696 3367 istro
714 3301 765 3362 300
783 3307 950 3372 imperialium
969 3311 1066 3358 extorto
1085 3309 1127 3355 vir
1145 3305 1291 3357 dimiserint.
1326 3303 1447 3356 Patruum
1465 3304 1613 3373 lieurieum,
1632 3319 1687 3356 sero

343 3371 443 3424 demum
462 3379 490 3423 st
506 3373 609 3440 quondo
628 3373 666 3426 nil
683 3377 773 3427 hostile
792 3378 899 3443 amplius
917 3378 1082 3439 metuebatur,
1101 3376 1264 3426 eouloderunt
1280 3377 1363 3428 etism.

428 3462 570 3528 Postquam
587 3464 693 3514 beilieus
710 3465 778 3516 turer
795 3466 952 3531 aliquantum
970 3463 1100 3529 desessiit,
1121 3468 1151 3513 ut
1168 3468 1234 3512 etot
1249 3463 1384 3514 tenoribus
1400 3461 1522 3524 respirare
1540 3457 1689 3527 debuissem,

342 3545 374 3582 ea
389 3534 530 3596 improuiso
549 3533 620 3582 aliud
638 3535 700 3584 meli
715 3548 793 3598 penus
811 3535 912 3586 domum
925 3548 1006 3586 meam
1016 3535 1119 3600 adlisit,
1137 3534 1215 3596 priori
1231 3546 1311 3598 seque
1329 3545 1444 3593 smum,
1461 3532 1524 3596 quia
1539 3531 1609 3581 brevi
1625 3537 1689 3580 um·

343 3615 403 3664 pers
416 3615 527 3652 uorem
545 3609 571 3652 st
587 3605 654 3654 ullas
673 3617 765 3667 omna,
781 3606 889 3656 mollier
906 3619 1006 3671 quoque
1018 3605 1082 3654 dues
1100 3601 1226 3654 uus‘eum
1242 3601 1368 3668 inquiline
1384 3601 1500 3652 studim
1512 3602 1623 3666 sustulit,
1639 3602 1689 3650 ed·

342 3686 423 3738 eque
440 3686 483 3722 ase
499 3673 581 3722 solum
597 3687 654 3724 eum
672 3676 746 3726 salse
764 3675 842 3725 titolo
860 3675 999 3738 i‘lseepiiio
1016 3675 1119 3739 reliquit
1136 3711 1144 3727 .
1162 3710 1170 3724 .
1189 3708 1196 3725 .
1214 3707 1223 3723 .
1257 3673 1369 3724 aeeusit
1383 3671 1549 3722 nouissimum
1565 3677 1591 3720 et
1608 3672 1688 3720 multo

342 3743 404 3792 mlii
421 3742 619 3809 mummulus,
636 3745 707 3809 quod
723 3746 750 3794 in
766 3745 843 3796 ades
861 3745 995 3794 dsmnstm
1010 3757 1078 3794 erem
1095 3744 1247 3794 recensete
1262 3742 1382 3806 Senatus,
1399 3757 1436 3794 οο.
1449 3754 1481 3790 ne
1492 3754 1558 3806 quse
1572 3742 1688 3803 serneio

342 3826 372 3862 er
389 3814 457 3862 teis
474 3819 582 3876 nepem
599 3813 634 3863 ed
650 3815 722 3880 allos,
740 3817 881 3880 puerinon
898 3811 946 3864 boo
963 3814 1054 3878 oppido
1070 3819 1126 3864 toto
1138 3814 1233 3877 passim
1250 3827 1280 3862 ee
1297 3814 1351 3862 lues
1368 3813 1576 3872 luerltgresesta
1595 3811 1689 3862 Volue-

342 3889 401 3932 runt
417 3883 523 3932 omuino
540 3883 669 3934 eatrndsre
686 3885 802 3945 Tulingis
818 3886 900 3948 speeie
918 3885 1027 3934 melioria
1043 3897 1121 3934 aurae
1139 3883 1291 3948 captandum
1315 3887 1343 3932 st
1366 3883 1402 3932 sie
1425 3894 1483 3930 mee
1504 3881 1618 3944 supeuer
1635 3895 1688 3931 eer-

342 3953 443 4002 tlssina
459 3953 552 4002 itdsest
567 3954 663 4016 praeda
678 3956 786 4004 militum
804 3955 1031 4020 praesidiatorem,
1049 3955 1117 4019 quod
1135 3953 1249 4015 exemplu
1266 3953 1373 4002 silurum
1389 3951 1532 4002 absentium
1549 3949 1688 4003 diditi...

345 4021 487 4072 induta
500 4025 570 4084 isest
584 4024 705 4086 ueplsets,
723 4025 817 4076 salaria
831 4025 877 4076 diu
894 4029 958 4076 retro
975 4025 1048 4074 uuile
1064 4025 1104 4074 sel
1121 4024 1265 4086 seeepimus
1282 4023 1323 4072 vel
1339 4035 1438 4085 operere
1456 4035 1588 4084 possumus
1606 4034 1689 4084 porro,

343 4103 374 4141 se
391 4105 495 4154 erogare
513 4097 597 4142 temen
622 4096 731 4156 sopimur
753 4094 786 4144 ed
805 4095 918 4146 sudorem
942 4101 966 4143 et
989 4095 1136 4156 sanguinem
1159 4106 1247 4158 usque.
1282 4091 1360 4142 Nemo
1382 4092 1550 4156 professorum
1570 4092 1689 4141 mmunls

344 4167 391 4224 eet,
411 4175 443 4212 ne
461 4162 587 4224 theologie
604 4164 705 4228 quidem
724 4165 840 4232 pasoitur,
865 4178 914 4230 quo
939 4165 1021 4214 minue
1038 4163 1246 4214 insolentissimos
1264 4163 1346 4229 deut,
1371 4166 1417 4212 aut
1439 4163 1483 4228 qui
1506 4175 1606 4211 mensae
1629 4175 1690 4210 suae

342 4244 394 4280 nou
417 4231 555 4300 adhibent,
582 4233 683 4284 solvunt
708 4239 791 4284 temen
813 4233 982 4303 bebdomstim
1000 4230 1086 4287 6-10
1104 4238 1150 4282 aut
1166 4233 1249 4296 plures
1271 4233 1395 4295 thaleros,
1422 4237 1519 4295 praeter
1536 4231 1689 4280 ordinariam

343 4301 544 4368 immensamque
562 4303 771 4354 eontributiouem
789 4319 820 4354 er
838 4306 919 4356 bouis.
949 4303 1132 4352 cancellarium
1149 4304 1176 4352 in
1192 4304 1250 4365 ipss
1267 4303 1386 4352 cathedra
1402 4315 1474 4352 saera
1491 4301 1594 4364 quidm
1610 4304 1688 4347 ame·

342 4369 433 4437 rarius,
453 4369 515 4422 dum
532 4371 566 4422 ed
584 4371 713 4424 soeluiem
731 4377 931 4438 sensioneretur,
950 4376 1003 4424 sioa
1021 4379 1059 4423 est
1075 4371 1191 4432 edortus,
1214 4387 1265 4422 uon
1289 4377 1373 4422 nmen
1394 4371 1547 4436 praevaluit,
1572 4369 1690 4430 mets

242 4505 243 4512 ἵ
345 4440 397 4490 lesi
413 4441 576 4492 innocentem
594 4443 748 4494 defendente.
784 4443 949 4494 Portioulsrss
968 4441 1069 4508 oesdes,
1094 4457 1159 4508 quas
1181 4443 1283 4504 longum
1307 4444 1370 4492 ieret
1393 4454 1548 4499 enumerare,
1570 4437 1689 4488 incendia

344 4523 445 4574 quque
463 4515 503 4560 tot
519 4513 675 4578 oppidorum,
694 4529 725 4564 en
743 4515 846 4578 publiea
862 4515 931 4564 lame
947 4513 1034 4578 proeui
1051 4511 1128 4562 dublo
1146 4513 1193 4561 tibl
1210 4518 1333 4574 notorum,
1353 4513 1448 4561 omitto.

431 4580 552 4647 Ultimae,
569 4597 634 4647 quas
646 4583 716 4634 dedit
726 4583 893 4635 Sebioierdus
905 4583 984 4648 iretrl,
1000 4586 1053 4645 jam
1066 4581 1169 4632 Parisiis
1181 4583 1352 4648 commoranti,
1370 4582 1444 4630 ‹latse
1455 4583 1512 4627 suut
1524 4577 1688 4646 „Iluslingae¹

344 4663 410 4712 pago
423 4653 597 4712 praeieeturse
614 4653 788 4716 Dusilupeusls
806 4653 834 4702 iu
850 4668 905 4704 meo
923 4653 1028 4705 Patbmu
1047 4653 1072 4702 d.
1091 4649 1134 4705 29.
1153 4653 1220 4715 Sept.
1240 4649 1337 4714 163511,
1361 4664 1410 4714 quo
1426 4648 1513 4699 eodem
1531 4646 1572 4697 die
1588 4649 1689 4711 scripsit

242 4767 243 4780 ,
345 4719 376 4769 ds
393 4725 465 4770 stam
482 4735 529 4772 suo
546 4723 693 4774 calamitoso
710 4723 745 4774 ad
762 4724 870 4774 smieum
881 4723 1060 4786 Berueggerum
1073 4724 1274 4784 Argentoratum.
1310 4721 1402 4783 Novas,
1420 4719 1510 4783 inquit,
1530 4718 1688 4768 eelemitstes

343 4791 392 4840 titt
409 4805 502 4854 nure,
528 4805 621 4858 sesque
638 4787 843 4856 priscedentibus
867 4794 935 4843 bend
952 4793 1068 4843 leviores:
1094 4793 1201 4855 priorem
1220 4792 1250 4841 de
1267 4791 1360 4840 netells
1378 4788 1464 4852 oppidi
1482 4790 1560 4837 nostri
1578 4787 1688 4838 llerreu·
1754 4841 1760 4858 ,

344 4860 435 4922 borgee
453 4859 556 4912 munta
580 4862 775 4926 delineatione,
802 4877 868 4929 quae
893 4863 998 4926 contigit
1016 4863 1039 4913 d.
1058 4857 1083 4915 9.
1102 4861 1178 4923 Julii,
1199 4862 1304 4910 eltemm
1323 4860 1353 4908 de
1371 4859 1461 4909 sororis
1480 4863 1581 4908 nostres
1598 4859 1687 4907 Annae

261 4977 266 4986 .
345 4933 492 4994 nuperrime
508 4937 594 4984 morte.
630 4933 735 4983 Etiamsi
753 4946 811 4996 erpo
828 4934 930 4983 domum
948 4933 1047 4998 redeas,
1072 4931 1136 4980 nibil
1154 4937 1238 4981 tamen
1256 4931 1287 4982 de
1304 4931 1386 4993 pstrio
1403 4929 1456 4980 lare
1474 4933 1598 4992 superstes
1616 4927 1686 4976 vide-

345 5000 392 5062 δὴ
409 5002 461 5052 nisi
478 5000 542 5050 lorte
560 5000 676 5065 disjeetos
694 5005 794 5068 sliquos
817 5003 914 5068 lepides
937 5001 1062 5054 einirlbus
1086 5002 1216 5062 permistos
1238 5006 1314 5063 etque
1337 5000 1469 5050 titionibus
1489 5003 1571 5059 111111
1593 5001 1686 5046 11111

345 5069 462 5120 redueem
479 5072 616 5139 ulutebit,
641 5071 708 5137 quod
724 5074 889 5126 1οο1ο1οοοοο
906 5078 1035 5137 tantopere
1053 5069 1217 5135 desideravit,
1242 5066 1389 5120 charissime
1405 5083 1482 5123 soror.
1517 5067 1579 5118 (lum
1596 5081 1627 5116 es
1644 5067 1685 5115 in-

346 5141 434 5192 mdis
453 5139 508 5191 etro
528 5143 704 5210 expelleretur,
730 5143 764 5194 ad
782 5157 822 5194 me
839 5145 956 5206 mlgrevit
972 5156 1024 5192 une
1042 5153 1098 5192 eum
1115 5141 1196 5190 tribus
1213 5139 1310 5192 llbeds.
1345 5139 1439 5204 Rreepl
1457 5141 1563 5189 materne
1580 5134 1686 5185 ridebe-

346 5221 450 5276 umrque
468 5211 542 5263 nobis
557 5215 611 5273 ism
629 5215 662 5263 eb
679 5213 725 5266 illo
742 5227 802 5266 essu
819 5215 934 5265 nonnihil
951 5213 1102 5278 respirasse,
1124 5211 1226 5277 quando
1248 5223 1326 5262 suess
1348 5216 1373 5261 et
1389 5212 1523 5274 inopinate
1543 5207 1621 5271 1111111
1638 5207 1686 5256 ¹¹⁰⁶
