4467 6192
526 691 586 774 ibi
1057 684 1100 740 De
1118 683 1342 754 Propertionibus

524 861 786 947 usurpaveramns)
809 864 965 927 lntcrsslla
986 881 1116 926 consona
1137 863 1250 941 majora
1271 879 1309 923 cx
1330 864 1491 923 minoribus
1506 867 1651 939 consonis,
1674 881 1804 928 consona
1817 868 1873 924 nri-

526 956 607 1013 nima
635 970 671 1012 cx
699 955 849 1013 concinnis
871 961 942 1027 etc,
974 955 1044 1030 quia
1073 953 1101 1010 irr
1130 951 1205 1012 baec
1234 950 1317 1010 vclut
1344 949 1488 1012 elementa
1518 951 1733 1028 dissolvuntur,
1764 962 1795 1013 at
1816 969 1875 1011 non

525 1046 661 1101 constant
682 1040 799 1100 dlrersa
820 1042 895 1100 inter
916 1058 948 1100 sa
971 1055 1008 1102 ex
1029 1041 1116 1098 unius
1147 1041 1310 1099 communis
1331 1040 1469 1099 minimae
1498 1041 1606 1116 speciei
1633 1039 1795 1102 intervallis
1819 1041 1876 1101 ali·

527 1145 615 1209 quam
638 1127 753 1201 multis,
775 1145 845 1188 uec
852 1128 881 1186 iir
903 1129 976 1188 talia
999 1126 1121 1194 dissolri
1142 1133 1276 1204 possunt.

614 1212 757 1291 Quamvis
779 1217 868 1275 ctiam
889 1215 1019 1275 habeant
1040 1213 1197 1275 intervalla
1224 1229 1353 1274 consona
1375 1228 1480 1273 causas
1510 1223 1677 1290 cognatas„
1694 1231 1752 1274 non
1778 1216 1878 1274 omnia

525 1309 624 1363 tamen
647 1301 788 1377 eandem,
816 1301 868 1362 sed
891 1301 1045 1376 quodlibet
1072 1319 1157 1360 arram
1179 1299 1356 1378 peculiarem
1378 1317 1498 1361 causam
1529 1301 1635 1375 babet,
1666 1301 1878 1363 distinctam

525 1391 622 1452 causis
643 1399 818 1463 ceterarum,
841 1398 874 1450 ut
895 1392 924 1448 in
946 1389 1146 1467 superioribus
1170 1388 1356 1464 explicatum.
1401 1385 1602 1448 Consonantia
1624 1391 1699 1450 enim
1732 1393 1806 1466 ipsis
1830 1392 1877 1448 ln-

523 1476 662 1537 torvallia·
679 1473 831 1555 competit,
859 1494 919 1536 non
942 1485 975 1535 ut
997 1485 1109 1553 quanta
1131 1483 1198 1535 sunt
1217 1475 1403 1552 simpliciter,
1434 1493 1531 1551 nequo
1554 1477 1724 1554 simpliciter
1753 1485 1787 1536 ut
1809 1486 1879 1536 sunt

524 1563 697 1638 relationes,
724 1563 777 1625 ssd
799 1571 833 1624 ιιι
854 1564 1048 1640 qualitatirae
1070 1560 1144 1646 (linc
1167 1570 1211 1623 ιιι
1234 1561 1451 1650 quodammodo
1481 1561 1639 1646 figuratae)
1663 1569 1731 1624 eunt
1752 1564 1880 1624 relatio·

524 1667 607 1711 nes.
630 1649 738 1729 Itaque
757 1667 910 1713 commuue
932 1654 1062 1728 ipsamm
1084 1652 1235 1710 minimum
1258 1635 1443 1710 inminutum
1459 1653 1634 1711 constituere
1653 1650 1738 1722 velle,
1761 1669 1811 1712 res
1835 1660 1881 1711 est

525 1739 726 1818 impertinens,
759 1756 825 1799 cum
855 1741 1005 1798 minimum
1036 1747 1067 1800 et
1095 1740 1254 1798 maximum
1282 1754 1341 1796 non
1369 1738 1398 1794 in
1422 1738 1619 1814 qualitativis,
1649 1739 1736 1798 sed
1728 1756 1758 1797 ιι
1789 1739 1880 1798 nudis

527 1826 742 1906 quantitatibus
764 1844 923 1902 carumque
946 1826 1183 1905 proportionibus
1211 1825 1444 1900 considerantum
1475 1839 1604 1885 consona
1634 1843 1717 1900 vero,
1748 1835 1782 1885 ut
1806 1843 1880 1886 con-

525 1928 607 1987 sona,
629 1910 776 1985 dividere,
804 1922 850 1975 est
868 1916 998 1991 speciem
1019 1913 1139 1974 abolore
1162 1913 1285 1973 consoni
1305 1919 1339 1972 et
1356 1929 1408 1988 pro
1432 1929 1468 1972 ea
1496 1911 1543 1972 rel
1566 1913 1640 1972 alias
1664 1917 1785 1975 consoni
1809 1931 1881 1991 spe·

525 2003 584 2061 cies
606 2000 655 2060 vol
678 2003 820 2062 concinna
837 2001 970 2062 dissona
997 2002 1046 2061 vel
1077 2002 1167 2061 etiam
1195 1998 1282 2076 plane
1309 2001 1481 2060 inconcinna
1507 2000 1663 2070 intervalla
1690 2003 1881 2062 constituere.

525 2087 591 2149 Non
614 2088 704 2166 habet
730 2090 820 2165 igitur
841 2089 1027 2150 intervallum
1054 2105 1159 2148 causas
1188 2095 1240 2146 aut
1262 2086 1407 2147 elementa
1426 2091 1643 2147 consonantiae
1666 2105 1738 2148 suae
1766 2105 1786 2149 ι
1809 2106 1882 2165 par·

525 2174 605 2235 tibus
628 2175 721 2236 veluti
743 2178 911 2253 principiis,
938 2178 1015 2237 sicut
1036 2177 1215 2252 quantitates
1243 2174 1520 2235 commensurabiles
1543 2185 1711 2236 accrescunt
1733 2176 1883 2254 multipli—

526 2259 642 2323 ca't'ione
665 2266 826 2322 communis
848 2271 1002 2324 mensurae
1032 2271 1064 2323 et
1085 2279 1150 2322 cum
1174 2262 1229 2321 bac
1251 2277 1387 2322 mensura
1415 2262 1470 2322 snb
1500 2279 1559 2321 uno
1587 2271 1617 2322 et
1643 2263 1748 2324 eodem
1769 2281 1882 2339 genera

526 2352 704 2424 consistunt,
727 2349 780 2412 sed
803 2369 820 2412 e
842 2353 997 2424 contrario,
1021 2367 1098 2427 quae
1121 2357 1236 2409 veteres
1258 2364 1311 2426 pro
1334 2351 1481 2426 principiis
1508 2347 1637 2410 habuero
1666 2353 1883 2410 consonantia-

526 2450 590 2497 rum
613 2432 717 2521 (tonos
738 2446 812 2516 puta
833 2446 864 2499 et
885 2440 1042 2498 semitonia
1063 2444 1094 2497 et
1114 2431 1227 2519 dieses)
1252 2453 1288 2496 ea
1309 2452 1345 2495 ex
1368 2439 1566 2496 consonantiis
1590 2445 1622 2496 ut
1643 2439 1795 2515 principiis
1818 2441 1883 2498 suis

526 2519 681 2628 genuinis
671 2527 830 2585 oriuntur.
876 2527 950 2593 Etsi
968 2527 1054 2588 eninr
1075 2541 1204 2585 consona
1233 2523 1306 2585 buce
1336 2530 1471 2584 constant
1499 2539 1534 2584 ox
1557 2524 1616 2584 illis
1638 2527 1789 2585 concinnis
1821 2543 1882 2586 uon

527 2613 663 2690 consonis
687 2607 727 2694 (si
750 2629 808 2686 non
831 2629 868 2674 cx
890 2628 948 2672 uno
971 2613 1070 2689 aliquo
1093 2609 1388 2684 communicabam
1399 2628 1436 2670 ex
1452 2609 1584 2687 pluribus
1606 2614 1680 2671 inter
1694 2630 1726 2671 sc
1750 2611 1882 2672 diversi·

527 2698 613 2760 mods
636 2679 836 2783 compositis),
868 2699 898 2759 ld
920 2709 1019 2760 tamen
1046 2714 1105 2759 non
1128 2697 1310 2759 referendum
1334 2707 1378 2758 est
1406 2696 1475 2757 ad
1467 2715 1561 2775 rpsrrm
1593 2699 1740 2759 intervalli
1768 2716 1883 2760 conso·

527 2788 669 2847 nuntiam.
711 2785 762 2847 Si
770 2791 848 2848 enim
880 2790 1021 2848 concinna
1048 2785 1237 2846 conciliarent
1265 2785 1421 2846 intervallo
1448 2786 1552 2863 majori
1586 2803 1622 2846 cx
1651 2803 1684 2847 se
1714 2789 1884 2863 composito

526 2875 610 2935 suam
632 2878 868 2949 consonantiam,
898 2892 1013 2954 semper
1034 2874 1092 2934 hoc
1112 2872 1195 2934 tieret
1217 2875 1246 2931 in
1269 2874 1445 2949 quacunque
1467 2876 1673 2934 continuorum
1695 2874 1884 2951 multiplica·

525 2963 616 3034 itone,
640 2971 670 3023 et
691 2969 775 3022 tanto
796 2963 898 3024 melior
920 2969 997 3022 esset
1018 2963 1218 3035 consonantia,
1243 2967 1353 3036 quanto
1375 2961 1461 3038 plura
1489 2963 1518 3019 in
1541 2959 1695 3022 intervallo
1723 2964 1884 3022 concinna

526 3049 561 3109 Id
584 3065 655 3110 raro
677 3046 784 3132 laisum
805 3057 860 3124 est,
882 3067 950 3110 nam
972 3058 1005 3109 ut
1026 3049 1101 3107 inira
1123 3047 1286 3121 audiemus,
1314 3047 1372 3122 duo
1395 3050 1455 3107 toni
1479 3051 1633 3126 compositi
1655 3052 1885 3110 consonantiam

526 3138 651 3212 iaciunt,
674 3144 734 3198 tres
757 3139 909 3215 compositi
941 3135 1096 3197 dissonans
1122 3135 1308 3197 intervallum
1337 3137 1525 3195 constituunt.
1571 3135 1657 3210 Quod
1684 3145 1784 3198 autem
1809 3155 1886 3198 corr·

527 3241 632 3285 sonum
655 3225 685 3282 in
707 3227 858 3297 coucinun,
871 3224 990 3285 dissona
1012 3224 1222 3306 solripotest,
1247 3217 1286 3283 ¹ut
1306 3230 1461 3299 aequctnr,
1490 3221 1520 3282 id
1549 3221 1592 3282 illi
1615 3240 1744 3285 consono
1773 3241 1830 3302 per
1853 3243 1886 3285 sc

468 3371 472 3381 ,
527 3311 711 3384 considerato
740 3311 829 3393 plane
860 3320 906 3373 est
935 3310 1177 3390 accidentarium,
1205 3309 1296 3386 fitquc
1326 3308 1544 3382 tantummodo,
1575 3319 1720 3387 quatenus
1748 3313 1830 3373 iuter
1853 3329 1885 3373 se

527 3406 732 3477 comparantur
752 3401 838 3478 plora
859 3402 1012 3479 consona,
1034 3395 1188 3476 quodlibet
1210 3415 1245 3457 ex
1267 3399 1328 3457 suis
1351 3405 1446 3459 ortum
1468 3399 1624 3474 principiis.

614 3485 764 3547 concinna
787 3489 876 3564 igliur
898 3485 1054 3547 intervalla
1078 3485 1254 3545 dedniurrmr
1284 3501 1348 3546 esse
1372 3501 1473 3544 omnes
1502 3501 1696 3545 consonorum
1718 3484 1811 3562 duplo
1837 3489 1886 3546 in·

528 3572 653 3634 ιιιιιΙΙι
675 3568 820 3635 minorum
843 3575 1032 3644 differentiae,
1054 3590 1108 3633 nec
1130 3573 1190 3633 alia
1213 3574 1356 3633 concinna
1377 3568 1480 3649 recipit
1494 3571 1635 3654 naturalis
1649 3573 1776 3633 incultas
1792 3574 1886 3634 audi-

529 3670 584 3734 tus,
608 3677 697 3737 quam
720 3665 806 3738 quao'
827 3678 864 3723 cx
885 3661 942 3721 hac
963 3661 1164 3720 subtractione
1187 3661 1337 3733 oriuntur,
1368 3667 1402 3719 ut
1424 3662 1465 3720 ita
1488 3676 1618 3719 consona
1640 3661 1796 3722 intervalia
1828 3663 1887 3722 ba·

529 3751 617 3809 beant
640 3755 734 3810 ortum
749 3750 977 3826 exgeometrla
999 3747 1149 3824 attigeris
1172 3745 1463 3822 demonstrabilibus,
1491 3750 1634 3807 concinna
1656 3765 1726 3808 vero
1750 3765 1787 3808 ex
1811 3749 1887 3827 ipsis

529 3838 816 3914 consensumque
840 3837 1012 3896 concinna
1003 3853 1033 3893 ιιι
1049 3833 1150 3894 ordine
1172 3833 1210 3894 ad
1233 3851 1381 3908 consona,
1404 3835 1648 3910 quemadmodum
1671 3837 1699 3894 in
1722 3839 1888 3912 geometria

523 3930 686 4002 ¹apototuao
708 3922 821 3999 (lineae
842 3911 1023 4005 ineffabiles)
1047 3928 1115 3981 sunt
1135 3921 1190 3982 ad
1199 3922 1330 3983 effabiles
1353 3924 1501 3999 potentia,
1533 3925 1713 3999 quinetiam
1737 3923 1807 3985 illae
1832 3923 1887 3985 de·

531 4010 671 4076 iniuntur
692 4012 891 4072 subtractione
913 4010 1009 4071 lineae
1033 4009 1158 4070 effabilis
1181 4010 1218 4069 ab
1242 4007 1351 4070 effabili
1373 4009 1461 4070 linea.
1468 4008 1500 4086 *l

617 4199 647 4267 ⁸¹)
664 4198 696 4254 ln
715 4204 866 4253 erratorum
888 4197 976 4253 indice
1001 4197 1036 4252 ad
1053 4198 1204 4268 praemissa
1221 4195 1290 4252 haec
1313 4203 1428 4252 annotat
1448 4195 1597 4266 Keplerus:
1619 4195 1721 4254 Tactus
1742 4213 1778 4253 en
1796 4199 1887 4254 aim

529 4296 623 4336 rorant
640 4285 791 4349 temporum
807 4276 913 4333 adradis
929 4278 1065 4346 tollemus,
1089 4285 1121 4334 ot
1137 4295 1195 4334 non
1211 4279 1282 4334 sotis
1298 4284 1363 4348 apte
1380 4279 1556 4348 compositus,
1576 4279 1627 4334 etsi
1643 4293 1708 4332 cero
1724 4278 1820 4332 omnin
1838 4275 1887 4331 ltc-

532 4357 586 4426 ιιι,
610 4349 804 4414 obscuritatem
821 4361 913 4410 tomes
931 4371 965 4411 aa
982 4357 1142 4425 confusione
1160 4357 1413 4428 diatinpuendorum
1435 4363 1461 4412 et
1481 4358 1642 4428 repetitione
1660 4356 1887 4427 propositionum

530 4437 679 4495 ιιιιιιιιιι.
716 4434 894 4507 Quaestione
910 4435 1057 4491 ἀίιιίιιιιιι
1073 4435 1138 4491 sunt
1155 4435 1237 4491 istae.-
1254 4435 1274 4489 l.
1292 4436 1336 4489 An
1354 4435 1549 4499 consonantiae
1559 4434 1680 4488 babeant
1691 4438 1795 4503 partes,
1813 4449 1887 4502 quae

530 4517 607 4586 ipsas
625 4531 733 4586 quoqne
749 4513 805 4570 sint
822 4514 1017 4569 consonantiae
1038 4514 1082 4570 vel
1100 4513 1196 4568 saltem
1223 4513 1356 4566 concinna
1372 4513 1535 4568 intervalla?
1570 4513 1724 4583 Responsio
1746 4519 1787 4568 est
1804 4513 1887 4569 baec:

530 4596 559 4652 iu
577 4594 840 4664 consonantiisessc
858 4592 986 4648 distincta
1002 4592 1063 4661 ista,
1083 4592 1171 4683 primo
1190 4591 1402 4662 proportionem,
1421 4592 1684 4678 remgeometriuarn,
1704 4590 1803 4646 deinde
1822 4609 1886 4665 pro

531 4673 666 4743 portionis
680 4654 846 4744 qualitatem,
865 4671 1070 4729 consonantiam
1087 4670 1187 4761 ipsam,
1210 4670 1237 4723 in
1246 4676 1394 4761 ‘quantum
1413 4670 1496 4740 igitur
1517 4678 1582 4726 sunt
1603 4668 1811 4741 proportiones,
1839 4687 1886 4726 ex·

532 4746 593 4821 cadi
609 4767 691 4807 uuam
708 4752 744 4809 ab
761 4752 823 4822 alia,
841 4753 974 4807 minorem
997 4751 1033 4806 ab
1050 4748 1156 4818 maiori,
1179 4757 1206 4803 et
1230 4747 1270 4804 sic
1287 4764 1368 4804 unam
1391 4748 1502 4804 altanus
1526 4755 1633 4819 partem
1654 4763 1715 4804 esse
1732 4764 1832 4820 posse3
1859 4752 1885 4804 in

499 4861 504 4870 ·
534 4832 666 4920 qnantum
682 4845 745 4884 sero
763 4829 901 4898 quaelibet
917 4827 1023 4886 illarum
1041 4826 1200 4918 qualitatem
1219 4825 1410 4884 consonantiae
1433 4829 1539 4898 accepit
1561 4827 1682 4898 aligera
1700 4844 1750 4882 sua
1772 4827 1886 4910 demon·

535 4907 649 4973 atrabili,
666 4923 720 4962 nnn
738 4906 946 4978 accidererpsis
964 4905 1194 4977 compositionem.
1230 4897 1400 4972 Argrrn'renta
1422 4913 1485 4961 sunt
1507 4907 1571 4960 ista:
1599 4908 1623 4960 i.
1643 4905 1753 4976 Species
1773 4915 1885 4978 nispe

536 4987 592 5056 cies
603 4948 777 5048 indiiisibilis
794 4995 822 5041 ct
840 5003 896 5043 nna
914 4995 964 5044 eat
1000 4987 1024 5042 2.
1043 4983 1165 5054 Speciem
1184 4983 1326 5041 constituit
1343 5001 1426 5042 causa
1443 5001 1507 5056 sua,
1525 4993 1555 5042 ιι
1572 4999 1671 5042 causae
1689 4985 1760 5042 mter
1770 5001 1801 5042 sa
1819 4997 1887 5043 suut

536 5064 680 5121 distinctae
698 5060 863 5133 singularum
881 5066 1150 5132 concordantinrrrm;
1174 5064 1257 5134 igliur
1278 5070 1306 5119 et
1324 5064 1400 5133 ipsae
1425 5062 1633 5119 concordantiae
1657 5071 1753 5120 contra
1771 5080 1801 5119 se
1819 5074 1886 5120 sunt

536 5142 680 5203 numeru
697 5140 800 5219 specie,
818 5157 870 5197 nec
885 5151 978 5214 potest
996 5142 1107 5204 dissolri
1126 5157 1194 5213 una,
1218 5149 1249 5200 ut
1265 5142 1359 5211 major,
1378 5142 1404 5197 in
1424 5141 1490 5198 alias
1509 5158 1575 5202 snas
1594 5143 1709 5216 speciei,
1733 5147 1764 5198 ut
1780 5152 1883 5218 partes,
