<?xml version="1.0" encoding="UTF-8"?>
<!DOCTYPE html PUBLIC "-//W3C//DTD XHTML 1.0 Transitional//EN"
    "http://www.w3.org/TR/xhtml1/DTD/xhtml1-transitional.dtd">
<html xmlns="http://www.w3.org/1999/xhtml" xml:lang="en" lang="en">
 <head>
  <title>
</title>
<meta http-equiv="Content-Type" content="text/html;charset=utf-8" />
  <meta name='ocr-system' content='tesseract 3.04.00' />
  <meta name='ocr-capabilities' content='ocr_page ocr_carea ocr_par ocr_line ocrx_word'/>
</head>
<body>
  <div class='ocr_page' id='page_1' title='image "./joanniskepleria19frisgoog_0249.png"; bbox 0 0 4467 6192; ppageno 0'>
   <div class='ocr_carea' id='block_1_1' title="bbox 874 629 1709 705">
    <p class='ocr_par' dir='ltr' id='par_1_1' title="bbox 874 629 1709 705">
     <span class='ocr_line' id='line_1_1' title="bbox 874 629 1709 705; baseline 0.02 -17"><span class='ocrx_word' id='word_1_1' title='bbox 874 629 957 689; x_wconf 75' lang='lat' dir='ltr'><strong>hiber</strong></span> <span class='ocrx_word' id='word_1_2' title='bbox 974 632 1021 689; x_wconf 84' lang='lat' dir='ltr'><strong>lv.</strong></span> <span class='ocrx_word' id='word_1_3' title='bbox 1041 635 1129 705; x_wconf 86' lang='lat' dir='ltr'><strong>Caput</strong></span> <span class='ocrx_word' id='word_1_4' title='bbox 1146 634 1192 690; x_wconf 87' lang='lat' dir='ltr'><strong>1v.</strong></span> <span class='ocrx_word' id='word_1_5' title='bbox 1648 644 1709 705; x_wconf 79' lang='lat' dir='ltr'><strong>asi</strong></span> 
     </span>
    </p>
   </div>
   <div class='ocr_carea' id='block_1_2' title="bbox 353 801 1713 1152">
    <p class='ocr_par' dir='ltr' id='par_1_2' title="bbox 353 801 1713 1152">
     <span class='ocr_line' id='line_1_2' title="bbox 354 801 1712 893; baseline 0.015 -35"><span class='ocrx_word' id='word_1_6' title='bbox 354 801 472 879; x_wconf 83' lang='lat' dir='ltr'><strong>copiam</strong></span> <span class='ocrx_word' id='word_1_7' title='bbox 495 818 554 862; x_wconf 87' lang='lat' dir='ltr'><strong>non</strong></span> <span class='ocrx_word' id='word_1_8' title='bbox 576 804 752 873; x_wconf 85' lang='lat' dir='ltr'><strong>mediocrem</strong></span> <span class='ocrx_word' id='word_1_9' title='bbox 772 806 1007 871; x_wconf 67' lang='lat' dir='ltr'><strong>harmonicorum</strong></span> <span class='ocrx_word' id='word_1_10' title='bbox 1029 811 1156 887; x_wconf 84' lang='lat' dir='ltr'><strong>partium</strong></span> <span class='ocrx_word' id='word_1_11' title='bbox 1179 806 1229 893; x_wconf 88' lang='lat' dir='ltr'><strong>(ut</strong></span> <span class='ocrx_word' id='word_1_12' title='bbox 1251 820 1319 872; x_wconf 88' lang='lat' dir='ltr'><strong>sunt</strong></span> <span class='ocrx_word' id='word_1_13' title='bbox 1347 815 1492 875; x_wconf 89' lang='lat' dir='ltr'><strong>sectiones</strong></span> <span class='ocrx_word' id='word_1_14' title='bbox 1514 814 1712 889; x_wconf 72' lang='lat' dir='ltr'><strong>harmonicae,</strong></span> 
     </span>
     <span class='ocr_line' id='line_1_3' title="bbox 353 889 1712 978; baseline 0.014 -32"><span class='ocrx_word' id='word_1_15' title='bbox 353 889 429 965; x_wconf 82' lang='lat' dir='ltr'><strong>toni,</strong></span> <span class='ocrx_word' id='word_1_16' title='bbox 452 907 569 965; x_wconf 83' lang='lat' dir='ltr'><strong>genera,</strong></span> <span class='ocrx_word' id='word_1_17' title='bbox 592 892 682 968; x_wconf 86' lang='lat' dir='ltr'><strong>modi,</strong></span> <span class='ocrx_word' id='word_1_18' title='bbox 704 902 867 972; x_wconf 79' lang='lat' dir='ltr'><strong>systemata</strong></span> <span class='ocrx_word' id='word_1_19' title='bbox 895 908 926 957; x_wconf 88' lang='lat' dir='ltr'><strong>et</strong></span> <span class='ocrx_word' id='word_1_20' title='bbox 947 898 1069 972; x_wconf 88' lang='lat' dir='ltr'><strong>similia)</strong></span> <span class='ocrx_word' id='word_1_21' title='bbox 1094 900 1227 975; x_wconf 86' lang='lat' dir='ltr'><strong>interque</strong></span> <span class='ocrx_word' id='word_1_22' title='bbox 1250 917 1300 961; x_wconf 86' lang='lat' dir='ltr'><strong>eas</strong></span> <span class='ocrx_word' id='word_1_23' title='bbox 1327 899 1532 963; x_wconf 84' lang='lat' dir='ltr'><strong>admirabilem</strong></span> <span class='ocrx_word' id='word_1_24' title='bbox 1564 902 1712 978; x_wconf 83' lang='lat' dir='ltr'><strong>quandum</strong></span> 
     </span>
     <span class='ocr_line' id='line_1_4' title="bbox 353 975 1713 1065; baseline 0.015 -34"><span class='ocrx_word' id='word_1_25' title='bbox 353 975 490 1051; x_wconf 88' lang='lat' dir='ltr'><strong>politiam</strong></span> <span class='ocrx_word' id='word_1_26' title='bbox 512 990 745 1057; x_wconf 72' lang='lat' dir='ltr'><strong>progenueruut3</strong></span> <span class='ocrx_word' id='word_1_27' title='bbox 766 992 857 1061; x_wconf 88' lang='lat' dir='ltr'><strong>atquc</strong></span> <span class='ocrx_word' id='word_1_28' title='bbox 879 985 930 1045; x_wconf 91' lang='lat' dir='ltr'><strong>illa</strong></span> <span class='ocrx_word' id='word_1_29' title='bbox 951 1003 1028 1062; x_wconf 90' lang='lat' dir='ltr'><strong>peue</strong></span> <span class='ocrx_word' id='word_1_30' title='bbox 1042 993 1106 1045; x_wconf 87' lang='lat' dir='ltr'><strong>tota</strong></span> <span class='ocrx_word' id='word_1_31' title='bbox 1120 984 1283 1062; x_wconf 79' lang='lat' dir='ltr'>suppellex,</span> <span class='ocrx_word' id='word_1_32' title='bbox 1307 996 1531 1065; x_wconf 88' lang='lat' dir='ltr'><strong>quantequanta</strong></span> <span class='ocrx_word' id='word_1_33' title='bbox 1547 998 1600 1063; x_wconf 83' lang='lat' dir='ltr'><strong>est,</strong></span> <span class='ocrx_word' id='word_1_34' title='bbox 1624 992 1713 1051; x_wconf 89' lang='lat' dir='ltr'><strong>etiam</strong></span> 
     </span>
     <span class='ocr_line' id='line_1_5' title="bbox 353 1062 1711 1152; baseline 0.014 -32"><span class='ocrx_word' id='word_1_35' title='bbox 353 1062 430 1121; x_wconf 87' lang='lat' dir='ltr'><strong>inira</strong></span> <span class='ocrx_word' id='word_1_36' title='bbox 451 1065 528 1124; x_wconf 91' lang='lat' dir='ltr'><strong>libro</strong></span> <span class='ocrx_word' id='word_1_37' title='bbox 551 1066 588 1125; x_wconf 88' lang='lat' dir='ltr'><strong>V.</strong></span> <span class='ocrx_word' id='word_1_38' title='bbox 619 1070 675 1129; x_wconf 90' lang='lat' dir='ltr'><strong>erit</strong></span> <span class='ocrx_word' id='word_1_39' title='bbox 694 1071 905 1145; x_wconf 87' lang='lat' dir='ltr'><strong>peraemtauda</strong></span> <span class='ocrx_word' id='word_1_40' title='bbox 932 1080 962 1130; x_wconf 88' lang='lat' dir='ltr'><strong>et</strong></span> <span class='ocrx_word' id='word_1_41' title='bbox 982 1072 1168 1147; x_wconf 86' lang='lat' dir='ltr'><strong>adhibenda;</strong></span> <span class='ocrx_word' id='word_1_42' title='bbox 1196 1082 1228 1132; x_wconf 88' lang='lat' dir='ltr'><strong>at</strong></span> <span class='ocrx_word' id='word_1_43' title='bbox 1257 1092 1334 1134; x_wconf 89' lang='lat' dir='ltr'><strong>nune</strong></span> <span class='ocrx_word' id='word_1_44' title='bbox 1362 1075 1419 1135; x_wconf 91' lang='lat' dir='ltr'><strong>hoc</strong></span> <span class='ocrx_word' id='word_1_45' title='bbox 1441 1076 1515 1136; x_wconf 93' lang='lat' dir='ltr'><strong>libro</strong></span> <span class='ocrx_word' id='word_1_46' title='bbox 1539 1084 1644 1152; x_wconf 91' lang='lat' dir='ltr'><strong>quarto</strong></span> <span class='ocrx_word' id='word_1_47' title='bbox 1673 1078 1711 1139; x_wconf 90' lang='lat' dir='ltr'><strong>ab</strong></span> 
     </span>
    </p>
   </div>
   <div class='ocr_carea' id='block_1_3' title="bbox 257 1149 1838 1327">
    <p class='ocr_par' dir='ltr' id='par_1_3' title="bbox 257 1149 1838 1327">
     <span class='ocr_line' id='line_1_6' title="bbox 352 1149 1838 1243; baseline 0.011 -34"><span class='ocrx_word' id='word_1_48' title='bbox 352 1149 460 1211; x_wconf 82' lang='lat' dir='ltr'><strong>iisdem</strong></span> <span class='ocrx_word' id='word_1_49' title='bbox 483 1152 602 1229; x_wconf 92' lang='lat' dir='ltr'><strong>quidem</strong></span> <span class='ocrx_word' id='word_1_50' title='bbox 625 1157 723 1217; x_wconf 90' lang='lat' dir='ltr'><strong>circuli</strong></span> <span class='ocrx_word' id='word_1_51' title='bbox 744 1160 925 1219; x_wconf 69' lang='lat' dir='ltr'><strong>sectionibus</strong></span> <span class='ocrx_word' id='word_1_52' title='bbox 947 1161 1033 1220; x_wconf 88' lang='lat' dir='ltr'><strong>initio</strong></span> <span class='ocrx_word' id='word_1_53' title='bbox 1055 1161 1143 1231; x_wconf 89' lang='lat' dir='ltr'><strong>lacto,</strong></span> <span class='ocrx_word' id='word_1_54' title='bbox 1167 1177 1225 1219; x_wconf 90' lang='lat' dir='ltr'><strong>non</strong></span> <span class='ocrx_word' id='word_1_55' title='bbox 1250 1170 1345 1223; x_wconf 85' lang='lat' dir='ltr'><strong>tamnu</strong></span> <span class='ocrx_word' id='word_1_56' title='bbox 1369 1162 1407 1223; x_wconf 82' lang='lat' dir='ltr'><strong>ad</strong></span> <span class='ocrx_word' id='word_1_57' title='bbox 1422 1171 1517 1225; x_wconf 88' lang='lat' dir='ltr'><strong>rectas</strong></span> <span class='ocrx_word' id='word_1_58' title='bbox 1532 1163 1624 1225; x_wconf 88' lang='lat' dir='ltr'><strong>lineas</strong></span> <span class='ocrx_word' id='word_1_59' title='bbox 1640 1182 1710 1243; x_wconf 86' lang='lat' dir='ltr'><strong>pro·</strong></span> <span class='ocrx_word' id='word_1_60' title='bbox 1828 1220 1838 1227; x_wconf 84' lang='lat'>.</span> 
     </span>
     <span class='ocr_line' id='line_1_7' title="bbox 257 1241 1711 1327; baseline 0.012 -32"><span class='ocrx_word' id='word_1_61' title='bbox 257 1283 258 1286; x_wconf 63' lang='lat'><strong>,</strong></span> <span class='ocrx_word' id='word_1_62' title='bbox 352 1241 483 1313; x_wconf 64' lang='lat' dir='ltr'><strong>passuri</strong></span> <span class='ocrx_word' id='word_1_63' title='bbox 505 1258 616 1315; x_wconf 85' lang='lat' dir='ltr'><strong>scmus,</strong></span> <span class='ocrx_word' id='word_1_64' title='bbox 638 1243 691 1305; x_wconf 88' lang='lat' dir='ltr'><strong>sed</strong></span> <span class='ocrx_word' id='word_1_65' title='bbox 712 1247 788 1305; x_wconf 91' lang='lat' dir='ltr'><strong>intra</strong></span> <span class='ocrx_word' id='word_1_66' title='bbox 810 1248 911 1307; x_wconf 87' lang='lat' dir='ltr'><strong>circuli</strong></span> <span class='ocrx_word' id='word_1_67' title='bbox 932 1257 1027 1308; x_wconf 88' lang='lat' dir='ltr'><strong>metas</strong></span> <span class='ocrx_word' id='word_1_68' title='bbox 1049 1256 1112 1309; x_wconf 87' lang='lat' dir='ltr'><strong>toto</strong></span> <span class='ocrx_word' id='word_1_69' title='bbox 1136 1246 1343 1323; x_wconf 80' lang='lat' dir='ltr'><strong>disputationis</strong></span> <span class='ocrx_word' id='word_1_70' title='bbox 1364 1250 1476 1311; x_wconf 84' lang='lat' dir='ltr'><strong>ambitu</strong></span> <span class='ocrx_word' id='word_1_71' title='bbox 1499 1253 1711 1327; x_wconf 89' lang='lat' dir='ltr'><strong>consistemns;</strong></span> 
     </span>
    </p>
   </div>
   <div class='ocr_carea' id='block_1_4' title="bbox 340 1326 1734 2111">
    <p class='ocr_par' dir='ltr' id='par_1_4' title="bbox 352 1326 1711 1501">
     <span class='ocr_line' id='line_1_8' title="bbox 353 1326 1711 1417; baseline 0.01 -30"><span class='ocrx_word' id='word_1_72' title='bbox 353 1343 446 1387; x_wconf 74' lang='lat' dir='ltr'><strong>musa</strong></span> <span class='ocrx_word' id='word_1_73' title='bbox 468 1326 548 1389; x_wconf 84' lang='lat' dir='ltr'><strong>dicta</strong></span> <span class='ocrx_word' id='word_1_74' title='bbox 569 1338 617 1390; x_wconf 86' lang='lat' dir='ltr'><strong>cst</strong></span> <span class='ocrx_word' id='word_1_75' title='bbox 637 1348 701 1408; x_wconf 89' lang='lat' dir='ltr'><strong>cap.</strong></span> <span class='ocrx_word' id='word_1_76' title='bbox 723 1334 911 1410; x_wconf 84' lang='lat' dir='ltr'><strong>praecedeuti</strong></span> <span class='ocrx_word' id='word_1_77' title='bbox 932 1333 1103 1411; x_wconf 78' lang='lat' dir='ltr'>diceturque</span> <span class='ocrx_word' id='word_1_78' title='bbox 1134 1334 1267 1417; x_wconf 86' lang='lat' dir='ltr'><strong>amplios</strong></span> <span class='ocrx_word' id='word_1_79' title='bbox 1289 1326 1363 1395; x_wconf 78' lang='lat' dir='ltr'><strong>inira</strong></span> <span class='ocrx_word' id='word_1_80' title='bbox 1396 1354 1462 1415; x_wconf 92' lang='lat' dir='ltr'><strong>cap.</strong></span> <span class='ocrx_word' id='word_1_81' title='bbox 1487 1339 1520 1412; x_wconf 88' lang='lat'><strong>6,</strong></span> <span class='ocrx_word' id='word_1_82' title='bbox 1549 1340 1599 1398; x_wconf 93' lang='lat' dir='ltr'><strong>nbi</strong></span> <span class='ocrx_word' id='word_1_83' title='bbox 1623 1348 1653 1399; x_wconf 89' lang='lat' dir='ltr'><strong>et</strong></span> <span class='ocrx_word' id='word_1_84' title='bbox 1675 1339 1711 1401; x_wconf 85' lang='lat' dir='ltr'><strong>do</strong></span> 
     </span>
     <span class='ocr_line' id='line_1_9' title="bbox 352 1416 1389 1501; baseline 0.008 -28"><span class='ocrx_word' id='word_1_85' title='bbox 352 1416 532 1495; x_wconf 73' lang='lat' dir='ltr'><strong>cognatione</strong></span> <span class='ocrx_word' id='word_1_86' title='bbox 554 1427 585 1477; x_wconf 88' lang='lat' dir='ltr'><strong>et</strong></span> <span class='ocrx_word' id='word_1_87' title='bbox 607 1416 643 1477; x_wconf 90' lang='lat' dir='ltr'><strong>de</strong></span> <span class='ocrx_word' id='word_1_88' title='bbox 666 1420 769 1481; x_wconf 76' lang='lat' dir='ltr'><strong>adeum</strong></span> <span class='ocrx_word' id='word_1_89' title='bbox 793 1420 881 1498; x_wconf 86' lang='lat' dir='ltr'><strong>hujus</strong></span> <span class='ocrx_word' id='word_1_90' title='bbox 904 1421 1077 1483; x_wconf 88' lang='lat' dir='ltr'><strong>discriminis</strong></span> <span class='ocrx_word' id='word_1_91' title='bbox 1101 1440 1223 1499; x_wconf 83' lang='lat' dir='ltr'><strong>agemus</strong></span> <span class='ocrx_word' id='word_1_92' title='bbox 1245 1422 1389 1501; x_wconf 87' lang='lat' dir='ltr'><strong>pluribus.</strong></span> 
     </span>
    </p>

    <p class='ocr_par' dir='ltr' id='par_1_5' title="bbox 340 1500 1734 2111">
     <span class='ocr_line' id='line_1_10' title="bbox 442 1500 1710 1586; baseline 0.011 -25"><span class='ocrx_word' id='word_1_93' title='bbox 442 1500 485 1561; x_wconf 89' lang='lat' dir='ltr'><strong>II.</strong></span> <span class='ocrx_word' id='word_1_94' title='bbox 508 1501 658 1579; x_wconf 86' lang='lat' dir='ltr'><strong>Quantum</strong></span> <span class='ocrx_word' id='word_1_95' title='bbox 687 1508 725 1567; x_wconf 90' lang='lat' dir='ltr'><strong>ad</strong></span> <span class='ocrx_word' id='word_1_96' title='bbox 755 1512 895 1569; x_wconf 89' lang='lat' dir='ltr'><strong>terminos</strong></span> <span class='ocrx_word' id='word_1_97' title='bbox 924 1508 1145 1571; x_wconf 76' lang='lat' dir='ltr'><strong>harmoniarum</strong></span> <span class='ocrx_word' id='word_1_98' title='bbox 1176 1513 1297 1571; x_wconf 84' lang='lat' dir='ltr'><strong>istarum</strong></span> <span class='ocrx_word' id='word_1_99' title='bbox 1328 1528 1381 1573; x_wconf 91' lang='lat' dir='ltr'><strong>seu</strong></span> <span class='ocrx_word' id='word_1_100' title='bbox 1413 1510 1579 1586; x_wconf 89' lang='lat' dir='ltr'><strong>subjeetum</strong></span> <span class='ocrx_word' id='word_1_101' title='bbox 1610 1531 1710 1575; x_wconf 89' lang='lat' dir='ltr'><strong>earum</strong></span> 
     </span>
     <span class='ocr_line' id='line_1_11' title="bbox 352 1588 1711 1677; baseline 0.011 -29"><span class='ocrx_word' id='word_1_102' title='bbox 352 1588 473 1663; x_wconf 87' lang='lat' dir='ltr'><strong>sensile,</strong></span> <span class='ocrx_word' id='word_1_103' title='bbox 496 1590 569 1651; x_wconf 91' lang='lat' dir='ltr'><strong>illud</strong></span> <span class='ocrx_word' id='word_1_104' title='bbox 592 1591 667 1653; x_wconf 90' lang='lat' dir='ltr'><strong>libro</strong></span> <span class='ocrx_word' id='word_1_105' title='bbox 689 1594 745 1655; x_wconf 89' lang='lat'>111.</span> <span class='ocrx_word' id='word_1_106' title='bbox 769 1604 851 1658; x_wconf 91' lang='lat' dir='ltr'><strong>erant</strong></span> <span class='ocrx_word' id='word_1_107' title='bbox 871 1600 937 1657; x_wconf 89' lang='lat' dir='ltr'><strong>soni</strong></span> <span class='ocrx_word' id='word_1_108' title='bbox 959 1600 1094 1657; x_wconf 83' lang='lat' dir='ltr'><strong>ommino</strong></span> <span class='ocrx_word' id='word_1_109' title='bbox 1124 1606 1154 1657; x_wconf 90' lang='lat' dir='ltr'><strong>st</strong></span> <span class='ocrx_word' id='word_1_110' title='bbox 1175 1599 1321 1673; x_wconf 79' lang='lat' dir='ltr'><strong>gravitate</strong></span> <span class='ocrx_word' id='word_1_111' title='bbox 1345 1596 1525 1674; x_wconf 62' lang='lat' dir='ltr'><strong>differentem</strong></span> <span class='ocrx_word' id='word_1_112' title='bbox 1558 1602 1658 1677; x_wconf 88' lang='lat' dir='ltr'><strong>itaque</strong></span> <span class='ocrx_word' id='word_1_113' title='bbox 1682 1610 1711 1663; x_wconf 86' lang='lat' dir='ltr'><strong>et</strong></span> 
     </span>
     <span class='ocr_line' id='line_1_12' title="bbox 351 1679 1711 1764; baseline 0.007 -26"><span class='ocrx_word' id='word_1_114' title='bbox 351 1679 407 1738; x_wconf 87' lang='lat' dir='ltr'><strong>rub</strong></span> <span class='ocrx_word' id='word_1_115' title='bbox 439 1686 539 1739; x_wconf 86' lang='lat' dir='ltr'><strong>motus</strong></span> <span class='ocrx_word' id='word_1_116' title='bbox 563 1698 658 1757; x_wconf 74' lang='lat' dir='ltr'><strong>geum</strong></span> <span class='ocrx_word' id='word_1_117' title='bbox 684 1683 883 1743; x_wconf 77' lang='lat' dir='ltr'><strong>referebantur</strong></span> <span class='ocrx_word' id='word_1_118' title='bbox 920 1692 950 1745; x_wconf 87' lang='lat' dir='ltr'><strong>et</strong></span> <span class='ocrx_word' id='word_1_119' title='bbox 976 1684 1093 1761; x_wconf 77' lang='lat' dir='ltr'><strong>figurati</strong></span> <span class='ocrx_word' id='word_1_120' title='bbox 1122 1685 1339 1762; x_wconf 88' lang='lat' dir='ltr'><strong>quodammodo</strong></span> <span class='ocrx_word' id='word_1_121' title='bbox 1368 1695 1466 1744; x_wconf 90' lang='lat' dir='ltr'><strong>motus</strong></span> <span class='ocrx_word' id='word_1_122' title='bbox 1500 1694 1592 1746; x_wconf 89' lang='lat' dir='ltr'><strong>erant.</strong></span> <span class='ocrx_word' id='word_1_123' title='bbox 1615 1752 1619 1764; x_wconf 25' lang='grc' dir='ltr'>ι</span> <span class='ocrx_word' id='word_1_124' title='bbox 1645 1686 1711 1753; x_wconf 87' lang='lat' dir='ltr'><strong>Hoc</strong></span> 
     </span>
     <span class='ocr_line' id='line_1_13' title="bbox 340 1766 1710 1851; baseline 0.008 -28"><span class='ocrx_word' id='word_1_125' title='bbox 340 1772 461 1846; x_wconf 85' lang='lat' dir='ltr'><strong>¹quarto</strong></span> <span class='ocrx_word' id='word_1_126' title='bbox 485 1783 555 1827; x_wconf 83' lang='lat' dir='ltr'><strong>vero</strong></span> <span class='ocrx_word' id='word_1_127' title='bbox 578 1766 653 1827; x_wconf 89' lang='lat' dir='ltr'><strong>libro</strong></span> <span class='ocrx_word' id='word_1_128' title='bbox 676 1786 734 1829; x_wconf 90' lang='lat' dir='ltr'><strong>non</strong></span> <span class='ocrx_word' id='word_1_129' title='bbox 756 1780 825 1841; x_wconf 83' lang='lat' dir='ltr'><strong>sunt</strong></span> <span class='ocrx_word' id='word_1_130' title='bbox 849 1789 954 1845; x_wconf 87' lang='lat' dir='ltr'><strong>voces,</strong></span> <span class='ocrx_word' id='word_1_131' title='bbox 977 1782 1011 1832; x_wconf 93' lang='lat' dir='ltr'><strong>ut</strong></span> <span class='ocrx_word' id='word_1_132' title='bbox 1033 1776 1063 1830; x_wconf 92' lang='lat' dir='ltr'><strong>in</strong></span> <span class='ocrx_word' id='word_1_133' title='bbox 1084 1773 1276 1848; x_wconf 90' lang='lat' dir='ltr'><strong>praeambulo</strong></span> <span class='ocrx_word' id='word_1_134' title='bbox 1300 1772 1426 1845; x_wconf 90' lang='lat' dir='ltr'><strong>dictum,</strong></span> <span class='ocrx_word' id='word_1_135' title='bbox 1449 1790 1507 1833; x_wconf 93' lang='lat' dir='ltr'><strong>non</strong></span> <span class='ocrx_word' id='word_1_136' title='bbox 1529 1772 1623 1849; x_wconf 79' lang='lat' dir='ltr'>aliqui</span> <span class='ocrx_word' id='word_1_137' title='bbox 1645 1793 1710 1851; x_wconf 84' lang='lat' dir='ltr'><strong>mo-</strong></span> 
     </span>
     <span class='ocr_line' id='line_1_14' title="bbox 351 1855 1734 1939; baseline 0.007 -25"><span class='ocrx_word' id='word_1_138' title='bbox 351 1863 414 1926; x_wconf 86' lang='lat' dir='ltr'><strong>tna,</strong></span> <span class='ocrx_word' id='word_1_139' title='bbox 446 1855 522 1913; x_wconf 87' lang='lat' dir='ltr'><strong>inter</strong></span> <span class='ocrx_word' id='word_1_140' title='bbox 543 1871 621 1931; x_wconf 89' lang='lat' dir='ltr'><strong>quos</strong></span> <span class='ocrx_word' id='word_1_141' title='bbox 650 1859 716 1933; x_wconf 87' lang='lat' dir='ltr'><strong>quis</strong></span> <span class='ocrx_word' id='word_1_142' title='bbox 737 1866 880 1933; x_wconf 78' lang='lat' dir='ltr'><strong>agnoscat</strong></span> <span class='ocrx_word' id='word_1_143' title='bbox 906 1860 1091 1933; x_wconf 86' lang='lat' dir='ltr'><strong>harmonias,</strong></span> <span class='ocrx_word' id='word_1_144' title='bbox 1120 1860 1171 1919; x_wconf 93' lang='lat' dir='ltr'><strong>sed</strong></span> <span class='ocrx_word' id='word_1_145' title='bbox 1193 1864 1295 1930; x_wconf 79' lang='lat' dir='ltr'><strong>insunt</strong></span> <span class='ocrx_word' id='word_1_146' title='bbox 1323 1860 1391 1919; x_wconf 89' lang='lat' dir='ltr'><strong>illae</strong></span> <span class='ocrx_word' id='word_1_147' title='bbox 1421 1863 1449 1919; x_wconf 89' lang='lat' dir='ltr'><strong>in</strong></span> <span class='ocrx_word' id='word_1_148' title='bbox 1473 1861 1604 1936; x_wconf 82' lang='lat' dir='ltr'><strong>angulis,</strong></span> <span class='ocrx_word' id='word_1_149' title='bbox 1634 1879 1734 1939; x_wconf 88' lang='lat' dir='ltr'><strong>quos·</strong></span> 
     </span>
     <span class='ocr_line' id='line_1_15' title="bbox 351 1940 1709 2027; baseline 0.005 -26"><span class='ocrx_word' id='word_1_150' title='bbox 351 1942 415 2001; x_wconf 87' lang='lat' dir='ltr'><strong>bini</strong></span> <span class='ocrx_word' id='word_1_151' title='bbox 438 1940 577 2017; x_wconf 87' lang='lat' dir='ltr'><strong>planetae</strong></span> <span class='ocrx_word' id='word_1_152' title='bbox 600 1944 690 2004; x_wconf 89' lang='lat' dir='ltr'><strong>radiis</strong></span> <span class='ocrx_word' id='word_1_153' title='bbox 711 1944 818 2005; x_wconf 87' lang='lat' dir='ltr'><strong>lucidis</strong></span> <span class='ocrx_word' id='word_1_154' title='bbox 839 1948 955 2007; x_wconf 85' lang='lat' dir='ltr'><strong>emissis</strong></span> <span class='ocrx_word' id='word_1_155' title='bbox 976 1948 1102 2007; x_wconf 86' lang='lat' dir='ltr'><strong>lormaut</strong></span> <span class='ocrx_word' id='word_1_156' title='bbox 1125 1949 1154 2005; x_wconf 92' lang='lat' dir='ltr'><strong>in</strong></span> <span class='ocrx_word' id='word_1_157' title='bbox 1178 1946 1282 2022; x_wconf 87' lang='lat' dir='ltr'><strong>Terra,</strong></span> <span class='ocrx_word' id='word_1_158' title='bbox 1314 1955 1459 2025; x_wconf 87' lang='lat' dir='ltr'><strong>quatenus</strong></span> <span class='ocrx_word' id='word_1_159' title='bbox 1490 1947 1558 2007; x_wconf 91' lang='lat' dir='ltr'><strong>talis</strong></span> <span class='ocrx_word' id='word_1_160' title='bbox 1584 1949 1709 2027; x_wconf 79' lang='lat' dir='ltr'><strong>angulus</strong></span> 
     </span>
     <span class='ocr_line' id='line_1_16' title="bbox 351 2026 1709 2111; baseline 0.007 -22"><span class='ocrx_word' id='word_1_161' title='bbox 351 2046 421 2089; x_wconf 87' lang='lat' dir='ltr'><strong>eum</strong></span> <span class='ocrx_word' id='word_1_162' title='bbox 445 2026 563 2107; x_wconf 80' lang='lat' dir='ltr'><strong>augulis</strong></span> <span class='ocrx_word' id='word_1_163' title='bbox 584 2034 671 2092; x_wconf 87' lang='lat' dir='ltr'><strong>rectis</strong></span> <span class='ocrx_word' id='word_1_164' title='bbox 693 2042 833 2109; x_wconf 84' lang='lat' dir='ltr'><strong>quatuor,</strong></span> <span class='ocrx_word' id='word_1_165' title='bbox 864 2052 952 2095; x_wconf 90' lang='lat' dir='ltr'><strong>unum</strong></span> <span class='ocrx_word' id='word_1_166' title='bbox 974 2043 1115 2111; x_wconf 88' lang='lat' dir='ltr'><strong>punctum</strong></span> <span class='ocrx_word' id='word_1_167' title='bbox 1140 2052 1298 2095; x_wconf 73' lang='lat' dir='ltr'><strong>concursus</strong></span> <span class='ocrx_word' id='word_1_168' title='bbox 1329 2035 1597 2105; x_wconf 88' lang='lat' dir='ltr'><strong>circumstantibus,</strong></span> <span class='ocrx_word' id='word_1_169' title='bbox 1628 2052 1709 2097; x_wconf 84' lang='lat' dir='ltr'><strong>coru-</strong></span> 
     </span>
    </p>
   </div>
   <div class='ocr_carea' id='block_1_5' title="bbox 350 2117 1822 2199">
    <p class='ocr_par' dir='ltr' id='par_1_6' title="bbox 350 2117 1822 2199">
     <span class='ocr_line' id='line_1_17' title="bbox 350 2117 1822 2199; baseline 0.007 -26"><span class='ocrx_word' id='word_1_170' title='bbox 350 2117 453 2193; x_wconf 86' lang='lat' dir='ltr'><strong>parari</strong></span> <span class='ocrx_word' id='word_1_171' title='bbox 486 2124 592 2193; x_wconf 91' lang='lat' dir='ltr'><strong>potest.</strong></span> <span class='ocrx_word' id='word_1_172' title='bbox 644 2121 742 2196; x_wconf 84' lang='lat' dir='ltr'><strong>Atque</strong></span> <span class='ocrx_word' id='word_1_173' title='bbox 769 2121 817 2181; x_wconf 90' lang='lat' dir='ltr'><strong>hie</strong></span> <span class='ocrx_word' id='word_1_174' title='bbox 848 2140 922 2198; x_wconf 88' lang='lat' dir='ltr'><strong>opus</strong></span> <span class='ocrx_word' id='word_1_175' title='bbox 952 2122 1040 2182; x_wconf 89' lang='lat' dir='ltr'><strong>habet</strong></span> <span class='ocrx_word' id='word_1_176' title='bbox 1069 2123 1162 2183; x_wconf 90' lang='lat' dir='ltr'><strong>lector</strong></span> <span class='ocrx_word' id='word_1_177' title='bbox 1189 2120 1290 2199; x_wconf 90' lang='lat' dir='ltr'><strong>aliqua</strong></span> <span class='ocrx_word' id='word_1_178' title='bbox 1319 2122 1471 2183; x_wconf 88' lang='lat' dir='ltr'><strong>luculenta</strong></span> <span class='ocrx_word' id='word_1_179' title='bbox 1501 2122 1708 2195; x_wconf 83' lang='lat' dir='ltr'><strong>admonitione.</strong></span> <span class='ocrx_word' id='word_1_180' title='bbox 1810 2131 1822 2156; x_wconf 83' lang='lat'><em>⁰</em></span> 
     </span>
    </p>
   </div>
   <div class='ocr_carea' id='block_1_6' title="bbox 343 2204 1711 4908">
    <p class='ocr_par' dir='ltr' id='par_1_7' title="bbox 347 2204 1711 3772">
     <span class='ocr_line' id='line_1_18' title="bbox 350 2204 1708 2299; baseline 0.005 -36"><span class='ocrx_word' id='word_1_181' title='bbox 350 2204 483 2269; x_wconf 82' lang='lat' dir='ltr'><strong>Possum</strong></span> <span class='ocrx_word' id='word_1_182' title='bbox 512 2206 589 2264; x_wconf 90' lang='lat' dir='ltr'><strong>enim</strong></span> <span class='ocrx_word' id='word_1_183' title='bbox 614 2205 673 2267; x_wconf 85' lang='lat' dir='ltr'><strong>hos</strong></span> <span class='ocrx_word' id='word_1_184' title='bbox 701 2209 819 2283; x_wconf 86' lang='lat' dir='ltr'><strong>quidem</strong></span> <span class='ocrx_word' id='word_1_185' title='bbox 851 2210 989 2271; x_wconf 81' lang='lat' dir='ltr'><strong>terminos</strong></span> <span class='ocrx_word' id='word_1_186' title='bbox 1018 2208 1165 2288; x_wconf 79' lang='lat' dir='ltr'><strong>explicaro</strong></span> <span class='ocrx_word' id='word_1_187' title='bbox 1189 2209 1295 2289; x_wconf 77' lang='lat' dir='ltr'><strong>clariuq</strong></span> <span class='ocrx_word' id='word_1_188' title='bbox 1324 2209 1363 2269; x_wconf 87' lang='lat' dir='ltr'><strong>ad</strong></span> <span class='ocrx_word' id='word_1_189' title='bbox 1392 2209 1626 2299; x_wconf 71' lang='lat' dir='ltr'><strong>percipiendum,</strong></span> <span class='ocrx_word' id='word_1_190' title='bbox 1657 2212 1708 2270; x_wconf 89' lang='lat' dir='ltr'><strong>ssd</strong></span> 
     </span>
     <span class='ocr_line' id='line_1_19' title="bbox 351 2295 1710 2373; baseline 0.007 -24"><span class='ocrx_word' id='word_1_191' title='bbox 351 2309 411 2351; x_wconf 90' lang='lat' dir='ltr'><strong>nnn</strong></span> <span class='ocrx_word' id='word_1_192' title='bbox 436 2308 558 2368; x_wconf 82' lang='lat' dir='ltr'><strong>possum</strong></span> <span class='ocrx_word' id='word_1_193' title='bbox 581 2295 647 2363; x_wconf 77' lang='lat' dir='ltr'><strong>sine</strong></span> <span class='ocrx_word' id='word_1_194' title='bbox 666 2296 796 2371; x_wconf 82' lang='lat' dir='ltr'><strong>periculo</strong></span> <span class='ocrx_word' id='word_1_195' title='bbox 819 2297 1000 2357; x_wconf 86' lang='lat' dir='ltr'><strong>contusionis</strong></span> <span class='ocrx_word' id='word_1_196' title='bbox 1032 2300 1060 2355; x_wconf 94' lang='lat' dir='ltr'><strong>in</strong></span> <span class='ocrx_word' id='word_1_197' title='bbox 1085 2299 1159 2357; x_wconf 84' lang='lat' dir='ltr'><strong>bene</strong></span> <span class='ocrx_word' id='word_1_198' title='bbox 1182 2296 1435 2373; x_wconf 79' lang='lat' dir='ltr'><strong>philosophando,</strong></span> <span class='ocrx_word' id='word_1_199' title='bbox 1469 2299 1525 2356; x_wconf 89' lang='lat' dir='ltr'><strong>nisi</strong></span> <span class='ocrx_word' id='word_1_200' title='bbox 1556 2297 1710 2373; x_wconf 83' lang='lat' dir='ltr'><strong>diligenter</strong></span> 
     </span>
     <span class='ocr_line' id='line_1_20' title="bbox 351 2378 1711 2468; baseline 0.004 -29"><span class='ocrx_word' id='word_1_201' title='bbox 351 2378 494 2439; x_wconf 87' lang='lat' dir='ltr'><strong>lectorem</strong></span> <span class='ocrx_word' id='word_1_202' title='bbox 523 2380 732 2459; x_wconf 88' lang='lat' dir='ltr'><strong>philosophum</strong></span> <span class='ocrx_word' id='word_1_203' title='bbox 758 2386 972 2459; x_wconf 87' lang='lat' dir='ltr'><strong>praemuniam.</strong></span> <span class='ocrx_word' id='word_1_204' title='bbox 995 2382 1089 2443; x_wconf 80' lang='lat' dir='ltr'><strong>‚Cum</strong></span> <span class='ocrx_word' id='word_1_205' title='bbox 1119 2385 1198 2468; x_wconf 75' lang='lat' dir='ltr'><strong>enim</strong></span> <span class='ocrx_word' id='word_1_206' title='bbox 1226 2388 1342 2445; x_wconf 89' lang='lat' dir='ltr'><strong>termini</strong></span> <span class='ocrx_word' id='word_1_207' title='bbox 1363 2386 1561 2463; x_wconf 84' lang='lat' dir='ltr'><strong>proportionis</strong></span> <span class='ocrx_word' id='word_1_208' title='bbox 1585 2383 1711 2445; x_wconf 88' lang='lat' dir='ltr'><strong>debeant</strong></span> 
     </span>
     <span class='ocr_line' id='line_1_21' title="bbox 351 2466 1710 2549; baseline 0.006 -24"><span class='ocrx_word' id='word_1_209' title='bbox 351 2466 470 2527; x_wconf 76' lang='lat' dir='ltr'><strong>disens</strong></span> <span class='ocrx_word' id='word_1_210' title='bbox 492 2468 668 2541; x_wconf 87' lang='lat' dir='ltr'><strong>quantitate,</strong></span> <span class='ocrx_word' id='word_1_211' title='bbox 691 2471 865 2547; x_wconf 73' lang='lat' dir='ltr'><strong>angulorum</strong></span> <span class='ocrx_word' id='word_1_212' title='bbox 887 2488 958 2531; x_wconf 86' lang='lat' dir='ltr'><strong>vern</strong></span> <span class='ocrx_word' id='word_1_213' title='bbox 980 2475 1141 2549; x_wconf 77' lang='lat' dir='ltr'><strong>quantitas,</strong></span> <span class='ocrx_word' id='word_1_214' title='bbox 1164 2471 1220 2529; x_wconf 87' lang='lat' dir='ltr'><strong>lroc</strong></span> <span class='ocrx_word' id='word_1_215' title='bbox 1243 2482 1289 2533; x_wconf 87' lang='lat' dir='ltr'><strong>est</strong></span> <span class='ocrx_word' id='word_1_216' title='bbox 1312 2488 1455 2545; x_wconf 83' lang='lat' dir='ltr'><strong>mansura,</strong></span> <span class='ocrx_word' id='word_1_217' title='bbox 1483 2474 1522 2533; x_wconf 90' lang='lat' dir='ltr'><strong>sit</strong></span> <span class='ocrx_word' id='word_1_218' title='bbox 1544 2490 1629 2535; x_wconf 84' lang='lat' dir='ltr'><strong>arcus</strong></span> <span class='ocrx_word' id='word_1_219' title='bbox 1652 2475 1710 2533; x_wconf 88' lang='lat' dir='ltr'><strong>cir·</strong></span> 
     </span>
     <span class='ocr_line' id='line_1_22' title="bbox 351 2555 1710 2636; baseline 0.004 -21"><span class='ocrx_word' id='word_1_220' title='bbox 351 2555 429 2625; x_wconf 80' lang='lat' dir='ltr'><strong>culi,</strong></span> <span class='ocrx_word' id='word_1_221' title='bbox 462 2572 500 2613; x_wconf 84' lang='lat' dir='ltr'><strong>ex</strong></span> <span class='ocrx_word' id='word_1_222' title='bbox 523 2573 680 2615; x_wconf 90' lang='lat' dir='ltr'><strong>concursus</strong></span> <span class='ocrx_word' id='word_1_223' title='bbox 702 2560 852 2633; x_wconf 80' lang='lat' dir='ltr'><strong>augularis</strong></span> <span class='ocrx_word' id='word_1_224' title='bbox 879 2566 989 2635; x_wconf 86' lang='lat' dir='ltr'><strong>puncto</strong></span> <span class='ocrx_word' id='word_1_225' title='bbox 1011 2556 1165 2635; x_wconf 79' lang='lat' dir='ltr'><strong>descripti,</strong></span> <span class='ocrx_word' id='word_1_226' title='bbox 1198 2567 1230 2617; x_wconf 89' lang='lat' dir='ltr'><strong>ut</strong></span> <span class='ocrx_word' id='word_1_227' title='bbox 1253 2562 1281 2617; x_wconf 91' lang='lat' dir='ltr'><strong>in</strong></span> <span class='ocrx_word' id='word_1_228' title='bbox 1304 2563 1465 2636; x_wconf 82' lang='lat' dir='ltr'><strong>geometria</strong></span> <span class='ocrx_word' id='word_1_229' title='bbox 1493 2559 1645 2635; x_wconf 88' lang='lat' dir='ltr'><strong>docemur,</strong></span> <span class='ocrx_word' id='word_1_230' title='bbox 1679 2563 1710 2621; x_wconf 91' lang='lat' dir='ltr'><strong>in</strong></span> 
     </span>
     <span class='ocr_line' id='line_1_23' title="bbox 350 2641 1710 2727; baseline 0.004 -24"><span class='ocrx_word' id='word_1_231' title='bbox 350 2650 417 2703; x_wconf 91' lang='lat' dir='ltr'><strong>toto</strong></span> <span class='ocrx_word' id='word_1_232' title='bbox 440 2641 562 2717; x_wconf 79' lang='lat' dir='ltr'><strong>quidem</strong></span> <span class='ocrx_word' id='word_1_233' title='bbox 584 2644 683 2704; x_wconf 91' lang='lat' dir='ltr'><strong>mundi</strong></span> <span class='ocrx_word' id='word_1_234' title='bbox 706 2649 813 2722; x_wconf 85' lang='lat' dir='ltr'><strong>spatio,</strong></span> <span class='ocrx_word' id='word_1_235' title='bbox 836 2646 915 2722; x_wconf 93' lang='lat' dir='ltr'><strong>quod</strong></span> <span class='ocrx_word' id='word_1_236' title='bbox 938 2654 982 2705; x_wconf 89' lang='lat' dir='ltr'><strong>est</strong></span> <span class='ocrx_word' id='word_1_237' title='bbox 1004 2646 1073 2705; x_wconf 88' lang='lat' dir='ltr'><strong>hino</strong></span> <span class='ocrx_word' id='word_1_238' title='bbox 1094 2665 1113 2705; x_wconf 92' lang='lat' dir='ltr'><strong>a</strong></span> <span class='ocrx_word' id='word_1_239' title='bbox 1136 2644 1227 2705; x_wconf 83' lang='lat' dir='ltr'><strong>Terra</strong></span> <span class='ocrx_word' id='word_1_240' title='bbox 1248 2664 1340 2723; x_wconf 86' lang='lat' dir='ltr'><strong>usque</strong></span> <span class='ocrx_word' id='word_1_241' title='bbox 1364 2646 1400 2707; x_wconf 90' lang='lat' dir='ltr'><strong>ad</strong></span> <span class='ocrx_word' id='word_1_242' title='bbox 1422 2647 1496 2707; x_wconf 88' lang='lat' dir='ltr'><strong>lines</strong></span> <span class='ocrx_word' id='word_1_243' title='bbox 1518 2664 1629 2727; x_wconf 88' lang='lat' dir='ltr'><strong>rerum,</strong></span> <span class='ocrx_word' id='word_1_244' title='bbox 1652 2665 1710 2709; x_wconf 90' lang='lat' dir='ltr'><strong>nou</strong></span> 
     </span>
     <span class='ocr_line' id='line_1_24' title="bbox 350 2732 1708 2811; baseline 0.005 -24"><span class='ocrx_word' id='word_1_245' title='bbox 350 2746 514 2809; x_wconf 73' lang='lat' dir='ltr'><strong>posqumus</strong></span> <span class='ocrx_word' id='word_1_246' title='bbox 536 2733 653 2807; x_wconf 88' lang='lat' dir='ltr'><strong>uspiam</strong></span> <span class='ocrx_word' id='word_1_247' title='bbox 679 2732 842 2801; x_wconf 85' lang='lat' dir='ltr'><strong>describere</strong></span> <span class='ocrx_word' id='word_1_248' title='bbox 865 2740 919 2792; x_wconf 86' lang='lat' dir='ltr'><strong>aut</strong></span> <span class='ocrx_word' id='word_1_249' title='bbox 939 2732 1119 2811; x_wconf 89' lang='lat' dir='ltr'><strong>descriptum</strong></span> <span class='ocrx_word' id='word_1_250' title='bbox 1140 2734 1274 2793; x_wconf 83' lang='lat' dir='ltr'><strong>sensibus</strong></span> <span class='ocrx_word' id='word_1_251' title='bbox 1302 2736 1451 2811; x_wconf 85' lang='lat' dir='ltr'><strong>percipere</strong></span> <span class='ocrx_word' id='word_1_252' title='bbox 1474 2734 1630 2808; x_wconf 90' lang='lat' dir='ltr'><strong>circulum,</strong></span> <span class='ocrx_word' id='word_1_253' title='bbox 1660 2753 1708 2795; x_wconf 89' lang='lat' dir='ltr'><strong>ra·</strong></span> 
     </span>
     <span class='ocr_line' id='line_1_25' title="bbox 350 2817 1710 2897; baseline 0.004 -22"><span class='ocrx_word' id='word_1_254' title='bbox 350 2817 471 2876; x_wconf 91' lang='lat' dir='ltr'><strong>diorum</strong></span> <span class='ocrx_word' id='word_1_255' title='bbox 494 2818 611 2895; x_wconf 77' lang='lat' dir='ltr'><strong>augulis</strong></span> <span class='ocrx_word' id='word_1_256' title='bbox 634 2819 819 2880; x_wconf 78' lang='lat' dir='ltr'><strong>dimetiendis</strong></span> <span class='ocrx_word' id='word_1_257' title='bbox 842 2821 978 2882; x_wconf 87' lang='lat' dir='ltr'><strong>idoneum</strong></span> <span class='ocrx_word' id='word_1_258' title='bbox 1000 2824 1113 2895; x_wconf 81' lang='lat' dir='ltr'><strong>magis,</strong></span> <span class='ocrx_word' id='word_1_259' title='bbox 1144 2823 1199 2879; x_wconf 87' lang='lat' dir='ltr'><strong>nisi</strong></span> <span class='ocrx_word' id='word_1_260' title='bbox 1231 2820 1312 2881; x_wconf 93' lang='lat' dir='ltr'><strong>illum</strong></span> <span class='ocrx_word' id='word_1_261' title='bbox 1336 2824 1431 2897; x_wconf 89' lang='lat' dir='ltr'><strong>ipsum</strong></span> <span class='ocrx_word' id='word_1_262' title='bbox 1459 2822 1629 2880; x_wconf 85' lang='lat' dir='ltr'><strong>sensibilem</strong></span> <span class='ocrx_word' id='word_1_263' title='bbox 1651 2825 1710 2881; x_wconf 83' lang='lat' dir='ltr'><strong>eir-</strong></span> 
     </span>
     <span class='ocr_line' id='line_1_26' title="bbox 350 2903 1708 2984; baseline -0.001 -17"><span class='ocrx_word' id='word_1_264' title='bbox 350 2903 454 2967; x_wconf 86' lang='lat' dir='ltr'><strong>eulum</strong></span> <span class='ocrx_word' id='word_1_265' title='bbox 486 2906 516 2962; x_wconf 90' lang='lat' dir='ltr'><strong>iu</strong></span> <span class='ocrx_word' id='word_1_266' title='bbox 546 2924 662 2967; x_wconf 91' lang='lat' dir='ltr'><strong>summo</strong></span> <span class='ocrx_word' id='word_1_267' title='bbox 684 2909 819 2979; x_wconf 80' lang='lat' dir='ltr'><strong>aethere,</strong></span> <span class='ocrx_word' id='word_1_268' title='bbox 853 2910 1032 2971; x_wconf 82' lang='lat' dir='ltr'><strong>creberrimis</strong></span> <span class='ocrx_word' id='word_1_269' title='bbox 1063 2909 1130 2967; x_wconf 84' lang='lat' dir='ltr'><strong>lixis</strong></span> <span class='ocrx_word' id='word_1_270' title='bbox 1157 2906 1253 2968; x_wconf 87' lang='lat' dir='ltr'><strong>stellis</strong></span> <span class='ocrx_word' id='word_1_271' title='bbox 1284 2925 1472 2984; x_wconf 86' lang='lat' dir='ltr'><strong>expressum,</strong></span> <span class='ocrx_word' id='word_1_272' title='bbox 1503 2910 1650 2983; x_wconf 88' lang='lat' dir='ltr'><strong>aquibus</strong></span> <span class='ocrx_word' id='word_1_273' title='bbox 1680 2911 1708 2966; x_wconf 92' lang='lat' dir='ltr'><strong>in</strong></span> 
     </span>
     <span class='ocr_line' id='line_1_27' title="bbox 350 2993 1709 3072; baseline 0.001 -19"><span class='ocrx_word' id='word_1_274' title='bbox 350 3002 450 3053; x_wconf 84' lang='lat' dir='ltr'><strong>certas</strong></span> <span class='ocrx_word' id='word_1_275' title='bbox 472 2994 645 3053; x_wconf 88' lang='lat' dir='ltr'><strong>animalium</strong></span> <span class='ocrx_word' id='word_1_276' title='bbox 674 2994 783 3056; x_wconf 89' lang='lat' dir='ltr'><strong>lormas</strong></span> <span class='ocrx_word' id='word_1_277' title='bbox 804 2995 931 3057; x_wconf 86' lang='lat' dir='ltr'><strong>redactis</strong></span> <span class='ocrx_word' id='word_1_278' title='bbox 961 2993 1011 3054; x_wconf 95' lang='lat' dir='ltr'><strong>ille</strong></span> <span class='ocrx_word' id='word_1_279' title='bbox 1033 3012 1139 3055; x_wconf 89' lang='lat' dir='ltr'><strong>nomen</strong></span> <span class='ocrx_word' id='word_1_280' title='bbox 1167 2995 1293 3072; x_wconf 81' lang='lat' dir='ltr'><strong>adeptus</strong></span> <span class='ocrx_word' id='word_1_281' title='bbox 1317 3004 1361 3055; x_wconf 90' lang='lat' dir='ltr'><strong>est</strong></span> <span class='ocrx_word' id='word_1_282' title='bbox 1389 2994 1519 3071; x_wconf 77' lang='lat' dir='ltr'><strong>zodiaci3</strong></span> <span class='ocrx_word' id='word_1_283' title='bbox 1549 2999 1657 3071; x_wconf 90' lang='lat' dir='ltr'><strong>quippe</strong></span> <span class='ocrx_word' id='word_1_284' title='bbox 1680 3004 1709 3056; x_wconf 87' lang='lat' dir='ltr'><strong>et</strong></span> 
     </span>
     <span class='ocr_line' id='line_1_28' title="bbox 349 3082 1708 3160; baseline -0.001 -18"><span class='ocrx_word' id='word_1_285' title='bbox 349 3082 495 3156; x_wconf 86' lang='lat' dir='ltr'><strong>subque</strong></span> <span class='ocrx_word' id='word_1_286' title='bbox 518 3082 583 3156; x_wconf 91' lang='lat' dir='ltr'><strong>ipso</strong></span> <span class='ocrx_word' id='word_1_287' title='bbox 614 3082 750 3159; x_wconf 87' lang='lat' dir='ltr'><strong>planetae</strong></span> <span class='ocrx_word' id='word_1_288' title='bbox 771 3100 887 3160; x_wconf 90' lang='lat' dir='ltr'><strong>semper</strong></span> <span class='ocrx_word' id='word_1_289' title='bbox 909 3090 1063 3143; x_wconf 84' lang='lat' dir='ltr'><strong>versantur</strong></span> <span class='ocrx_word' id='word_1_290' title='bbox 1090 3083 1248 3160; x_wconf 90' lang='lat' dir='ltr'><strong>locumque</strong></span> <span class='ocrx_word' id='word_1_291' title='bbox 1271 3082 1334 3157; x_wconf 91' lang='lat' dir='ltr'><strong>ejus</strong></span> <span class='ocrx_word' id='word_1_292' title='bbox 1367 3099 1456 3141; x_wconf 91' lang='lat' dir='ltr'><strong>unum</strong></span> <span class='ocrx_word' id='word_1_293' title='bbox 1486 3083 1594 3157; x_wconf 78' lang='lat' dir='ltr'><strong>singuli</strong></span> <span class='ocrx_word' id='word_1_294' title='bbox 1623 3082 1708 3141; x_wconf 89' lang='lat' dir='ltr'><strong>nobis</strong></span> 
     </span>
     <span class='ocr_line' id='line_1_29' title="bbox 349 3166 1708 3249; baseline 0 -22"><span class='ocrx_word' id='word_1_295' title='bbox 349 3178 510 3245; x_wconf 79' lang='lat' dir='ltr'><strong>corporum</strong></span> <span class='ocrx_word' id='word_1_296' title='bbox 532 3185 652 3229; x_wconf 92' lang='lat' dir='ltr'><strong>suorum</strong></span> <span class='ocrx_word' id='word_1_297' title='bbox 674 3170 792 3247; x_wconf 90' lang='lat' dir='ltr'><strong>objectu</strong></span> <span class='ocrx_word' id='word_1_298' title='bbox 813 3178 913 3246; x_wconf 75' lang='lat' dir='ltr'><strong>tegere</strong></span> <span class='ocrx_word' id='word_1_299' title='bbox 937 3169 1091 3249; x_wconf 86' lang='lat' dir='ltr'><strong>videntur,</strong></span> <span class='ocrx_word' id='word_1_300' title='bbox 1120 3172 1201 3231; x_wconf 88' lang='lat' dir='ltr'><strong>etin</strong></span> <span class='ocrx_word' id='word_1_301' title='bbox 1225 3172 1289 3246; x_wconf 88' lang='lat' dir='ltr'><strong>ejus</strong></span> <span class='ocrx_word' id='word_1_302' title='bbox 1313 3178 1443 3230; x_wconf 89' lang='lat' dir='ltr'><strong>centrum</strong></span> <span class='ocrx_word' id='word_1_303' title='bbox 1459 3166 1560 3228; x_wconf 86' lang='lat' dir='ltr'><strong>Tellus</strong></span> <span class='ocrx_word' id='word_1_304' title='bbox 1585 3168 1708 3247; x_wconf 71' lang='lat' dir='ltr'><strong>domici7</strong></span> 
     </span>
     <span class='ocr_line' id='line_1_30' title="bbox 347 3255 1709 3335; baseline -0.001 -19"><span class='ocrx_word' id='word_1_305' title='bbox 347 3257 425 3316; x_wconf 87' lang='lat' dir='ltr'><strong>lium</strong></span> <span class='ocrx_word' id='word_1_306' title='bbox 449 3264 582 3315; x_wconf 88' lang='lat' dir='ltr'><strong>nostmm</strong></span> <span class='ocrx_word' id='word_1_307' title='bbox 604 3274 663 3317; x_wconf 94' lang='lat' dir='ltr'><strong>nou</strong></span> <span class='ocrx_word' id='word_1_308' title='bbox 685 3273 740 3319; x_wconf 87' lang='lat' dir='ltr'><strong>suc</strong></span> <span class='ocrx_word' id='word_1_309' title='bbox 762 3266 876 3318; x_wconf 71' lang='lat' dir='ltr'><strong>mutum</strong></span> <span class='ocrx_word' id='word_1_310' title='bbox 897 3266 1006 3330; x_wconf 81' lang='lat' dir='ltr'><strong>ecouo,</strong></span> <span class='ocrx_word' id='word_1_311' title='bbox 1030 3256 1110 3333; x_wconf 89' lang='lat' dir='ltr'><strong>quud</strong></span> <span class='ocrx_word' id='word_1_312' title='bbox 1133 3267 1272 3335; x_wconf 91' lang='lat' dir='ltr'><strong>punctum</strong></span> <span class='ocrx_word' id='word_1_313' title='bbox 1295 3266 1348 3330; x_wconf 90' lang='lat' dir='ltr'><strong>est,</strong></span> <span class='ocrx_word' id='word_1_314' title='bbox 1370 3256 1422 3317; x_wconf 92' lang='lat' dir='ltr'><strong>sed</strong></span> <span class='ocrx_word' id='word_1_315' title='bbox 1437 3259 1526 3317; x_wconf 91' lang='lat' dir='ltr'><strong>totius</strong></span> <span class='ocrx_word' id='word_1_316' title='bbox 1549 3255 1626 3317; x_wconf 88' lang='lat' dir='ltr'><strong>mols</strong></span> <span class='ocrx_word' id='word_1_317' title='bbox 1643 3274 1709 3316; x_wconf 93' lang='lat' dir='ltr'><strong>cor-</strong></span> 
     </span>
     <span class='ocr_line' id='line_1_31' title="bbox 348 3340 1708 3422; baseline 0.001 -20"><span class='ocrx_word' id='word_1_318' title='bbox 348 3345 451 3421; x_wconf 88' lang='lat' dir='ltr'><strong>poris,</strong></span> <span class='ocrx_word' id='word_1_319' title='bbox 480 3359 532 3418; x_wconf 88' lang='lat' dir='ltr'><strong>per</strong></span> <span class='ocrx_word' id='word_1_320' title='bbox 554 3343 639 3420; x_wconf 85' lang='lat' dir='ltr'><strong>enjus</strong></span> <span class='ocrx_word' id='word_1_321' title='bbox 660 3346 844 3422; x_wconf 80' lang='lat' dir='ltr'><strong>superficiem</strong></span> <span class='ocrx_word' id='word_1_322' title='bbox 876 3345 1010 3421; x_wconf 86' lang='lat' dir='ltr'><strong>dispositi</strong></span> <span class='ocrx_word' id='word_1_323' title='bbox 1032 3362 1134 3403; x_wconf 91' lang='lat' dir='ltr'><strong>sumus</strong></span> <span class='ocrx_word' id='word_1_324' title='bbox 1157 3344 1307 3417; x_wconf 88' lang='lat' dir='ltr'><strong>homiues,</strong></span> <span class='ocrx_word' id='word_1_325' title='bbox 1338 3340 1472 3405; x_wconf 87' lang='lat' dir='ltr'><strong>abditum</strong></span> <span class='ocrx_word' id='word_1_326' title='bbox 1493 3362 1558 3407; x_wconf 89' lang='lat' dir='ltr'><strong>esse</strong></span> <span class='ocrx_word' id='word_1_327' title='bbox 1581 3343 1708 3419; x_wconf 86' lang='lat' dir='ltr'><strong>videtur.¹</strong></span> 
     </span>
     <span class='ocr_line' id='line_1_32' title="bbox 347 3430 1708 3510; baseline -0.002 -17"><span class='ocrx_word' id='word_1_328' title='bbox 347 3430 434 3493; x_wconf 82' lang='lat' dir='ltr'><strong>Nihil</strong></span> <span class='ocrx_word' id='word_1_329' title='bbox 458 3430 550 3505; x_wconf 79' lang='lat' dir='ltr'><strong>igitur</strong></span> <span class='ocrx_word' id='word_1_330' title='bbox 579 3438 624 3491; x_wconf 85' lang='lat' dir='ltr'><strong>est</strong></span> <span class='ocrx_word' id='word_1_331' title='bbox 651 3442 792 3509; x_wconf 88' lang='lat' dir='ltr'><strong>perceptu</strong></span> <span class='ocrx_word' id='word_1_332' title='bbox 820 3433 953 3506; x_wconf 78' lang='lat' dir='ltr'><strong>lucilius,</strong></span> <span class='ocrx_word' id='word_1_333' title='bbox 984 3450 1073 3509; x_wconf 89' lang='lat' dir='ltr'><strong>quam</strong></span> <span class='ocrx_word' id='word_1_334' title='bbox 1103 3434 1128 3490; x_wconf 90' lang='lat' dir='ltr'><strong>si</strong></span> <span class='ocrx_word' id='word_1_335' title='bbox 1152 3432 1299 3505; x_wconf 87' lang='lat' dir='ltr'><strong>dicamus,</strong></span> <span class='ocrx_word' id='word_1_336' title='bbox 1334 3440 1366 3491; x_wconf 91' lang='lat' dir='ltr'><strong>ut</strong></span> <span class='ocrx_word' id='word_1_337' title='bbox 1395 3433 1490 3510; x_wconf 89' lang='lat' dir='ltr'><strong>eapite</strong></span> <span class='ocrx_word' id='word_1_338' title='bbox 1512 3431 1708 3509; x_wconf 89' lang='lat' dir='ltr'><strong>praecedenti,</strong></span> 
     </span>
     <span class='ocr_line' id='line_1_33' title="bbox 347 3518 1709 3597; baseline 0 -18"><span class='ocrx_word' id='word_1_339' title='bbox 347 3520 560 3597; x_wconf 80' lang='lat' dir='ltr'><strong>proportiones</strong></span> <span class='ocrx_word' id='word_1_340' title='bbox 582 3518 781 3593; x_wconf 88' lang='lat' dir='ltr'><strong>harmonicas,</strong></span> <span class='ocrx_word' id='word_1_341' title='bbox 806 3520 842 3581; x_wconf 89' lang='lat' dir='ltr'><strong>de</strong></span> <span class='ocrx_word' id='word_1_342' title='bbox 866 3520 974 3596; x_wconf 88' lang='lat' dir='ltr'><strong>quibus</strong></span> <span class='ocrx_word' id='word_1_343' title='bbox 996 3519 1054 3579; x_wconf 92' lang='lat' dir='ltr'><strong>boc</strong></span> <span class='ocrx_word' id='word_1_344' title='bbox 1073 3518 1150 3579; x_wconf 91' lang='lat' dir='ltr'><strong>libro</strong></span> <span class='ocrx_word' id='word_1_345' title='bbox 1173 3538 1275 3579; x_wconf 90' lang='lat' dir='ltr'><strong>sumus</strong></span> <span class='ocrx_word' id='word_1_346' title='bbox 1297 3520 1406 3597; x_wconf 87' lang='lat' dir='ltr'><strong>acturi,</strong></span> <span class='ocrx_word' id='word_1_347' title='bbox 1432 3536 1497 3579; x_wconf 89' lang='lat' dir='ltr'><strong>esse</strong></span> <span class='ocrx_word' id='word_1_348' title='bbox 1519 3522 1594 3579; x_wconf 90' lang='lat' dir='ltr'><strong>inter</strong></span> <span class='ocrx_word' id='word_1_349' title='bbox 1616 3527 1709 3583; x_wconf 87' lang='lat' dir='ltr'><strong>totum</strong></span> 
     </span>
     <span class='ocr_line' id='line_1_34' title="bbox 347 3602 1708 3683; baseline 0 -16"><span class='ocrx_word' id='word_1_350' title='bbox 347 3604 498 3667; x_wconf 61' lang='lat' dir='ltr'><strong>menium</strong></span> <span class='ocrx_word' id='word_1_351' title='bbox 519 3602 672 3668; x_wconf 78' lang='lat' dir='ltr'><strong>zodiacum</strong></span> <span class='ocrx_word' id='word_1_352' title='bbox 694 3617 723 3667; x_wconf 91' lang='lat' dir='ltr'><strong>et</strong></span> <span class='ocrx_word' id='word_1_353' title='bbox 743 3610 818 3669; x_wconf 88' lang='lat' dir='ltr'><strong>inter</strong></span> <span class='ocrx_word' id='word_1_354' title='bbox 840 3608 905 3683; x_wconf 84' lang='lat' dir='ltr'><strong>ejus</strong></span> <span class='ocrx_word' id='word_1_355' title='bbox 927 3624 1043 3679; x_wconf 76' lang='lat' dir='ltr'><strong>mcum,</strong></span> <span class='ocrx_word' id='word_1_356' title='bbox 1072 3624 1160 3681; x_wconf 89' lang='lat' dir='ltr'><strong>quem</strong></span> <span class='ocrx_word' id='word_1_357' title='bbox 1183 3606 1241 3665; x_wconf 93' lang='lat' dir='ltr'><strong>dno</strong></span> <span class='ocrx_word' id='word_1_358' title='bbox 1264 3606 1400 3683; x_wconf 87' lang='lat' dir='ltr'><strong>planetae</strong></span> <span class='ocrx_word' id='word_1_359' title='bbox 1428 3606 1537 3667; x_wconf 83' lang='lat' dir='ltr'><strong>risibili</strong></span> <span class='ocrx_word' id='word_1_360' title='bbox 1567 3605 1618 3665; x_wconf 90' lang='lat' dir='ltr'><strong>illo</strong></span> <span class='ocrx_word' id='word_1_361' title='bbox 1642 3624 1708 3667; x_wconf 43' lang='lat' dir='ltr'><strong>cora</strong></span> 
     </span>
     <span class='ocr_line' id='line_1_35' title="bbox 347 3692 1367 3772; baseline 0.004 -21"><span class='ocrx_word' id='word_1_362' title='bbox 347 3711 460 3772; x_wconf 81' lang='lat' dir='ltr'><strong>porum</strong></span> <span class='ocrx_word' id='word_1_363' title='bbox 485 3692 603 3768; x_wconf 77' lang='lat' dir='ltr'><strong>obiectu</strong></span> <span class='ocrx_word' id='word_1_364' title='bbox 626 3692 796 3771; x_wconf 75' lang='lat' dir='ltr'><strong>designare,</strong></span> <span class='ocrx_word' id='word_1_365' title='bbox 819 3698 974 3757; x_wconf 88' lang='lat' dir='ltr'><strong>terminare</strong></span> <span class='ocrx_word' id='word_1_366' title='bbox 997 3692 1045 3753; x_wconf 85' lang='lat' dir='ltr'><strong>vel</strong></span> <span class='ocrx_word' id='word_1_367' title='bbox 1066 3711 1200 3756; x_wconf 85' lang='lat' dir='ltr'><strong>resecare</strong></span> <span class='ocrx_word' id='word_1_368' title='bbox 1222 3692 1367 3755; x_wconf 83' lang='lat' dir='ltr'><strong>uidcdtur.</strong></span> 
     </span>
    </p>

    <p class='ocr_par' dir='ltr' id='par_1_8' title="bbox 343 3779 1708 4908">
     <span class='ocr_line' id='line_1_36' title="bbox 440 3779 1708 3859; baseline -0.002 -20"><span class='ocrx_word' id='word_1_369' title='bbox 440 3779 511 3839; x_wconf 88' lang='lat' dir='ltr'><strong>Hoc</strong></span> <span class='ocrx_word' id='word_1_370' title='bbox 533 3783 589 3841; x_wconf 85' lang='lat' dir='ltr'><strong>etsi</strong></span> <span class='ocrx_word' id='word_1_371' title='bbox 611 3783 655 3841; x_wconf 90' lang='lat' dir='ltr'><strong>sie</strong></span> <span class='ocrx_word' id='word_1_372' title='bbox 676 3790 721 3842; x_wconf 90' lang='lat' dir='ltr'><strong>est</strong></span> <span class='ocrx_word' id='word_1_373' title='bbox 743 3791 944 3859; x_wconf 85' lang='lat' dir='ltr'><strong>comparatum</strong></span> <span class='ocrx_word' id='word_1_374' title='bbox 972 3798 1066 3857; x_wconf 84' lang='lat' dir='ltr'><strong>exque</strong></span> <span class='ocrx_word' id='word_1_375' title='bbox 1088 3784 1274 3857; x_wconf 80' lang='lat' dir='ltr'><strong>geometricis</strong></span> <span class='ocrx_word' id='word_1_376' title='bbox 1303 3787 1332 3840; x_wconf 93' lang='lat' dir='ltr'><strong>et</strong></span> <span class='ocrx_word' id='word_1_377' title='bbox 1360 3781 1562 3841; x_wconf 89' lang='lat' dir='ltr'><strong>astronomicis</strong></span> <span class='ocrx_word' id='word_1_378' title='bbox 1584 3781 1708 3839; x_wconf 90' lang='lat' dir='ltr'><strong>rationi-</strong></span> 
     </span>
     <span class='ocr_line' id='line_1_37' title="bbox 347 3867 1706 3946; baseline -0.001 -17"><span class='ocrx_word' id='word_1_379' title='bbox 347 3870 407 3929; x_wconf 88' lang='lat' dir='ltr'><strong>bus</strong></span> <span class='ocrx_word' id='word_1_380' title='bbox 431 3870 545 3943; x_wconf 89' lang='lat' dir='ltr'><strong>optime</strong></span> <span class='ocrx_word' id='word_1_381' title='bbox 555 3876 788 3944; x_wconf 88' lang='lat' dir='ltr'><strong>pronunciatum,</strong></span> <span class='ocrx_word' id='word_1_382' title='bbox 813 3869 1034 3946; x_wconf 84' lang='lat' dir='ltr'><strong>diligentissime</strong></span> <span class='ocrx_word' id='word_1_383' title='bbox 1052 3876 1149 3928; x_wconf 91' lang='lat' dir='ltr'><strong>tamen</strong></span> <span class='ocrx_word' id='word_1_384' title='bbox 1166 3886 1270 3930; x_wconf 87' lang='lat' dir='ltr'><strong>cavere</strong></span> <span class='ocrx_word' id='word_1_385' title='bbox 1286 3867 1373 3929; x_wconf 88' lang='lat' dir='ltr'><strong>debet</strong></span> <span class='ocrx_word' id='word_1_386' title='bbox 1395 3867 1486 3928; x_wconf 86' lang='lat' dir='ltr'><strong>lector</strong></span> <span class='ocrx_word' id='word_1_387' title='bbox 1505 3867 1706 3945; x_wconf 87' lang='lat' dir='ltr'><strong>philosophus,</strong></span> 
     </span>
     <span class='ocr_line' id='line_1_38' title="bbox 345 3950 1706 4036; baseline -0.003 -19"><span class='ocrx_word' id='word_1_388' title='bbox 345 3975 386 4017; x_wconf 87' lang='lat' dir='ltr'><strong>ne</strong></span> <span class='ocrx_word' id='word_1_389' title='bbox 409 3958 513 4015; x_wconf 91' lang='lat' dir='ltr'><strong>animo</strong></span> <span class='ocrx_word' id='word_1_390' title='bbox 534 3967 712 4032; x_wconf 89' lang='lat' dir='ltr'><strong>praesumat,</strong></span> <span class='ocrx_word' id='word_1_391' title='bbox 734 3958 916 4017; x_wconf 77' lang='lat' dir='ltr'><strong>banconiam</strong></span> <span class='ocrx_word' id='word_1_392' title='bbox 940 3956 1016 4015; x_wconf 90' lang='lat' dir='ltr'><strong>hane</strong></span> <span class='ocrx_word' id='word_1_393' title='bbox 1037 3955 1117 4031; x_wconf 90' lang='lat' dir='ltr'><strong>(libri</strong></span> <span class='ocrx_word' id='word_1_394' title='bbox 1143 3954 1260 4031; x_wconf 90' lang='lat' dir='ltr'><strong>quidem</strong></span> <span class='ocrx_word' id='word_1_395' title='bbox 1276 3957 1372 4031; x_wconf 89' lang='lat' dir='ltr'><strong>quarti</strong></span> <span class='ocrx_word' id='word_1_396' title='bbox 1388 3950 1555 4036; x_wconf 85' lang='lat' dir='ltr'><strong>materiam)</strong></span> <span class='ocrx_word' id='word_1_397' title='bbox 1580 3957 1609 4012; x_wconf 91' lang='lat' dir='ltr'><strong>in</strong></span> <span class='ocrx_word' id='word_1_398' title='bbox 1625 3952 1706 4013; x_wconf 88' lang='lat' dir='ltr'><strong>coelo</strong></span> 
     </span>
     <span class='ocr_line' id='line_1_39' title="bbox 345 4041 1707 4122; baseline -0.004 -17"><span class='ocrx_word' id='word_1_399' title='bbox 345 4048 417 4122; x_wconf 89' lang='lat' dir='ltr'><strong>ipso</strong></span> <span class='ocrx_word' id='word_1_400' title='bbox 446 4045 539 4119; x_wconf 86' lang='lat' dir='ltr'><strong>inque</strong></span> <span class='ocrx_word' id='word_1_401' title='bbox 566 4042 687 4105; x_wconf 83' lang='lat' dir='ltr'><strong>andiaco</strong></span> <span class='ocrx_word' id='word_1_402' title='bbox 711 4046 833 4118; x_wconf 88' lang='lat' dir='ltr'><strong>circulo,</strong></span> <span class='ocrx_word' id='word_1_403' title='bbox 864 4053 919 4105; x_wconf 89' lang='lat' dir='ltr'><strong>aut</strong></span> <span class='ocrx_word' id='word_1_404' title='bbox 946 4045 1035 4103; x_wconf 87' lang='lat' dir='ltr'><strong>etiam</strong></span> <span class='ocrx_word' id='word_1_405' title='bbox 1058 4044 1090 4100; x_wconf 93' lang='lat' dir='ltr'><strong>in</strong></span> <span class='ocrx_word' id='word_1_406' title='bbox 1110 4042 1238 4119; x_wconf 88' lang='lat' dir='ltr'><strong>placetis</strong></span> <span class='ocrx_word' id='word_1_407' title='bbox 1264 4046 1368 4103; x_wconf 89' lang='lat' dir='ltr'><strong>inesse.</strong></span> <span class='ocrx_word' id='word_1_408' title='bbox 1414 4041 1534 4100; x_wconf 88' lang='lat' dir='ltr'><strong>Minime</strong></span> <span class='ocrx_word' id='word_1_409' title='bbox 1557 4044 1707 4117; x_wconf 77' lang='lat' dir='ltr'><strong>gentium3</strong></span> 
     </span>
     <span class='ocr_line' id='line_1_40' title="bbox 345 4128 1706 4209; baseline -0.001 -18"><span class='ocrx_word' id='word_1_410' title='bbox 345 4134 429 4193; x_wconf 85' lang='lat' dir='ltr'><strong>inest</strong></span> <span class='ocrx_word' id='word_1_411' title='bbox 452 4132 531 4190; x_wconf 89' lang='lat' dir='ltr'><strong>enim</strong></span> <span class='ocrx_word' id='word_1_412' title='bbox 552 4130 627 4191; x_wconf 88' lang='lat' dir='ltr'><strong>haee</strong></span> <span class='ocrx_word' id='word_1_413' title='bbox 648 4132 803 4193; x_wconf 86' lang='lat' dir='ltr'><strong>harmonia</strong></span> <span class='ocrx_word' id='word_1_414' title='bbox 823 4131 938 4194; x_wconf 76' lang='lat' dir='ltr'><strong>zodiaci</strong></span> <span class='ocrx_word' id='word_1_415' title='bbox 960 4132 1093 4207; x_wconf 89' lang='lat' dir='ltr'><strong>partibus</strong></span> <span class='ocrx_word' id='word_1_416' title='bbox 1114 4146 1173 4190; x_wconf 90' lang='lat' dir='ltr'><strong>oon</strong></span> <span class='ocrx_word' id='word_1_417' title='bbox 1195 4140 1314 4209; x_wconf 89' lang='lat' dir='ltr'><strong>propter</strong></span> <span class='ocrx_word' id='word_1_418' title='bbox 1328 4147 1360 4189; x_wconf 88' lang='lat' dir='ltr'><strong>as</strong></span> <span class='ocrx_word' id='word_1_419' title='bbox 1375 4131 1465 4206; x_wconf 89' lang='lat' dir='ltr'><strong>ipsas,</strong></span> <span class='ocrx_word' id='word_1_420' title='bbox 1489 4128 1706 4205; x_wconf 84' lang='lat' dir='ltr'><strong>complanatae</strong></span> 
     </span>
     <span class='ocr_line' id='line_1_41' title="bbox 344 4216 1706 4296; baseline -0.004 -15"><span class='ocrx_word' id='word_1_421' title='bbox 344 4220 505 4281; x_wconf 85' lang='lat' dir='ltr'><strong>radiantes</strong></span> <span class='ocrx_word' id='word_1_422' title='bbox 536 4221 677 4279; x_wconf 87' lang='lat' dir='ltr'><strong>immenso</strong></span> <span class='ocrx_word' id='word_1_423' title='bbox 700 4220 856 4280; x_wconf 83' lang='lat' dir='ltr'><strong>interuallo</strong></span> <span class='ocrx_word' id='word_1_424' title='bbox 874 4220 1048 4279; x_wconf 84' lang='lat' dir='ltr'><strong>&#39;consistant</strong></span> <span class='ocrx_word' id='word_1_425' title='bbox 1073 4216 1149 4275; x_wconf 86' lang='lat' dir='ltr'><strong>inira</strong></span> <span class='ocrx_word' id='word_1_426' title='bbox 1176 4217 1254 4278; x_wconf 92' lang='lat' dir='ltr'><strong>hunc</strong></span> <span class='ocrx_word' id='word_1_427' title='bbox 1277 4216 1431 4288; x_wconf 91' lang='lat' dir='ltr'><strong>circulum,</strong></span> <span class='ocrx_word' id='word_1_428' title='bbox 1461 4217 1515 4276; x_wconf 90' lang='lat' dir='ltr'><strong>scd</strong></span> <span class='ocrx_word' id='word_1_429' title='bbox 1544 4223 1706 4296; x_wconf 89' lang='lat' dir='ltr'><strong>propterea,</strong></span> 
     </span>
     <span class='ocr_line' id='line_1_42' title="bbox 345 4304 1707 4385; baseline -0.004 -18"><span class='ocrx_word' id='word_1_430' title='bbox 345 4306 433 4385; x_wconf 86' lang='lat' dir='ltr'><strong>quod</strong></span> <span class='ocrx_word' id='word_1_431' title='bbox 465 4304 535 4365; x_wconf 88' lang='lat' dir='ltr'><strong>illae</strong></span> <span class='ocrx_word' id='word_1_432' title='bbox 557 4316 726 4367; x_wconf 88' lang='lat' dir='ltr'><strong>mensurant</strong></span> <span class='ocrx_word' id='word_1_433' title='bbox 754 4307 879 4383; x_wconf 73' lang='lat' dir='ltr'><strong>angulos</strong></span> <span class='ocrx_word' id='word_1_434' title='bbox 902 4305 1050 4373; x_wconf 82' lang='lat' dir='ltr'><strong>radiorum</strong></span> <span class='ocrx_word' id='word_1_435' title='bbox 1073 4306 1102 4361; x_wconf 94' lang='lat' dir='ltr'><strong>in</strong></span> <span class='ocrx_word' id='word_1_436' title='bbox 1126 4305 1218 4366; x_wconf 82' lang='lat' dir='ltr'><strong>Terre</strong></span> <span class='ocrx_word' id='word_1_437' title='bbox 1247 4307 1493 4377; x_wconf 88' lang='lat' dir='ltr'><strong>concurrentium,</strong></span> <span class='ocrx_word' id='word_1_438' title='bbox 1527 4305 1585 4363; x_wconf 91' lang='lat' dir='ltr'><strong>imo</strong></span> <span class='ocrx_word' id='word_1_439' title='bbox 1616 4319 1707 4379; x_wconf 92' lang='lat' dir='ltr'><strong>prop-</strong></span> 
     </span>
     <span class='ocr_line' id='line_1_43' title="bbox 344 4387 1707 4471; baseline -0.004 -17"><span class='ocrx_word' id='word_1_440' title='bbox 344 4406 442 4465; x_wconf 81' lang='lat' dir='ltr'><strong>terea,</strong></span> <span class='ocrx_word' id='word_1_441' title='bbox 469 4393 547 4470; x_wconf 89' lang='lat' dir='ltr'><strong>quod</strong></span> <span class='ocrx_word' id='word_1_442' title='bbox 568 4410 626 4454; x_wconf 85' lang='lat' dir='ltr'><strong>ocu</strong></span> <span class='ocrx_word' id='word_1_443' title='bbox 649 4397 731 4471; x_wconf 90' lang='lat' dir='ltr'><strong>ipsae</strong></span> <span class='ocrx_word' id='word_1_444' title='bbox 753 4404 823 4455; x_wconf 92' lang='lat' dir='ltr'><strong>actu</strong></span> <span class='ocrx_word' id='word_1_445' title='bbox 836 4401 1029 4465; x_wconf 85' lang='lat' dir='ltr'><strong>mensurant,</strong></span> <span class='ocrx_word' id='word_1_446' title='bbox 1059 4392 1112 4456; x_wconf 90' lang='lat' dir='ltr'><strong>sed</strong></span> <span class='ocrx_word' id='word_1_447' title='bbox 1135 4391 1252 4453; x_wconf 91' lang='lat' dir='ltr'><strong>illarum</strong></span> <span class='ocrx_word' id='word_1_448' title='bbox 1274 4392 1340 4453; x_wconf 90' lang='lat' dir='ltr'><strong>loen</strong></span> <span class='ocrx_word' id='word_1_449' title='bbox 1363 4394 1429 4451; x_wconf 92' lang='lat' dir='ltr'><strong>icon</strong></span> <span class='ocrx_word' id='word_1_450' title='bbox 1453 4398 1572 4453; x_wconf 83' lang='lat' dir='ltr'><strong>exactus</strong></span> <span class='ocrx_word' id='word_1_451' title='bbox 1595 4387 1707 4449; x_wconf 82' lang='lat' dir='ltr'><strong>zodiaci</strong></span> 
     </span>
     <span class='ocr_line' id='line_1_44' title="bbox 345 4474 1707 4554; baseline -0.007 -10"><span class='ocrx_word' id='word_1_452' title='bbox 345 4482 494 4544; x_wconf 76' lang='lat' dir='ltr'><strong>undastis</strong></span> <span class='ocrx_word' id='word_1_453' title='bbox 515 4482 545 4540; x_wconf 91' lang='lat' dir='ltr'><strong>in</strong></span> <span class='ocrx_word' id='word_1_454' title='bbox 567 4483 667 4543; x_wconf 86' lang='lat' dir='ltr'><strong>anima</strong></span> <span class='ocrx_word' id='word_1_455' title='bbox 687 4483 838 4543; x_wconf 89' lang='lat' dir='ltr'><strong>sublunari</strong></span> <span class='ocrx_word' id='word_1_456' title='bbox 861 4483 919 4543; x_wconf 89' lang='lat' dir='ltr'><strong>hoe</strong></span> <span class='ocrx_word' id='word_1_457' title='bbox 939 4480 1127 4540; x_wconf 88' lang='lat' dir='ltr'><strong>mensurandi</strong></span> <span class='ocrx_word' id='word_1_458' title='bbox 1151 4480 1278 4541; x_wconf 84' lang='lat' dir='ltr'><strong>cilicium</strong></span> <span class='ocrx_word' id='word_1_459' title='bbox 1300 4480 1396 4552; x_wconf 88' lang='lat' dir='ltr'><strong>subit;</strong></span> <span class='ocrx_word' id='word_1_460' title='bbox 1426 4480 1502 4537; x_wconf 85' lang='lat' dir='ltr'><strong>inest</strong></span> <span class='ocrx_word' id='word_1_461' title='bbox 1528 4474 1617 4535; x_wconf 90' lang='lat' dir='ltr'><strong>radiis</strong></span> <span class='ocrx_word' id='word_1_462' title='bbox 1639 4474 1707 4554; x_wconf 88' lang='lat' dir='ltr'><strong>pla-</strong></span> 
     </span>
     <span class='ocr_line' id='line_1_45' title="bbox 343 4563 1707 4646; baseline -0.007 -14"><span class='ocrx_word' id='word_1_463' title='bbox 343 4578 489 4632; x_wconf 84' lang='lat' dir='ltr'><strong>netarum</strong></span> <span class='ocrx_word' id='word_1_464' title='bbox 511 4584 571 4641; x_wconf 80' lang='lat' dir='ltr'><strong>uon</strong></span> <span class='ocrx_word' id='word_1_465' title='bbox 591 4576 738 4645; x_wconf 82' lang='lat' dir='ltr'><strong>quatenus</strong></span> <span class='ocrx_word' id='word_1_466' title='bbox 759 4573 782 4627; x_wconf 92' lang='lat' dir='ltr'><strong>ii</strong></span> <span class='ocrx_word' id='word_1_467' title='bbox 803 4569 911 4646; x_wconf 79' lang='lat' dir='ltr'><strong>singuli</strong></span> <span class='ocrx_word' id='word_1_468' title='bbox 936 4567 983 4629; x_wconf 86' lang='lat' dir='ltr'><strong>vel</strong></span> <span class='ocrx_word' id='word_1_469' title='bbox 1005 4585 1025 4627; x_wconf 91' lang='lat' dir='ltr'><strong>a</strong></span> <span class='ocrx_word' id='word_1_470' title='bbox 1044 4566 1166 4644; x_wconf 87' lang='lat' dir='ltr'><strong>planeta</strong></span> <span class='ocrx_word' id='word_1_471' title='bbox 1189 4566 1369 4627; x_wconf 86' lang='lat' dir='ltr'><strong>descendunt</strong></span> <span class='ocrx_word' id='word_1_472' title='bbox 1388 4582 1453 4638; x_wconf 91' lang='lat' dir='ltr'><strong>sno,</strong></span> <span class='ocrx_word' id='word_1_473' title='bbox 1478 4563 1525 4625; x_wconf 84' lang='lat' dir='ltr'><strong>rel</strong></span> <span class='ocrx_word' id='word_1_474' title='bbox 1541 4564 1617 4623; x_wconf 90' lang='lat' dir='ltr'><strong>lucis</strong></span> <span class='ocrx_word' id='word_1_475' title='bbox 1639 4572 1707 4623; x_wconf 88' lang='lat' dir='ltr'><strong>sunt</strong></span> 
     </span>
     <span class='ocr_line' id='line_1_46' title="bbox 344 4650 1707 4737; baseline -0.007 -18"><span class='ocrx_word' id='word_1_476' title='bbox 344 4657 476 4719; x_wconf 84' lang='lat' dir='ltr'><strong>soboles</strong></span> <span class='ocrx_word' id='word_1_477' title='bbox 495 4654 564 4735; x_wconf 87' lang='lat' dir='ltr'><strong>(etsi</strong></span> <span class='ocrx_word' id='word_1_478' title='bbox 584 4674 643 4717; x_wconf 90' lang='lat' dir='ltr'><strong>non</strong></span> <span class='ocrx_word' id='word_1_479' title='bbox 666 4658 730 4717; x_wconf 89' lang='lat' dir='ltr'><strong>sine</strong></span> <span class='ocrx_word' id='word_1_480' title='bbox 751 4658 834 4737; x_wconf 84' lang='lat' dir='ltr'><strong>boe),</strong></span> <span class='ocrx_word' id='word_1_481' title='bbox 858 4656 911 4717; x_wconf 90' lang='lat' dir='ltr'><strong>sed</strong></span> <span class='ocrx_word' id='word_1_482' title='bbox 933 4664 1079 4731; x_wconf 88' lang='lat' dir='ltr'><strong>qnatenus</strong></span> <span class='ocrx_word' id='word_1_483' title='bbox 1100 4654 1236 4715; x_wconf 90' lang='lat' dir='ltr'><strong>binorum</strong></span> <span class='ocrx_word' id='word_1_484' title='bbox 1256 4654 1439 4731; x_wconf 85' lang='lat' dir='ltr'><strong>planetarum</strong></span> <span class='ocrx_word' id='word_1_485' title='bbox 1462 4650 1521 4709; x_wconf 92' lang='lat' dir='ltr'><strong>hini</strong></span> <span class='ocrx_word' id='word_1_486' title='bbox 1540 4651 1637 4726; x_wconf 89' lang='lat' dir='ltr'><strong>juncti</strong></span> <span class='ocrx_word' id='word_1_487' title='bbox 1659 4651 1707 4711; x_wconf 90' lang='lat' dir='ltr'><strong>hic</strong></span> 
     </span>
     <span class='ocr_line' id='line_1_47' title="bbox 344 4734 1705 4821; baseline -0.004 -16"><span class='ocrx_word' id='word_1_488' title='bbox 344 4749 376 4805; x_wconf 89' lang='lat' dir='ltr'><strong>in</strong></span> <span class='ocrx_word' id='word_1_489' title='bbox 411 4744 515 4805; x_wconf 79' lang='lat' dir='ltr'><strong>Terris</strong></span> <span class='ocrx_word' id='word_1_490' title='bbox 544 4752 655 4803; x_wconf 87' lang='lat' dir='ltr'><strong>eertum</strong></span> <span class='ocrx_word' id='word_1_491' title='bbox 683 4744 811 4821; x_wconf 89' lang='lat' dir='ltr'><strong>aliquem</strong></span> <span class='ocrx_word' id='word_1_492' title='bbox 842 4744 1041 4805; x_wconf 90' lang='lat' dir='ltr'><strong>harmonicum</strong></span> <span class='ocrx_word' id='word_1_493' title='bbox 1071 4741 1196 4801; x_wconf 81' lang='lat' dir='ltr'><strong>formant</strong></span> <span class='ocrx_word' id='word_1_494' title='bbox 1224 4739 1372 4816; x_wconf 79' lang='lat' dir='ltr'><strong>angulum.</strong></span> <span class='ocrx_word' id='word_1_495' title='bbox 1428 4734 1559 4814; x_wconf 90' lang='lat' dir='ltr'><strong>Utroque</strong></span> <span class='ocrx_word' id='word_1_496' title='bbox 1587 4741 1705 4800; x_wconf 89' lang='lat' dir='ltr'><strong>nomine</strong></span> 
     </span>
     <span class='ocr_line' id='line_1_48' title="bbox 344 4824 1706 4908; baseline -0.006 -14"><span class='ocrx_word' id='word_1_497' title='bbox 344 4834 503 4893; x_wconf 84' lang='lat' dir='ltr'><strong>Terreatre</strong></span> <span class='ocrx_word' id='word_1_498' title='bbox 525 4840 570 4891; x_wconf 88' lang='lat' dir='ltr'><strong>est</strong></span> <span class='ocrx_word' id='word_1_499' title='bbox 591 4831 648 4891; x_wconf 90' lang='lat' dir='ltr'><strong>hoe</strong></span> <span class='ocrx_word' id='word_1_500' title='bbox 670 4832 839 4893; x_wconf 91' lang='lat' dir='ltr'><strong>harmoniae</strong></span> <span class='ocrx_word' id='word_1_501' title='bbox 861 4832 1027 4906; x_wconf 86' lang='lat' dir='ltr'><strong>subjectum</strong></span> <span class='ocrx_word' id='word_1_502' title='bbox 1050 4824 1226 4908; x_wconf 79' lang='lat' dir='ltr'><strong>(formaliter</strong></span> <span class='ocrx_word' id='word_1_503' title='bbox 1254 4837 1284 4887; x_wconf 91' lang='lat' dir='ltr'><strong>et</strong></span> <span class='ocrx_word' id='word_1_504' title='bbox 1315 4828 1345 4885; x_wconf 88' lang='lat' dir='ltr'><strong>in</strong></span> <span class='ocrx_word' id='word_1_505' title='bbox 1368 4834 1509 4901; x_wconf 89' lang='lat' dir='ltr'><strong>qnantum</strong></span> <span class='ocrx_word' id='word_1_506' title='bbox 1537 4824 1610 4885; x_wconf 88' lang='lat' dir='ltr'><strong>radii</strong></span> <span class='ocrx_word' id='word_1_507' title='bbox 1633 4824 1706 4885; x_wconf 88' lang='lat' dir='ltr'><strong>fiunt</strong></span> 
     </span>
    </p>
   </div>
   <div class='ocr_carea' id='block_1_7' title="bbox 343 4912 1706 5084">
    <p class='ocr_par' dir='ltr' id='par_1_9' title="bbox 343 4912 1706 5084">
     <span class='ocr_line' id='line_1_49' title="bbox 345 4912 1705 5001; baseline -0.007 -20"><span class='ocrx_word' id='word_1_508' title='bbox 345 4920 470 4981; x_wconf 86' lang='lat' dir='ltr'><strong>termini</strong></span> <span class='ocrx_word' id='word_1_509' title='bbox 492 4921 688 4995; x_wconf 85' lang='lat' dir='ltr'><strong>proportionis</strong></span> <span class='ocrx_word' id='word_1_510' title='bbox 711 4914 925 5001; x_wconf 76' lang='lat' dir='ltr'><strong>harmonicae),</strong></span> <span class='ocrx_word' id='word_1_511' title='bbox 947 4918 1066 4977; x_wconf 90' lang='lat' dir='ltr'><strong>minime</strong></span> <span class='ocrx_word' id='word_1_512' title='bbox 1090 4931 1159 4975; x_wconf 85' lang='lat' dir='ltr'><strong>vero</strong></span> <span class='ocrx_word' id='word_1_513' title='bbox 1182 4912 1328 4989; x_wconf 87' lang='lat' dir='ltr'><strong>coeleste,</strong></span> <span class='ocrx_word' id='word_1_514' title='bbox 1352 4914 1408 4971; x_wconf 84' lang='lat' dir='ltr'><strong>nisi</strong></span> <span class='ocrx_word' id='word_1_515' title='bbox 1431 4921 1545 4973; x_wconf 87' lang='lat' dir='ltr'><strong>tuntum</strong></span> <span class='ocrx_word' id='word_1_516' title='bbox 1567 4915 1705 4973; x_wconf 90' lang='lat' dir='ltr'><strong>materia-</strong></span> 
     </span>
     <span class='ocr_line' id='line_1_50' title="bbox 343 4998 1706 5084; baseline -0.007 -15"><span class='ocrx_word' id='word_1_517' title='bbox 343 5009 417 5069; x_wconf 88' lang='lat' dir='ltr'><strong>liter</strong></span> <span class='ocrx_word' id='word_1_518' title='bbox 450 5015 481 5067; x_wconf 88' lang='lat' dir='ltr'><strong>et</strong></span> <span class='ocrx_word' id='word_1_519' title='bbox 503 4998 637 5082; x_wconf 87' lang='lat' dir='ltr'><strong>respectu</strong></span> <span class='ocrx_word' id='word_1_520' title='bbox 668 5009 715 5066; x_wconf 92' lang='lat' dir='ltr'><strong>sui</strong></span> <span class='ocrx_word' id='word_1_521' title='bbox 744 5024 802 5067; x_wconf 82' lang='lat' dir='ltr'><strong>erre</strong></span> <span class='ocrx_word' id='word_1_522' title='bbox 823 5007 946 5084; x_wconf 89' lang='lat' dir='ltr'><strong>proprii,</strong></span> <span class='ocrx_word' id='word_1_523' title='bbox 975 5004 1038 5063; x_wconf 86' lang='lat' dir='ltr'><strong>sine</strong></span> <span class='ocrx_word' id='word_1_524' title='bbox 1066 5000 1299 5062; x_wconf 88' lang='lat' dir='ltr'><strong>consideratione</strong></span> <span class='ocrx_word' id='word_1_525' title='bbox 1329 5000 1563 5072; x_wconf 84' lang='lat' dir='ltr'><strong>harmoniarum,</strong></span> <span class='ocrx_word' id='word_1_526' title='bbox 1593 5000 1706 5061; x_wconf 87' lang='lat' dir='ltr'><strong>seilicet</strong></span> 
     </span>
    </p>
   </div>
   <div class='ocr_carea' id='block_1_8' title="bbox 344 5086 1704 5177">
    <p class='ocr_par' dir='ltr' id='par_1_10' title="bbox 344 5086 1704 5177">
     <span class='ocr_line' id='line_1_51' title="bbox 344 5086 1704 5177; baseline -0.007 -18"><span class='ocrx_word' id='word_1_527' title='bbox 344 5103 501 5175; x_wconf 73' lang='lat' dir='ltr'><strong>quatenus</strong></span> <span class='ocrx_word' id='word_1_528' title='bbox 523 5094 649 5175; x_wconf 76' lang='lat' dir='ltr'><strong>angulos</strong></span> <span class='ocrx_word' id='word_1_529' title='bbox 671 5097 702 5153; x_wconf 94' lang='lat' dir='ltr'><strong>in</strong></span> <span class='ocrx_word' id='word_1_530' title='bbox 723 5094 816 5157; x_wconf 80' lang='lat' dir='ltr'><strong>&#39;l&#39;erra</strong></span> <span class='ocrx_word' id='word_1_531' title='bbox 837 5094 946 5169; x_wconf 85' lang='lat' dir='ltr'><strong>iactos,</strong></span> <span class='ocrx_word' id='word_1_532' title='bbox 968 5089 1119 5175; x_wconf 86' lang='lat' dir='ltr'><strong>proprium</strong></span> <span class='ocrx_word' id='word_1_533' title='bbox 1142 5087 1204 5159; x_wconf 83' lang='lat' dir='ltr'><strong>scil.</strong></span> <span class='ocrx_word' id='word_1_534' title='bbox 1229 5088 1317 5177; x_wconf 79' lang='lat' dir='ltr'><strong>hujus</strong></span> <span class='ocrx_word' id='word_1_535' title='bbox 1339 5088 1509 5151; x_wconf 86' lang='lat' dir='ltr'><strong>harmoniae</strong></span> <span class='ocrx_word' id='word_1_536' title='bbox 1530 5086 1704 5177; x_wconf 73' lang='lat' dir='ltr'><strong>subJeetnm,</strong></span> 
     </span>
    </p>
   </div>
   <div class='ocr_carea' id='block_1_9' title="bbox 0 0 2238 6192">
    <p class='ocr_par' dir='ltr' id='par_1_11' title="bbox 0 0 2238 6192">
     <span class='ocr_line' id='line_1_52' title="bbox 0 0 2238 6192; baseline 0 3"><span class='ocrx_word' id='word_1_537' title='bbox 0 0 2238 6192; x_wconf 95' lang='lat' dir='ltr'><strong> </strong></span> 
     </span>
    </p>
   </div>
  </div>
 </body>
</html>
