4467 6192
530 735 590 798 tlt
1061 721 1345 808 DaPsoportionibus
1389 740 1394 746 “

526 910 657 970 lontibus
680 911 750 970 erui.
796 902 891 985 Legat
912 907 1170 982 curiosus³lector,
1200 926 1275 985 quae
1299 908 1334 968 dc
1352 909 1402 984 ‚his
1425 905 1605 967 sectionibus
1628 914 1814 976 ante,annos
1836 907 1874 978 li

527 1000 628 1074 scripsi
651 1000 680 1054 iu
702 997 844 1073 Mysterio
867 992 1114 1072 Gosmographico
1147 999 1243 1073 capite
1264 995 1337 1054 XII.
1360 1003 1390 1055 et
1411 995 1580 1072 perpendat,
1604 993 1751 1071 qrromodo
1774 993 1876 1051 inerim

526 1083 577 1144 illo
599 1085 665 1144 loco
689 1084 884 1143 hallucinatus
906 1099 993 1160 super
1015 1086 1111 1154 causis
1134 1087 1296 1143 sectionum
1318 1091 1347 1142 et
1369 1084 1598 1156 harmoniarum,
1621 1095 1772 1158 perperam
1796 1079 1878 1137 nisus

530 1189 631 1231 samm
654 1188 803 1256 numerum
826 1179 854 1229 et
876 1173 1003 1230 rationes
1026 1169 1170 1232 deducere
1192 1188 1229 1230 ex
1250 1187 1371 1230 numero
1386 1173 1513 1246 quinque
1535 1185 1686 1250 corporum
1701 1165 1879 1244 regularium

530 1259 704 1333 solidorum·
729 1248 794 1318 cum
816 1274 919 1318 verum
941 1261 980 1317 sit
1002 1256 1058 1317 hoc
1080 1260 1188 1336 potius,
1211 1265 1281 1317 tam
1287 1261 1415 1334 quinque
1430 1257 1538 1334 figuras
1553 1256 1673 1330 solidas,
1698 1265 1787 1332 quam
1810 1253 1879 1312 liar-

529 1349 643 1406 monias
665 1348 792 1414 musicas
822 1352 851 1403 et
879 1345 1003 1404 chordae
1027 1349 1171 1425 seodpnes
1198 1362 1381 1404 communem
1411 1345 1518 1405 habere
1544 1347 1683 1422 originem
1713 1359 1748 1401 ex
1776 1341 1880 1417 liguris

525 1432 835 1510 reperiaribusplenis.
880 1431 918 1489 Et
942 1410 1244 1509 Ptolemaei-qurum
1275 1436 1386 1492 inusica
1414 1450 1479 1492 cnm
1506 1434 1689 1510 expositione
1712 1428 1879 1508 Porphyrii,

528 1537 650 1597 quornm
683 1520 763 1585 loco,
778 1518 906 1592 allegato
938 1522 1113 1579 mentionem
1143 1520 1213 1591 ieci,
1246 1519 1386 1579 hacteuus
1405 1522 1608 1595 manuscripta
1629 1511 1732 1578 nactus
1754 1533 1822 1574 sum
1846 1533 1881 1576 ex

526 1608 701 1671 liberalitate
730 1605 780 1666 Jo.
813 1604 933 1683 Georgii
965 1606 1119 1666 Herwnrdi
1150 1607 1323 1668 Cancellarii
1347 1609 1482 1666 Bavarici
1502 1611 1527 1678 (v
1544 1627 1564 1664 s.
1577 1627 1600 1675 p.
1611 1609 1656 1679 6.),
1690 1621 1725 1664 ex
1755 1617 1881 1679 quornm

529 1695 604 1770 libro
628 1698 714 1754 tertio
736 1698 849 1770 partem
871 1692 1013 1771 potiorem
1037 1697 1065 1751 in
1090 1689 1342 1771 appendicemad
1365 1695 1455 1754 libros
1478 1693 1531 1752 IV.
1556 1701 1585 1752 ct
1607 1693 1655 1752 V..
1670 1692 1757 1767 hujus
1781 1692 1881 1766 operis

527 1782 681 1857 transtuli3
711 1796 908 1841 consecrem
940 1780 1155 1841 harmoniarum
1179 1784 1322 1857 genuinae
1352 1784 1439 1840 iniis
1467 1797 1525 1840 non
1553 1783 1652 1840 inveni
1685 1779 1821 1853 adeoque
1845 1794 1881 1835 ne

529 1873 691 1940 sectionum
715 1868 831 1945 quidem
853 1867 957 1927 harum
980 1872 1150 1945 numerique
1174 1887 1273 1927 carum
1295 1871 1452 1944 septenarii
1475 1868 1537 1926 ulla
1560 1867 1592 1926 iit
1609 1869 1734 1927 'mentiol
1840 1886 1848 1900 ·

583 1997 588 2006 ·
613 1956 676 2016 Etsi
699 1973 769 2016 vero
792 1963 904 2040 mature
927 1959 998 2015 satis
1022 1956 1229 2029 animadverti,
1256 1974 1360 2016 causas
1383 1976 1402 2017 a
1423 1956 1523 2031 figuris
1545 1954 1642 2033 planis
1664 1951 1824 2036 petendas,
1849 1959 1882 2009 ut

526 2045 610 2119 cnjus
633 2045 674 2104 rei
696 2046 809 2107 semina
826 2044 890 2119 jam
912 2046 941 2100 in
964 2043 1093 2120 allegato
1116 2046 1211 2119 capite
1227 2042 1306 2102 ΧΗ.
1308 2043 1313 2052 ’
1330 2041 1463 2121 Mystcrii
1491 2060 1593 2119 sparsa
1616 2040 1715 2113 vides,
1746 2047 1883 2100 attamen

528 2133 578 2192 diu
605 2128 764 2190 admodum
791 2149 838 2189 me
867 2137 1027 2204 torserunt,
1058 2133 1228 2207 prinsquam
1259 2132 1393 2190 omnibns
1422 2133 1511 2190 animi
1540 2131 1597 2189 mei
1617 2127 1765 2206 scrupulis
1787 2128 1884 2186 satis·

530 2217 620 2278 fleret.
665 2218 793 2278 Primum
817 2219 894 2278 enim
910 2217 1027 2295 figurae
1043 2217 1285 2295 demonstrabiles
1308 2237 1327 2276 a
1349 2236 1407 2278 non
1429 2216 1704 2277 demonstrabilibus
1726 2221 1811 2276 erant
1835 2223 1885 2272 se-

529 2297 687 2383 parandae,
711 2312 816 2382 postea
839 2322 928 2366 causa
949 2285 1145 2381 invenienda,
1168 2322 1232 2380 cur,
1255 2323 1321 2365 cum
1344 2309 1487 2366 sectiones
1509 2307 1566 2366 bae
1590 2310 1687 2364 essent
1710 2291 1746 2362 ex
1767 2301 1884 2399 liguris,

527 2394 673 2458 sectiones
695 2392 813 2466 quidem
834 2394 910 2452 iutra
931 2396 1126 2479 septenarium
1150 2395 1356 2468 consisterent,
1387 2393 1527 2470 figurae
1519 2410 1549 2450 ιιι
1572 2391 1720 2450 infinitum·
1740 2387 1885 2450 excurre·

527 2485 601 2538 rent
645 2479 745 2538 Tertio
769 2477 922 2539 discrimen
945 2483 1021 2541 inter
1035 2479 1362 2556 pentelr'aedeccgonum
1381 2489 1410 2540 et
1426 2477 1668 2552 demonstrabiles
1684 2477 1798 2538 ceteras
1823 2482 1890 2536 erat

527 2565 724 2635 statuendum,
748 2569 818 2642 quia
841 2566 913 2642 vidi,
935 2567 1058 2644 figuram
1080 2568 1161 2626 illam
1186 2567 1334 2628 exclusam
1358 2585 1422 2628 esse
1444 2568 1482 2627 ab
1505 2567 1721 2628 harmoniarum
1741 2577 1889 2641 procrea·

527 2655 617 2723 ιιιιιιι,
646 2660 726 2740 teste
749 2653 861 2714 auditu
905 2653 944 2714 Et
973 2655 1141 2716 habebant
1154 2655 1270 2734 singula
1299 2655 1397 2748 capita
1426 2672 1495 2715 suas
1518 2657 1668 2714 cautiones
1692 2653 1887 2734 concisiores,

528 2748 661 2818 quarum
670 2735 732 2804 nna
754 2740 904 2818 quaelibet
924 2759 971 2800 me
995 2741 1043 2800 din
1068 2743 1162 2802 tenuit
1185 2737 1368 2819 oc'cupatnm.
1414 2740 1555 2819 Exemplo
1581 2744 1626 2804 art
1634 2756 1724 2818 prop
1729 2739 1768 2818 ι,
1793 2753 1891 2816 quarn

531 2828 633 2888 ultimo
655 2830 811 2906 omnium,
834 2845 900 2890 cum
918 2829 982 2905 jam
1005 2829 1198 2904 describerem
1218 2844 1310 2934 opus,
1342 2829 1402 2888 vidi
1425 2828 1606 2908 addendam,
1630 2825 1714 2910 qnod
1737 2823 1891 2890 hactenns

528 2917 740 2998 ignoraveram.
775 2915 849 2976 Nisi
880 2917 957 2979 enirn
980 2924 1010 2976 et
1036 2917 1087 2977 illa
1109 2918 1183 2976 inter
1213 2919 1356 2994 principia
1379 2924 1472 2991 essct,
1506 2924 1535 2978 et
1556 2919 1582 2976 si
1606 2911 1700 2978 verbi
1710 2930 1803 2986 musa
1831 2909 1890 2996 l„

527 3012 684 3080 propterca
712 3014 810 3064 essem
839 3011 927 3080 aptae
956 3003 996 3063 ad
1016 3004 1203 3064 statuendam
1232 3001 1428 3079 harmoniam,
1459 3007 1528 3080 quia
1551 3011 1620 3064 sunt
1640 3019 1705 3079 par
1713 2997 1774 3082 ³!,0
1796 2996 1889 3082 (cum

531 3093 641 3180 quibus
661 3091 876 3154 semicirculum
898 3087 1024 3172 iaciunt)
1046 3091 1306 3165 demonstrabiles,
1336 3100 1405 3152 tnnc
1434 3087 1828 3173 et⁷s10et⁵l7eoqacet
1853 3085 1892 3167 ιι,

505 3192 509 3199 ’
528 3185 581 3237 et
574 3175 624 3260 Ἰ,
646 3176 813 3262 harmonias
835 3179 930 3240 tacere
953 3181 1203 3252 convincerentur,
1227 3177 1307 3254 quod
1322 3179 1469 3238 omnibns
1473 3178 1569 3238 modis
1581 3177 1738 3255 repudiant
1753 3183 1785 3235 et
1799 3191 1893 3234 aures

524 3271 561 3323 'ct
582 3253 733 3326 axiomata
745 3273 863 3325 mnostra
923 3285 926 3289 ’
1704 3289 1709 3301 ·

616 3351 711 3429 Igitur
732 3353 781 3412 vel
802 3352 868 3411 solo
890 3352 1019 3429 allegato
1041 3352 1108 3412 libri
1131 3355 1187 3413 mei
1202 3353 1335 3431 Mysterii
1357 3352 1598 3430 Cosmographici
1621 3349 1791 3412 testimonio
1815 3351 1893 3408 satis

534 3446 579 3497 ιιι
600 3441 728 3498 munitus
751 3437 871 3518 auditus
894 3447 996 3499 contra
1018 3441 1215 3517 sophistarum
1240 3441 1474 3524 obtrectationes,
1497 3440 1584 3499 fidem
1600 3439 1719 3498 auribus
1743 3435 1895 3514 derogare

441 3532 447 3550 ⁸
533 3543 664 3584 ausuros
680 3527 757 3599 circa
779 3525 947 3586 divisiones
960 3525 1036 3586 adeo
1058 3529 1185 3588 minutas
1209 3535 1238 3588 et
1260 3511 1499 3631 dijudicationem
1516 3523 1789 3606 concordantiamm
1813 3523 1895 3584 sub-

534 3612 715 3715 tilissimam3
738 3615 845 3692 quippe
869 3630 935 3674 cum
957 3613 1057 3678 videat
1078 3614 1184 3690 ιιιιοι,
1208 3633 1254 3675 mc
1276 3615 1364 3676 fidem
1386 3617 1499 3674 aurium
1522 3615 1574 3674 illo
1596 3595 1726 3690 ternpore
1749 3619 1894 3671 secutum

534 3717 599 3760 csse
622 3702 651 3757 in
675 3700 889 3766 constituendo
901 3703 1064 3768 sectionum
1086 3719 1215 3778 numero,
1240 3719 1304 3762 cum
1327 3702 1424 3765 adhuc
1447 3702 1482 3762 de
1505 3703 1601 3762 causis
1624 3700 1808 3776 laborarem,
1835 3717 1894 3762 rrec

520 3779 608 3849 ‘idem
631 3787 679 3852 hio
700 3787 818 3863 iecisse,
847 3789 926 3866 quod
949 3789 1042 3849 iecere
1073 3798 1204 3870 veteres,
1235 3793 1285 3866 qui
1313 3792 1425 3850 aurium
1449 3787 1561 3867 judicio
1586 3788 1736 3865 progressi
1766 3786 1896 3863 aliqua-

530 3882 624 3946 tenus,
646 3891 716 3936 mox
722 3876 889 3944 'contemtis
913 3875 1035 3936 ducibus
1057 3876 1203 3953 reliquum
1224 3879 1344 3951 itineris,
1367 3880 1509 3937 rationem
1524 3893 1673 3936 emensam
1689 3877 1794 3948 secuti,
1819 3891 1895 3950 per-

530 3961 662 4022 iecerunt
683 3962 803 4022 auribus
825 3965 856 4020 vi
879 3966 964 4040 quasi
985 3968 1138 4040 pertractis
1168 3971 1197 4024 ct
1218 3965 1306 4042 plane
1338 3964 1585 4025 obsurdescere
1572 3962 1677 4046 Jussis.
1717 3961 1763 4020 Ex
1788 3962 1896 4022 abnn-

532 4048 612 4108 danti
635 4065 705 4109 vero
728 4050 803 4111 inira
825 4068 888 4127 cap.
916 4052 944 4110 8.
969 4051 1057 4134 hujus
1079 4050 1145 4111 libri
1170 4069 1286 4128 operam
1310 4051 1392 4126 dedi,
1416 4059 1449 4111 ut
1471 4052 1591 4112 cuilibet
1614 4057 1691 4128 esset
1713 4052 1740 4105 iu
1766 4059 1894 4125 promtu

530 4135 655 4196 benitas
677 4144 782 4213 suopte
805 4137 899 4198 Marte
922 4138 1093 4198 consulendi
1116 4139 1249 4198 auditum
1276 4155 1364 4216 super
1385 4139 1430 4198 hia
1460 4139 1585 4216 aliisque
1607 4136 1732 4218 chordae
1757 4136 1895 4198 divisio·

531 4224 617 4283 nibus
640 4219 798 4301 earumque
819 4227 1018 4286 testimonium
1040 4225 1251 4303 pensiculandi,
1276 4234 1307 4285 ut
1330 4229 1425 4286 certus
1448 4229 1494 4300 sit,
1519 4243 1562 4300 ea,
1587 4225 1623 4284 dc
1645 4241 1770 4302 quorum
1787 4229 1895 4284 causis

531 4311 708 4386 laboramus,
731 4329 868 4373 sensnum
892 4315 1072 4391 experientia
1095 4316 1255 4398 certissima
1277 4315 1344 4387 niti,
1368 4331 1424 4374 nec
1445 4323 1549 4390 sponte
1572 4331 1637 4372 inea
1661 4307 1761 4393 (cnjus
1787 4315 1896 4372 crimi-

416 4477 422 4484 ·
530 4400 576 4458 nis
599 4398 799 4477 Pythagoraei
823 4403 853 4459 in
876 4410 959 4479 parte
982 4403 1023 4460 rei
1045 4397 1137 4484 sunt),
1154 4419 1218 4486 esse
1242 4399 1499 4490 confictaproque
1521 4403 1598 4462 veris
1623 4401 1750 4460 obtrusa.
1828 4423 1854 4476 ῃ

1099 4632 1241 4704 carun
1268 4631 1318 4704 ιιι.
1388 4579 1393 4590 ’
1431 4573 1445 4676 s

569 4774 618 4829 De
634 4775 884 4834 medietatibus
902 4774 1111 4831 harmonicis
1135 4783 1167 4832 et
1184 4775 1345 4836 trinitate
1367 4777 1651 4836 concordantium
1675 4791 1858 4836 sonorum.

902 4921 988 4982 Vana
1011 4928 1054 4983 est
1077 4921 1208 4982 delinitio
1229 4924 1424 5002 proportionis
1441 4921 1637 4994 harmonicae,
1661 4919 1748 5022 qnod
1761 4923 1802 4980 sit
1827 4877 1895 5000 illa,

602 5013 793 5114 s—'E-T:
815 5009 867 5067 ubi
890 5011 982 5071 tribus
1004 5010 1132 5074 numeris
1134 5001 1256 5069 ordine
1280 5009 1404 5068 naturali
1426 5008 1538 5083 locatis,
1564 4999 1695 5068 binorum
1714 4999 1896 5070 vicinorum

585 5118 792 5189 --·-Θ·,
816 5112 953 5165 excessus
969 5101 1058 5157 dunt
1050 5117 1078 5155 ur
1094 5100 1281 5175 proportione
1298 5105 1498 5171 extremorum,
1517 5098 1572 5155 ιιι
1564 5114 1594 5154 ιιι
1608 5098 1734 5155 numeris
1752 5097 1781 5168 3,
1799 5097 1834 5170 4,
1864 5101 1895 5174 d,

816 5183 960 5245 maximus
984 5186 1003 5246 6
1031 5192 1075 5246 cst
1104 5184 1209 5261 duplus
1232 5185 1344 5244 mlniriri
1365 5185 1383 5243 3
1407 5190 1438 5243 et
1460 5184 1502 5243 sic
1521 5185 1608 5244 ctiam
1625 5182 1787 5244 differentia
1810 5185 1898 5248 inter
