4467 6192
883 615 966 670 Liber
984 615 1015 670 V.
1035 616 1125 688 Caput
1143 618 1177 672 X.
1222 563 1226 580 ι
1486 597 1487 602 ¹
1645 629 1706 688 uui

355 812 442 871 quam
454 794 605 854 attrahant
616 795 764 868 viventia3
788 796 880 870 quiin
896 798 972 855 elirie
987 799 1154 868 vastitatem
1171 800 1273 875 pennis
1284 798 1418 858 suffultas
1432 801 1551 860 immisit
1559 799 1709 877 volucres3

353 886 405 959 qui
426 884 544 942 nivosis
565 884 771 960 septentrionis
793 881 889 958 plagis
910 900 995 944 ursos
1018 884 1118 957 albos,
1149 886 1232 946 albas
1256 884 1359 961 vulpes
1383 885 1477 958 dedit,
1508 887 1707 965 pabulumque

353 970 423 1042 illie,
447 971 562 1028 marina
584 977 658 1042 cete,
680 969 726 1028 bis
748 971 850 1028 avium
872 986 943 1040 ora;
973 974 1023 1047 qni
1046 971 1253 1033 solitudinibus
1277 977 1438 1033 aestuantis
1461 975 1574 1051 Libyae
1597 975 1707 1050 leones,

354 1059 404 1133 qni
428 1057 626 1116 diffusissimis
647 1057 750 1134 Syriae
772 1056 951 1134 planitiebus
972 1059 1110 1134 camelos,
1131 1061 1275 1138 lamisqne
1299 1059 1368 1139 illis,
1390 1061 1470 1122 lrisee
1491 1065 1555 1122 aitis
1578 1063 1708 1124 toleren-

354 1147 443 1204 tiam:
480 1145 592 1204 hiccine
620 1161 735 1204 omnem
764 1146 794 1202 iu
824 1143 915 1220 globo
937 1145 1064 1206 Telluris
1093 1149 1284 1218 consumserit
1311 1157 1418 1222 ertum,
1452 1157 1483 1207 ut
1510 1167 1567 1209 nou
1596 1159 1707 1227 posset,

354 1249 473 1292 omnem
496 1233 666 1304 bonitatem,
689 1242 805 1292 utnon
825 1232 915 1292 vellet
938 1242 1050 1293 ceteros
1071 1237 1159 1294 etiam
1174 1235 1280 1311 globos
1303 1236 1544 1296 convenientibus
1568 1255 1708 1298 exeruere

354 1323 513 1393 creaturis,
541 1319 684 1394 quesnel
707 1318 923 1379 revolutionum
945 1320 1128 1396 prolixitates
1152 1323 1384 1398 brevitatesque,
1410 1320 1463 1382 'vel
1486 1323 1565 1384 Solis
1588 1329 1708 1404 propin·
1777 1398 1783 1411 Ι

354 1409 455 1482 onitas
477 1413 508 1465 et
529 1411 660 1479 remotio,
685 1405 732 1466 vel
756 1409 1003 1466 eceentrieitatum
1025 1411 1162 1480 varietas,
1183 1410 1235 1470 vel
1251 1427 1403 1484 corporum
1426 1412 1503 1469 nitor
1525 1420 1576 1471 snt
1599 1414 1707 1473 obscu-

353 1499 442 1568 ritas,
472 1492 520 1554 vel
542 1493 716 1570 figurarum,
749 1495 855 1569 quibus
879 1495 1027 1570 quaelibet
1048 1499 1129 1572 regio
1152 1496 1285 1571 fulcitur,
1308 1501 1499 1575 proprietates
1521 1496 1707 1560 suadebant?

354 1585 432 1642 Ecce
455 1600 484 1640 n.
508 1590 539 1639 ut
562 1585 742 1642 animantum
771 1580 852 1640 secla
872 1583 903 1640 in
925 1581 981 1641 boc
1003 1583 1131 1643 Telluris
1153 1584 1243 1659 globo
1267 1586 1388 1644 masculi
1412 1585 1537 1661 effigiem
1560 1588 1590 1643 in
1613 1586 1706 1647 dode·

355 1670 473 1743 enidro,
496 1669 623 1730 laminae
644 1671 674 1727 iu
696 1667 841 1731 icoeiildro
863 1667 999 1748 (quorum
1021 1668 1094 1730 illud
1116 1674 1244 1732 exterius
1267 1672 1393 1732 Telluris
1415 1673 1514 1732 orbem
1537 1671 1629 1748 inicit,
1652 1674 1708 1734 boc

354 1753 495 1839 interius)
528 1758 724 1832 generationis
752 1754 878 1833 denique
910 1756 1036 1833 effigiem
1066 1759 1097 1816 in
1126 1757 1207 1818 illine
1237 1761 1365 1836 conjugii
1398 1758 1499 1818 diviua
1521 1763 1708 1839 proportione

354 1847 482 1921 ejusque
504 1845 706 1904 ineffabilitate
727 1843 871 1904 habeant:
895 1843 966 1919 quid
990 1851 1101 1907 ceteros
1124 1844 1229 1924 globos
1244 1846 1352 1907 babere
1374 1848 1543 1924 putabimus
1566 1866 1584 1907 a
1606 1847 1707 1924 liguris

355 1932 488 1992 ceteris?
533 1933 589 1992 Cui
612 1935 689 1992 bono
711 1930 821 1993 Jovem
843 1940 971 2008 quatuor
991 1930 1110 2005 Lunae,
1142 1929 1301 1997 Saturnum
1325 1933 1400 1994 druse
1424 1935 1556 1996 cursibus
1579 1938 1707 2010 cingunt,

355 2029 388 2080 ut
410 2029 543 2080 nestrum
568 2018 744 2095 domicilium
768 2020 842 2080 baec
864 2030 964 2078 nostra
984 2017 1071 2078 Luna
1092 2020 1206 2080 unica?
1251 2023 1297 2080 nd
1332 2021 1456 2084 eundem
1486 2039 1555 2082 vero
1589 2022 1706 2082 modum

354 2111 447 2167 etiam
472 2107 509 2166 tle
531 2109 621 2182 globo
644 2106 724 2167 Solia
744 2107 984 2168 ratiocinabimsr
1013 2106 1259 2184 conjecturasque
1286 2111 1325 2170 ab
1355 2110 1514 2169 harmoniis
1546 2112 1707 2185 ceterisque

354 2196 517 2269 desumtas,
541 2213 592 2272 per
613 2212 646 2254 aa
669 2194 787 2270 quidem
808 2193 1086 2271 ponderosissimum,
1110 2195 1285 2270 conjecturis
1307 2196 1382 2269 aliis,
1407 2199 1501 2272 magis
1524 2197 1561 2255 ed
1584 2214 1707 2273 corpora

353 2282 562 2358 vergentibus,
593 2284 687 2358 magis
715 2281 753 2339 ad
786 2280 867 2356 vulgi
902 2286 1020 2356 captum
1052 2282 1295 2358 accommodatis,
1331 2283 1413 2343 velut
1447 2285 1705 2362 incorporabimus.

352 2369 448 2431 Illetre
471 2369 578 2444 globus
602 2381 726 2442 vacuus,
751 2370 838 2429 ceteri
862 2367 941 2446 pleni
962 2375 1050 2442 sunt,⁴
1066 2370 1092 2428 ei
1115 2371 1214 2430 omnia
1237 2370 1297 2432 elia
1318 2371 1496 2447 respondent
1517 2372 1658 2448 propius?
1681 2375 1706 2430 ei

352 2465 387 2516 ut
410 2457 503 2523 Terra
525 2458 633 2528 nubes,
666 2458 709 2516 eie
730 2454 781 2515 Sol
805 2463 884 2515 atras
906 2454 1042 2532 fuligines
1065 2456 1217 2533 exspirat?
1245 2461 1270 2516 si
1295 2467 1326 2518 ut
1348 2459 1400 2518 illa
1423 2458 1563 2519 imbribus
1586 2458 1707 2519 humec-

351 2553 434 2604 tatur
456 2555 487 2604 ct
509 2547 634 2616 virescit,
654 2546 700 2604 eie
720 2542 774 2602 Sol
795 2541 918 2602 maculis
940 2541 1069 2603 illisauis
1085 2547 1196 2604 sumtis
1221 2543 1352 2621 lucescit,
1377 2545 1578 2619 emicantibus,
1601 2549 1707 2623 inipso

351 2649 486 2708 corpora,
511 2639 573 2691 tolo
596 2634 693 2708 igneo,
716 2629 873 2690 flammulis
895 2628 1090 2689 clarioribus?
1125 2631 1179 2690 Cui
1204 2635 1268 2690 usui
1291 2633 1338 2692 blo
1361 2641 1530 2710 apparetur,
1552 2635 1579 2691 ei
1600 2633 1707 2711 globus

352 2719 494 2779 vacuus?
517 2721 563 2777 An
586 2735 645 2778 nou
667 2718 716 2778 vel
737 2735 841 2778 senem
862 2720 921 2794 ipsi
941 2716 1121 2802 exclament,
1139 2720 1226 2795 ignea
1249 2720 1297 2779 hic
1310 2720 1443 2782 babitare
1468 2736 1599 2797 corpora,
1623 2739 1707 2782 men-

352 2810 431 2867 tium
453 2806 632 2884 simplicinm
654 2807 789 2884 capacia,
812 2822 939 2880 vercona
960 2804 1060 2864 Solem
1082 2821 1149 2866 esee
1170 2828 1262 2884 respue
1283 2829 1387 2885 respon
1408 2811 1435 2867 si
1456 2825 1516 2868 non
1538 2825 1651 2884 regem,
1675 2819 1707 2868 at

292 2952 304 2960 .
348 2895 461 2954 emtam
478 2895 618 2969 regiam?
1494 2914 1496 2922 ’

442 2983 595 3057 Abrumpe
617 2981 754 3040 consulto
771 2987 803 3039 et
824 2995 958 3060 somnum
982 2987 1013 3038 et
1033 2978 1264 3057 speculationem
1287 2984 1501 3056 vastissimam,
1530 2988 1645 3044 uotum
1667 2982 1706 3042 il·

348 3067 405 3129 lud
428 3068 597 3128 exolamans
620 3087 686 3128 cum
708 3066 809 3128 Peelte
831 3084 920 3143 roger
1148 3121 1151 3128 ,

439 3154 577 3233 Mamm
598 3157 751 3217 Dominae·
772 3162 872 3214 uerter
901 3163 929 3214 et
956 3171 1074 3228 mopere
1093 3156 1195 3214 cirrus
1215 3157 1280 3228 marr
1304 3163 1335 3220 vt
1360 3157 1528 3230 eupierrtiue
1556 3157 1621 3228 eiua
1641 3175 1706 3216 aroer

347 3252 394 3304 m
415 3261 581 3304 merua:
604 3243 728 3304 lmrdote
749 3260 818 3302 cerm
839 3243 928 3314 coeli,
952 3241 1077 3302 ramore
1095 3259 1167 3300 eum
1191 3242 1252 3316 Sel,
1275 3241 1370 3303 Lamo
1391 3251 1420 3304 et
1443 3239 1608 3315 Prummu·
1627 3262 1705 3318 quo·

346 3337 476 3406 mque
494 3349 584 3391 meu
605 3330 648 3390 od
666 3329 910 3406 percipiendum
928 3345 1112 3405 qwcunque
1134 3329 1241 3405 lingue
1257 3329 1299 3389 od
1313 3329 1513 3406 eloquendum
1532 3329 1706 3390 clumam

346 3427 489 3478 emir-um
509 3416 831 3478 montinniacum
852 3435 921 3476 earm
945 3417 1137 3476 Hemoniae
1148 3418 1297 3490 coelam,
1320 3418 1445 3477 laudate
1466 3431 1536 3476 erem
1557 3433 1610 3480 vot
1629 3419 1706 3478 buv-

345 3508 532 3566 rrronr'urrtm
554 3506 739 3566 mrum
770 3505 881 3564 arbitri
912 3510 1018 3578 (Tuque
1035 3515 1100 3563 ente
1119 3523 1221 3576 omues,
1238 3507 1385 3566 Moestline
1404 3508 1476 3564 felici
1493 3516 1612 3578 senecta,
1631 3525 1705 3565 nam·

345 3612 405 3666 qne
422 3605 456 3651 tu
473 3595 581 3650 eolebse
599 3596 649 3650 lues
667 3594 747 3651 dietis
759 3596 878 3652 animare
889 3613 994 3666 opeque
1004 3601 1106 3655 oursel:
1121 3591 1217 3652 trudo
1239 3600 1268 3651 at
1280 3600 1314 3652 lu
1329 3597 1436 3652 cubuc
1450 3611 1518 3652 mea
1534 3592 1705 3654 Dominum

346 3684 530 3742 Creatorem
551 3687 651 3753 mom,
674 3679 824 3756 quamdiu
844 3681 954 3757 func:
980 3696 1115 3755 narique
1136 3697 1174 3739 eu·
1194 3682 1260 3754 ipro
1282 3688 1310 3738 et
1330 3697 1387 3754 per·
1409 3685 1510 3755 iprum
1532 3688 1560 3738 et
1582 3685 1616 3740 in
1640 3684 1705 3756 ipro

343 3776 421 3828 wel
434 3769 566 3840 ‘omnim
590 3790 637 3827 και
659 3790 696 3826 τα
718 3766 846 3841 cucumer
868 3789 916 3827 sur
935 3789 976 3825 m
997 3783 1103 3843 rorpu3
1125 3774 1189 3824 lum
1212 3786 1249 3825 etr
1270 3786 1349 3842 queue
1370 3770 1550 3843 igrwramtrr
1568 3770 1701 3841 partiturae

345 3873 447 3932 quamn
470 3873 508 3912 ec
529 3872 608 3928 quoe
628 3857 751 3928 adram,
784 3857 915 3914 minima
941 3855 1066 3923 illorum
1090 3871 1180 3927 parur
1212 3857 1286 3930 quio
1315 3854 1414 3916 arliae
1442 3856 1514 3930 plur
1542 3855 1629 3914 utere
1651 3863 1702 3918 est.

345 3943 416 4019 Ipae‘
439 3943 519 4013 taur,
542 3941 640 4001 horror
661 3949 690 4000 et
709 3943 809 4018 pluvio
830 3944 865 4000 in
884 3943 986 4001 seculo
1008 3942 1189 4000 aeoulmatm.
1234 3944 1341 4000 Amen.

930 4106 1132 4174 uirile.

440 4288 593 4336 Absolutum
611 4295 649 4336 eet
666 4289 713 4334 lroe
730 4299 792 4349 opus
819 4288 861 4335 uie
882 4285 921 4340 17.
939 4286 981 4338 27.
1000 4288 1077 4352 licii,
1104 4302 1171 4337 aune
1189 4279 1359 4338 unoxvrn:
1387 4249 1482 4338 revisus
1508 4302 1565 4336 vero
1592 4287 1655 4340 liber
1674 4289 1704 4336 V.

340 4360 465 4418 (interim
483 4359 544 4406 dnm
562 4360 589 4406 iu
605 4374 637 4410 seo
657 4359 710 4420 typi
731 4356 928 4421 progrediuntur)
947 4355 970 4408 ll.
992 4357 1032 4412 ts.
1051 4359 1181 4408 Fnbruurli
1200 4373 1265 4407 auno
1285 4359 1426 4410 MDGXIX.

640 4510 644 4523 .
677 4465 779 4524 Lincit'
802 4464 960 4541 Metropoli
982 4468 1126 4526 Amarae
1150 4465 1393 4541 Suprunr'aonor.
