4467 6192
832 671 915 727 lrlber
931 672 978 727 IV.
997 672 1084 742 Caput
1099 672 1161 727 vlt.
1608 674 1670 736 aab

408 848 484 925 Quid
506 850 588 927 quod
609 858 639 909 et
660 868 763 910 sensus
786 850 906 927 quidam
927 849 975 910 vel
997 857 1093 911 taetus
1115 848 1165 909 rel
1187 848 1304 909 auditus
1320 850 1447 910 Telluris
1466 851 1557 927 globo
1579 852 1674 910 inesse

337 938 452 1009 ridetur,
486 947 657 1015 argumento
687 938 758 1012 boc,
790 938 868 1015 qnod
896 941 1041 997 constanti
1063 938 1251 1016 plurimarum
1274 941 1496 1013 provinciarum
1520 937 1674 997 traditione

336 1024 522 1099 confirmatur,
551 1030 577 1085 si
606 1027 671 1103 quis
701 1028 729 1082 in
753 1026 959 1085 altissimorum
989 1029 1130 1083 montium
1160 1027 1311 1085 cacumina
1334 1029 1454 1099 enisus,
1486 1024 1618 1103 lapillum
1645 1025 1674 1081 in

336 1113 433 1185 bintus,
455 1128 540 1188 quos
562 1114 672 1172 babent
693 1113 736 1171 ilii
759 1113 1015 1189 profundissimos,
1039 1113 1185 1188 conjiciat,
1209 1112 1285 1171 unde
1308 1114 1384 1171 solet
1407 1116 1528 1173 excitari
1551 1114 1673 1185 sonitus,

279 1217 284 1227 ’
336 1208 378 1257 ant
397 1202 419 1257 si
441 1202 471 1255 in
494 1200 591 1261 laeum
614 1209 783 1260 montanum
806 1204 871 1276 (qni
895 1200 996 1278 procul
1015 1200 1106 1259 dubio
1131 1209 1160 1259 et
1183 1202 1238 1275 ipsi
1262 1200 1351 1259 runco
1366 1197 1492 1283 carent),
1516 1190 1673 1275 evestigio

336 1296 511 1361 tempestates
534 1290 663 1347 excitari.
708 1287 757 1347 Sic
786 1292 862 1347 enim
887 1298 916 1346 st
938 1288 1093 1360 animalia,
1124 1290 1148 1343 si
1180 1289 1246 1363 quis
1277 1290 1306 1343 in
1336 1295 1452 1347 teneros
1482 1290 1597 1347 aurium
1619 1304 1674 1345 na-

335 1377 433 1433 riumre
453 1383 569 1433 meatus
601 1374 723 1433 titillans
759 1375 871 1452 aliquid
894 1378 1018 1447 inserat,
1051 1374 1170 1434 borrore
1194 1384 1326 1451 correpta
1349 1383 1438 1451 caput
1461 1383 1602 1451 quassant
1623 1381 1675 1433 aut

334 1464 359 1519 in
379 1478 476 1521 cursus
498 1479 531 1521 se
552 1465 756 1538 praecipitant.

409 1549 485 1608 Sunt
506 1556 536 1608 et
556 1551 602 1608 sui
624 1552 708 1610 certis
731 1550 856 1609 Telluris
876 1549 1021 1609 tractibus
1043 1548 1201 1623 languores
1217 1555 1246 1607 et
1262 1550 1392 1607 internae
1416 1552 1560 1609 viscerum
1584 1549 1674 1607 vicis-

335 1635 480 1711 situdines3
502 1636 648 1699 interdum
671 1639 747 1696 anim
763 1637 883 1696 humore
905 1638 995 1695 nimio
1011 1635 1171 1707 abundant,
1196 1634 1338 1694 interdum
1362 1635 1504 1696 cruditate
1527 1646 1578 1695 aut
1602 1652 1674 1695 eon-

335 1726 461 1783 coctionis
485 1725 703 1799 imperfectione
726 1724 875 1796 laborant,
904 1723 1022 1799 quando
1053 1722 1119 1781 loeo
1152 1721 1319 1798 pluviarum
1341 1726 1581 1799 tempestivarnm
1602 1726 1673 1781 meri

336 1814 404 1868 renti
424 1811 786 1887 proveniunt,·interdum
810 1811 901 1871 veluti
934 1829 1024 1870 causa
1053 1818 1188 1886 correpta
1213 1809 1291 1867 nibil
1306 1810 1456 1885 bumorls,
1488 1810 1540 1871 sed
1564 1827 1615 1887 pro
1633 1827 1673 1869 eo

335 1898 497 1973 sulphureos
518 1898 627 1957 halitus
650 1907 702 1957 aut
723 1900 857 1960 madores
886 1899 1057 1975 pestilentes
1091 1897 1244 1956 exsudant.
1289 1897 1394 1974 Itaque
1423 1915 1481 1957 nen
1516 1899 1621 1974 injuria
1643 1899 1673 1954 in
1715 1932 1724 1954 ,

334 1984 398 2044 libro
420 1986 455 2045 de
478 1985 565 2044 Nova
585 1985 678 2045 Stella
699 1986 750 2045 iol.
777 1988 847 2045 173.
875 1991 915 2056 (11.
934 1990 1003 2056 721.)
1029 2002 1129 2043 omnes
1153 1987 1348 2045 connectionis
1371 1985 1541 2058 facultates,
1565 1992 1675 2043 attrac-

335 2074 432 2146 tricem,
456 2076 648 2146 retentricem,
672 2073 852 2149 epultricem,
875 2074 904 2129 in
928 2073 980 2131 illa
990 2072 1178 2148 quaerendas
1201 2072 1347 2147 admonui,
1373 2076 1481 2154 quippe
1504 2074 1606 2132 barum
1629 2073 1674 2132 ai-

334 2160 465 2219 lectiones
488 2169 557 2218 sunt
577 2161 677 2218 morbi·
693 2160 744 2217 illi.
795 2178 799 2185 ·

411 2245 490 2321 Quid
519 2264 589 2307 vero
620 2246 742 2305 siruilius
771 2250 816 2306 est
842 2247 1042 2323 respirationis
1070 2244 1240 2305 animalium
1271 2247 1446 2306 terrestrium
1477 2253 1507 2306 et
1534 2248 1675 2323 imprimis

333 2336 561 2409 reciprocationis
583 2334 663 2393 illius
685 2337 824 2412 piscium,
855 2333 925 2391 dum
953 2334 1072 2393 sorbent
1101 2350 1195 2407 aquas
1225 2350 1273 2392 ore
1301 2336 1523 2411 exprimuntque
1546 2336 1675 2393 vicissim

332 2437 378 2495 per
397 2420 568 2494 branchias,
591 2438 680 2496 quam
702 2421 752 2481 ille
775 2422 916 2485 mirabilis
939 2420 1035 2479 fluxus
1057 2429 1094 2479 et.
1108 2420 1235 2479 refluxus
1259 2424 1360 2480 oceani
1383 2422 1593 2503 semidinrnns,
1624 2424 1674 2497 qui

332 2510 380 2567 etsi
402 2507 440 2567 ad
455 2508 559 2567 Lunae
580 2518 677 2567 motus
691 2526 723 2566 se
745 2506 956 2587 accommodat,
979 2510 1023 2567 sio
1043 2513 1078 2565 ut
1097 2506 1250 2583 probabile
1265 2508 1337 2565 mibi
1359 2511 1397 2567 sit
1419 2511 1514 2567 visum
1537 2513 1565 2567 in
1588 2526 1676 2586 prae·

332 2594 432 2654 latione
456 2595 736 2655 Commentariorum
758 2594 877 2670 Martis,
906 2595 1001 2679 undas
1024 2614 1043 2653 a
1065 2594 1149 2653 Luna
1172 2594 1263 2668 trabi,
1292 2603 1325 2653 ut
1353 2596 1458 2657 lerrntn
1490 2604 1675 2671 amagncte,

332 2684 430 2743 virtute
453 2698 596 2759 corporea
617 2684 757 2742 unitionis
780 2697 945 2759 corporum,
969 2682 1047 2757 quod
1072 2691 1101 2739 ct
1123 2698 1215 2757 nuper
1237 2684 1265 2738 in
1288 2682 1505 2759 prolegomenis
1528 2684 1677 2760 Ephcme-

330 2768 426 2842 ridnm,
450 2788 511 2845 quo
533 2769 599 2837 loco
623 2769 748 2828 Davidis
770 2770 899 2829 Fabricii
927 2772 1093 2845 opinionem
1116 2772 1259 2841 examino,
1283 2772 1385 2845 repetii
1409 2776 1554 2837 (11.116.t:
1578 2777 1676 2829 tomen

329 2858 437 2931 siquis
460 2857 605 2933 disputet,
628 2857 775 2916 Tellurem
799 2856 837 2914 ad
860 2855 938 2915 Solis
955 2848 991 2915 'et
1012 2856 1115 2914 burras
1137 2864 1247 2914 motum
1272 2857 1491 2916 accommodare
1514 2874 1597 2916 snam
1620 2875 1675 2916 ve-

329 2942 377 3000 luti
399 2946 640 3023 respirationem,
665 2944 903 3003 sicut‘animalia
924 2945 1020 3001 somni
1041 2944 1268 3019 vigiliarumque
1290 2943 1506 3002 vicissitudines
1528 2960 1594 3003 cum
1617 2943 1676 3002 diei

328 3034 479 3107 noctisque
502 3030 612 3090 babent
634 3031 779 3090 easdemr
793 3032 871 3089 bunc
893 3046 949 3105 ego
971 3046 1030 3088 non
1052 3032 1160 3106 iniquis
1182 3032 1300 3089 auribus
1323 3031 1500 3090 audiendum
1523 3034 1552 3087 in
1575 3030 1676 3107 pbilo-

329 3117 428 3192 sopbia
451 3120 624 3191 censuerim,
647 3121 817 3193 praesertim
839 3120 865 3177 si
888 3115 1041 3177 accederet
1062 3117 1183 3192 aliquod
1199 3118 1336 3177 indicium
1359 3119 1530 3177 flexibilinm
1553 3120 1582 3175 in
1605 3134 1676 3193 pro·

328 3203 414 3264 iundo
436 3205 548 3264 Terrae
575 3208 717 3281 partium,
751 3222 827 3281 quae
859 3208 952 3263 ricem
984 3206 1147 3264 sustineant
1178 3206 1348 3280 pulmonum
1378 3214 1430 3263 aut
1463 3206 1675 3264 branchiarum.

328 3290 397 3350 liam
419 3294 446 3351 si
472 3292 539 3351 talis
562 3293 664 3368 aliqua
686 3300 791 3351 natura
813 3294 852 3350 sit
874 3292 1007 3364 iliarum,
1036 3292 1133 3367 qualis
1163 3302 1207 3351 est
1227 3296 1312 3351 'airis
1335 3294 1434 3363 nostri,
1459 3292 1674 3351 condensabilis

327 3385 354 3437 et
373 3379 535 3450 extensilis,
555 3379 619 3454 jam
641 3397 699 3438 non
722 3396 796 3456 opus
819 3381 873 3437 erit
894 3377 933 3437 ad
947 3379 1023 3437 hane
1037 3380 1256 3454 respirationem
1278 3387 1359 3437 motu
1382 3378 1544 3455 superficiei
1559 3380 1675 3450 Terrae,

327 3466 450 3543 andogo
474 3466 587 3525 scilicet
609 3468 701 3525 motui
723 3467 921 3526 musculorum
944 3466 1189 3543 diaphragmatis,
1218 3470 1246 3523 in
1278 3483 1398 3542 corpore
1428 3466 1555 3526 humano
1582 3470 1677 3543 respi-

326 3561 412 3613 rante.
467 3552 553 3627 Quaa
581 3572 652 3613 vero
679 3558 772 3631 possit
806 3556 901 3629 aptior
929 3570 994 3612 esse
1022 3558 1097 3613 ratio
1127 3552 1303 3629 receptionis
1330 3572 1472 3629 aquarum
1501 3557 1677 3613 marinarum

325 3643 480 3699 introrsum
502 3643 533 3698 in
556 3641 683 3699 culinam
705 3642 797 3723 veluti
819 3639 1020 3714 metallorum,
1053 3644 1110 3699 nisi
1132 3641 1206 3700 haee
1228 3644 1293 3716 ipsa
1320 3659 1372 3718 per
1394 3645 1510 3717 euripos
1533 3646 1605 3702 istos
1629 3660 1678 3701 se·

325 3728 487 3787 nidinrnos
508 3728 690 3804 perpetuos?
736 3728 813 3803 Quid
836 3727 917 3785 alind
939 3730 1081 3803 suspicari
1104 3730 1173 3787 iacit
1196 3745 1281 3787 casus
1303 3728 1354 3788 ille
1376 3730 1535 3804 mirabilis,
1560 3730 1677 3804 quando

325 3819 422 3891 paucis
446 3818 535 3874 annis
556 3823 624 3875 ante
648 3832 736 3890 quam
758 3816 922 3891 frequentia
950 3826 1143 3876 mercatorum
1167 3815 1357 3891 Antverpiam
1385 3816 1544 3890 desereret,
1576 3818 1672 3875 fluxus

326 3913 352 3959 ct
371 3902 505 3961 refluxus
527 3918 668 3961 cecanum
691 3902 739 3961 die
762 3902 890 3979 quodam
913 3902 1041 3961 deseruit
1068 3902 1277 3982 (exterruitque
1309 3906 1457 3963 civitatem
1481 3922 1538 3963 non
1563 3904 1677 3962 medio-

325 3986 434 4070 criter),
458 3988 547 4048 Luna
569 4006 685 4048 cursum
706 4008 792 4048 sunm
813 4007 872 4049 non
896 3988 1046 4049 deseruit?
1077 3990 1222 4048 Nimirum
1244 3990 1334 4050 Terra
1357 3994 1422 4068 ipsa
1444 4008 1565 4069 compos
1588 3990 1676 4066 bujus

323 4078 580 4154 reciprocationis,
610 4076 679 4137 licet
701 4077 751 4135 illa
773 4085 853 4136 motu
883 4076 1008 4135 naturali
1041 4079 1212 4153 participet,
1243 4081 1385 4136 continuit
1407 4095 1495 4137 unam
1518 4079 1596 4138 illius
1620 4077 1677 4137 diei

325 4167 557 4241 respirationem,
581 4166 657 4223 sicut
678 4167 841 4223 animantes
856 4163 1000 4222 interdum
1016 4159 1166 4223 continent
1180 4166 1315 4237 animam,
1340 4168 1477 4241 quamvis
1490 4172 1587 4226 motus
1611 4163 1677 4222 dia·
1756 4212 1762 4226 .

323 4252 506 4327 pbragmatis
537 4254 600 4327 ipse
627 4253 716 4309 stiam
743 4252 871 4311 naturali
900 4254 1006 4315 mixtus
1036 4254 1083 4310 sit
1129 4250 1305 4328 Quanquam
1327 4256 1433 4311 rectius
1456 4254 1528 4312 lortc
1552 4252 1678 4327 respira-

323 4341 431 4401 tionem
456 4339 604 4413 aliquam,
629 4338 737 4397 Terrae
759 4342 963 4412 necessariam,
986 4357 1022 4399 ex
1045 4342 1161 4399 animae
1185 4344 1357 4416 praesentia,
1382 4358 1469 4416 quam
1492 4342 1619 4399 animam
1641 4354 1678 4396 ex

323 4430 527 4503 respiratione,
550 4427 779 4501 probaverimus.
1123 4454 1127 4461 ·
1192 4484 1195 4493 ,

404 4514 490 4573 Nam
513 4520 544 4570 ut
562 4519 623 4582 tam
646 4513 728 4572 velut
749 4532 780 4571 re
804 4521 897 4586 certa,
929 4514 1008 4588 quod
1031 4515 1070 4572 sit
1098 4516 1127 4571 in
1151 4514 1270 4573 Tellure
1294 4518 1404 4588 anima,
1435 4513 1472 4570 ad
1496 4510 1678 4588 contempla-

322 4602 430 4660 tionem
461 4600 529 4675 ejus
560 4602 704 4661 essentiae
734 4603 902 4675 veniamus,
936 4601 1071 4677 equidem
1100 4600 1151 4661 illa
1186 4619 1244 4661 non
1272 4609 1384 4660 tantum
1415 4599 1514 4674 aliqua
1542 4598 1593 4657 lux
1624 4608 1678 4671 est,

323 4689 417 4763 qualis
441 4696 492 4747 ast
512 4688 625 4763 ignium
647 4697 677 4748 et
699 4688 946 4761 cincindularnrn,
969 4706 988 4747 a
1009 4706 1042 4748 se
1065 4691 1132 4763 ipsa
1154 4689 1297 4764 pendens,
1321 4705 1378 4747 non
1401 4688 1441 4745 ab
1463 4686 1678 4745 illuminatione

323 4792 356 4833 ex
369 4776 452 4849 Sole,
478 4782 651 4849 argumento
673 4775 738 4847 hoc,
761 4775 841 4851 qnod
863 4775 979 4834 lucidos
999 4775 1181 4851 planetarum
1196 4774 1295 4834 radios
1318 4772 1534 4850 quodammodo
1557 4790 1679 4850 persen-

322 4864 422 4938 tiscat3
447 4861 505 4921 sed
526 4862 613 4939 plane
636 4862 753 4922 iiamma
775 4862 921 4939 quaedam
941 4880 1006 4922 csse
1033 4861 1148 4920 videtur
1172 4857 1378 4941 (respiratione
1403 4861 1515 4920 scilicet
1532 4878 1590 4922 ‘seu
1613 4877 1678 4919 sor-

322 4950 432 5010 bitione
458 4940 621 5029 fouenda),
652 4959 823 5026 argumento
847 4950 950 5011 caloris
973 4949 1153 5007 subterranei
1176 4950 1308 5023 perpetui
1332 4957 1361 5007 et
1383 4948 1546 5028 sensibilis,
1578 4948 1678 5022 cujus·

322 5038 399 5096 modi
420 5040 492 5096 sine
516 5037 728 5107 animarnullus
751 5045 819 5097 actu
833 5039 863 5094 in
885 5037 1006 5097 materia
1021 5034 1101 5094 nuda
1123 5043 1277 5111 perennat3
1301 5043 1332 5093 at
1346 5052 1383 5095 ne
1405 5040 1537 5113 potentia
1559 5035 1678 5112 quidem

321 5126 397 5186 ‘uest
417 5127 452 5183 in
476 5124 566 5184 rebus
588 5124 628 5184 ab
649 5124 822 5185 animalium
842 5128 1033 5203 stirpiumque
1055 5123 1220 5183 substantia
1235 5124 1417 5199 exeuntibus,
1440 5126 1497 5185 uisi
1518 5124 1557 5183 ab
1579 5124 1678 5183 anima
