4467 6192
536 669 597 730 848
889 653 895 665 ’
1046 666 1194 722 Ptolemaei
1212 665 1366 764 Humorem.
1793 765 1808 802 ἱ

534 840 762 910 determinentur;
790 841 894 912 primm
912 845 956 895 est
973 841 1091 898 ursulus
1109 847 1199 907 totus,
1226 841 1272 911 qui
1291 857 1399 914 semper
1421 851 1514 900 manat
1531 843 1616 914 idem,
1642 845 1712 902 aiter
1729 854 1772 904 est
1787 847 1868 906 meoli

534 935 599 988 pars
625 936 642 974 s
664 919 771 976 duobus
795 919 912 990 planetis
938 919 1096 990 intercepta.
1132 923 1163 976 lu
1189 922 1322 978 sonitibus
1347 930 1443 980 cantus
1464 923 1588 994 humaui,
1615 928 1730 997 primum
1754 945 1813 984 cum
1828 948 1870 1000 per

534 999 723 1068 symphoniam
742 999 786 1052 rel
804 997 1011 1054 concordantias
1029 1015 1064 1056 ea
1079 1001 1169 1054 minus
1188 1017 1231 1055 res
1250 1017 1347 1070 perse
1365 1010 1454 1073 pacet,
1469 1005 1548 1060 binas
1567 1021 1648 1061 voces
1666 1023 1728 1064 ease
1747 1025 1796 1078 pro
1813 1009 1870 1064 duo

537 1075 590 1132 bus
606 1079 736 1147 terminis,
756 1095 817 1135 cum
834 1094 897 1134 rero
915 1095 970 1133 uua
988 1095 1040 1132 vox
1060 1080 1140 1148 canit,
1159 1081 1206 1136 illa
1224 1081 1309 1136 nihilo
1327 1084 1521 1152 minuspotest
1539 1085 1665 1141 incedere
1677 1102 1729 1155 per
1740 1088 1871 1144 intenslla

535 1171 657 1212 consona
672 1166 701 1213 et
717 1158 849 1214 concinna
868 1171 956 1226 eaque
972 1172 1134 1226 agnoscere,
1157 1162 1221 1229 quia
1238 1175 1314 1216 mens
1333 1162 1485 1232 mentisque
1503 1159 1659 1230 archivum,
1685 1167 1814 1222 memoria
1829 1184 1871 1225 seu

531 1249 604 1302 moa,
643 1243 686 1292 eet
709 1237 769 1313 ipse
798 1244 894 1304 raptus
923 1244 1019 1290 auctor
1042 1238 1178 1306 sentitque
1203 1240 1317 1308 primaru
1348 1241 1542 1312 longitudinem
1571 1257 1684 1314 asperae
1712 1247 1826 1301 arteriae
1848 1249 1871 1301 in

533 1321 609 1370 motu
626 1315 811 1383 constitutam,
827 1329 944 1383 eumque
961 1329 1071 1370 sensum
1088 1316 1188 1370 retinet
1206 1333 1255 1386 per
1272 1325 1356 1374 totam
1375 1319 1539 1376 cantilenam
1562 1321 1651 1392 adque
1668 1339 1730 1378 eum
1755 1324 1872 1394 frequen·

532 1398 577 1447 ter
592 1392 671 1450 redit.
706 1393 782 1448 idem
800 1393 997 1463 propemodum
1015 1399 1065 1461 est,
1084 1407 1146 1449 cum
1164 1395 1240 1450 audit
1258 1395 1470 1453 modulationem
1486 1398 1584 1460 aliam,
1602 1403 1666 1471 quis
1681 1402 1871 1473 quodammodo

533 1471 620 1526 sociat
637 1487 667 1527 se
684 1487 760 1529 mens
778 1479 923 1542 perceptae
942 1474 1058 1528 cantioni
1078 1489 1192 1543 eamque
1210 1489 1264 1529 una
1279 1476 1370 1544 juvat3
1390 1477 1506 1547 denique
1522 1477 1557 1532 ad
1570 1481 1692 1547 quemvis
1704 1498 1800 1537 rocem
1817 1484 1872 1538 suh-

534 1548 632 1618 latam,
660 1552 752 1606 statim
770 1550 810 1605 illi
831 1551 859 1605 in
882 1558 1031 1619 conspectu
1055 1563 1120 1606 eunt
1145 1553 1234 1608 omnia
1259 1556 1343 1611 totius
1367 1557 1521 1626 systematis
1545 1565 1657 1613 emesae
1675 1560 1809 1616 macinas
1824 1577 1871 1618 nuo

532 1628 606 1684 uelut
623 1628 731 1698 iutuitu,
750 1631 832 1686 etiam
850 1630 969 1684 nondum
988 1631 1099 1686 vocibus
1111 1647 1250 1701 expromo.
1287 1635 1330 1690 Ita
1341 1634 1380 1704 fit,
1398 1637 1582 1692 atterminnm
1600 1641 1785 1708 proportionis
1796 1657 1871 1696 unum
1968 1691 1969 1710 ,

534 1708 707 1764 circumferat
724 1711 823 1777 animo,
841 1725 1002 1779 comparans
1021 1726 1082 1766 eum
1100 1713 1246 1782 unicuique
1265 1714 1323 1768 voci
1342 1715 1498 1770 succedenti
1512 1715 1692 1786 judicansque
1711 1733 1746 1773 an
1760 1719 1807 1774 alla
1818 1735 1873 1775 cou-

1942 317 1962 465 l

1958 662 1964 809 ¹

1961 902 1966 1075 l

533 1787 678 1844 damasit.
715 1789 871 1857 Graiusmodi
899 1789 1022 1844 subsidia
1049 1806 1111 1846 cum
1134 1807 1187 1846 uon
1212 1792 1311 1847 deutur
1336 1793 1371 1848 ad
1395 1793 1664 1862 comprehensionem
1687 1797 1872 1853 alterationem
1969 1852 1970 1863 ,

531 1867 674 1931 materiae,
691 1883 743 1922 nec
758 1868 842 1938 igitur
860 1882 953 1923 earnm
970 1869 1160 1937 proportiones
1179 1877 1260 1925 erunt
1278 1871 1470 1930 observabiles.

620 1947 693 2002 Nota
710 1948 755 2001 vl.
791 1947 867 2015 Quae
891 1946 974 2014 igitur
991 1947 1018 2002 in
1041 1949 1162 2003 materiis
1187 1949 1340 2005 alterationi
1363 1951 1493 2020 subjectis
1516 1951 1628 2020 desunt,
1655 1969 1687 2010 ea
1706 1955 1872 2010 Ptolemaeus

532 2024 597 2080 dicit
613 2026 652 2082 ihi
669 2043 725 2081 uon
743 2025 846 2085 deesse,
868 2026 929 2082 »uhi
947 2026 987 2080 rei
1004 2035 1095 2081 motus
1114 2037 1291 2084 conversatur
1313 2030 1384 2086 iuter
1400 2033 1506 2100 species
1529 2047 1579 2088 seu
1597 2032 1722 2087 formas·
1761 2033 1873 2089 Rursum
1967 2054 1972 2073 ·

530 2113 563 2159 ut
578 2121 661 2173 saepe
679 2104 747 2160 alias
767 2106 915 2173 confirmat,
933 2108 1224 2175 proportionesrsbus
1243 2109 1393 2164 secuudum
1411 2118 1513 2166 motum
1524 2110 1615 2167 inesse
1660 2110 1804 2178 Quomodo
1816 2129 1873 2166 aero
1967 2100 1973 2166 ¹,

532 2183 599 2238 dicit
623 2194 726 2238 motum
751 2184 821 2238 inter
847 2184 952 2253 species
977 2187 1149 2240 conversari?
1186 2187 1330 2255 nimirum,
1358 2191 1466 2258 quando
1492 2196 1581 2245 motus
1604 2205 1660 2244 uon
1679 2199 1726 2244 est
1748 2189 1875 2254 ἇιεφώς
1972 2207 1973 2256 3

533 2263 622 2334 quasi,
640 2267 817 2330 aut'coeous·,
836 2278 945 2317 causam
964 2263 1078 2319 trahens
1097 2278 1131 2317 ex
1150 2264 1235 2320 solius
1253 2268 1381 2322 maurice
1399 2269 1574 2334 necessitate,
1597 2269 1647 2323 sed
1666 2269 1777 2339 quando
1795 2269 1875 2325 tendit

532 2344 567 2399 ab
585 2359 641 2399 aaa
658 2345 749 2413 specie
767 2357 817 2398 seu
834 2342 1012 2411 dispositione
1030 2343 1065 2399 ad
1084 2345 1166 2400 aliam
1183 2344 1265 2413 hujus
1283 2346 1398 2412 generis.
1435 2347 1604 2415 Estquidem
1616 2347 1691 2402 calor
1709 2347 1875 2416 aliqurspe

533 2424 598 2488 cies,
615 2424 640 2478 si
657 2429 829 2494 comparatur
846 2425 881 2478 ad
899 2423 1029 2491 majorem
1047 2424 1090 2476 vel
1107 2425 1250 2492 minorem,
1272 2432 1363 2480 motus
1385 2425 1467 2494 igitur
1485 2424 1670 2482 calefactionis
1695 2443 1751 2481 uon
1770 2442 1875 2482 courm-

536 2509 614 2558 satur
630 2502 702 2557 inter
718 2503 834 2572 species.
870 2505 939 2557 Nam
957 2500 1085 2572 frigidum
1104 2502 1254 2557 formaliter
1270 2509 1313 2558 eet
1331 2503 1439 2574 negatio
1456 2504 1548 2573 potius
1559 2505 1657 2560 odoris
1677 2512 1705 2559 et
1717 2520 1767 2560 ens
1779 2507 1875 2566 lictum

532 2583 588 2637 imo
605 2598 660 2638 nou
679 2599 735 2653 eus,
755 2584 820 2652 quia
836 2584 922 2652 primo
941 2581 1127 2637 calefactionis
1146 2581 1287 2649 principio,
1308 2582 1416 2650 quaudo
1435 2598 1469 2637 ne
1482 2589 1570 2638 motus
1583 2583 1692 2651 quidem
1705 2597 1769 2638 εεεε
1781 2589 1875 2656 potest

533 2663 634 2732 quippe
652 2670 789 2719 momento
806 2663 948 2732 temporis,
972 2663 1029 2731 jam
1053 2660 1177 2728 frigidum
1202 2661 1317 2730 amplius
1344 2659 1496 2728 subjectum
1522 2660 1647 2716 absolute
1672 2677 1727 2717 nou
1753 2671 1805 2718 est.
1838 2664 1875 2718 De

533 2739 637 2810 reliquo
662 2740 805 2796 calefactio
830 2748 956 2795 versatur
980 2741 1053 2795 inter
1077 2739 1163 2806 magis
1188 2745 1215 2793 et
1241 2740 1330 2794 minue
1353 2739 1460 2794 caloris.
1498 2740 1534 2792 At
1558 2748 1647 2794 motus
1666 2741 1832 2796 condrensi
1851 2741 1875 2796 ia

533 2821 630 2875 animis
648 2820 787 2875 homiuum
804 2818 928 2876 feruntur
951 2818 1185 2892 atramquillitate
1207 2818 1241 2872 ad
1260 2819 1341 2884 iram,
1368 2818 1550 2887 voluptatem,
1577 2818 1698 2874 dolorem
1722 2827 1750 2874 et
1775 2821 1876 2888 simiis,

533 2900 579 2967 qui
598 2906 661 2954 sunt
678 2897 792 2953 affectus
810 2895 901 2967 specie
918 2896 1080 2953 differentes.
1119 2898 1186 2952 Tale
1206 2898 1271 2967 quid
1289 2898 1377 2952 inussit
1395 2899 1476 2953 etiam
1496 2900 1529 2955 de
1542 2897 1709 2955 coelestibus
1727 2899 1876 2958 dicendum,

532 2986 561 3032 et
579 2991 629 3048 ego
647 2975 767 3031 omcedo
785 2976 819 3031 de
836 2984 911 3032 motu
929 2974 1057 3046 planetae
1074 2975 1243 3030 uelocissimo
1261 2983 1289 3030 et
1307 2977 1472 3046 tardissim03
1500 2988 1565 3033 sunt
1585 2979 1655 3032 euim
1679 2987 1707 3034 et
1726 2979 1877 3036 inovanti

530 3057 638 3126 species
657 3054 790 3125 quaedam
808 3055 905 3109 saltem
922 3054 1086 3110 altrinsecus
1105 3054 1273 3109 terminatae.
1310 3055 1459 3110 'l'erminari
1479 3058 1559 3114 etiam
1578 3059 1730 3127 specierum
1748 3069 1801 3122 est

618 3135 691 3191 Nota
709 3133 768 3191 VII.
803 3136 895 3190 hictus
915 3134 949 3188 de
965 3135 1057 3202 specie
1076 3134 1241 3202 inspeciem
1260 3134 1325 3189 dicit
1344 3136 1434 3192 inesse
1451 3135 1478 3190 iu
1497 3137 1595 3206 rebus,
1624 3153 1694 3204 quae
1712 3137 1817 3193 habeut
1835 3153 1877 3192 na·

533 3221 608 3270 arna
627 3215 803 3284 perfectiores
822 3222 851 3270 et
862 3211 1060 3270 rationalioreo.
1095 3213 1231 3282 Equidem
1244 3219 1342 3280 motus,
1361 3229 1442 3282 quem
1456 3223 1584 3270 musaeus
1599 3216 1713 3272 ιιιειειὶε
1725 3217 1793 3285 sola,
1812 3233 1877 3286 quae

532 3289 608 3347 lllum
625 3293 719 3360 habet,
737 3300 844 3349 tantum
861 3310 879 3348 a
896 3293 992 3361 maiori
1010 3291 1045 3347 ad
1063 3291 1152 3345 minue
1170 3292 1272 3361 tendit;
1299 3309 1360 3347 cum
1379 3299 1470 3348 antem
1489 3300 1580 3349 motus
1598 3293 1746 3350 incertam
1764 3297 1877 3366 speciem

531 3370 632 3439 fertur,
659 3371 725 3427 fecit
741 3371 768 3426 id
787 3373 901 3428 consilio
920 3372 961 3427 rel
978 3375 1052 3441 ejus,
1070 3372 1148 3440 cujus
1166 3377 1208 3425 est
1226 3377 1329 3428 motus.
1351 3371 1394 3425 rel
1412 3370 1526 3440 opificis.
1563 3371 1710 3430 Curulium
1729 3382 1821 3432 ιιιιιειιι
1839 3380 1878 3428 est

531 3449 646 3504 rationis
664 3457 692 3503 et
710 3451 779 3505 ratio
796 3451 974 3521 perfectiores
992 3456 1105 3506 naturae
1123 3449 1278 3518 constituit,
1303 3449 1531 3518 quemadmodum
1557 3457 1584 3505 et
1602 3450 1708 3520 species
1727 3453 1806 3520 ipsae
1823 3469 1877 3522 per

532 3526 629 3584 fectitas
647 3529 714 3596 quid
730 3538 802 3599 ειιιιι,
823 3530 923 3599 quippe
942 3528 1155 3592 determinatius,
1174 3542 1254 3597 quam
1273 3528 1300 3582 in
1319 3528 1412 3583 eadem
1431 3530 1522 3598 specie
1539 3531 1624 3598 magis
1642 3541 1670 3587 et
1686 3533 1784 3588 miuus.

617 3607 692 3664 Nota
708 3609 783 3665 vin.
822 3609 987 3664 Divisiouem
1006 3608 1103 3689 statuit
1126 3609 1198 3662 inter
1216 3606 1305 3662 diviua
1324 3614 1351 3662 et
1369 3606 1501 3674 mortalia,
1520 3609 1618 3676 quihus
1631 3609 1740 3666 duabus
1758 3611 1878 3666 differer-

531 3686 576 3742 tiis
593 3686 797 3742 universitatem
815 3703 905 3742 rerum
925 3685 1050 3742 absolvit.
1086 3685 1172 3741 Nobis
1192 3685 1352 3741 Christianis
1370 3685 1457 3754 prima
1475 3685 1570 3741 divisio
1583 3689 1713 3743 statuitur
1731 3690 1804 3745 iuter
1820 3707 1878 3744 aue-

531 3776 619 3822 torem
641 3775 670 3821 et
692 3782 774 3835 opus,
801 3766 848 3820 ille
870 3766 945 3822 solus
965 3767 1089 3835 ὥιίιιιιε,
1113 3766 1204 3836 operis
1222 3782 1286 3822 vero
1305 3765 1412 3834 species
1435 3765 1541 3834 aliquae
1563 3765 1746 3842 immortales,
1775 3768 1878 3837 aliquae

532 3844 732 3915 corruptibiles.
767 3845 829 3900 dam
850 3844 878 3900 in
904 3844 1001 3900 divinis
1027 3846 1177 3916 praecipua
1201 3845 1297 3900 statuit
1314 3859 1430 3913 corpora
1454 3845 1596 3912 coelestia,
1624 3846 1726 3915 quippe
1749 3861 1820 3915 quae
1838 3847 1879 3902 Dii

531 3932 597 3981 suut
614 3924 776 3995 gentilibus3
794 3923 874 3979 nobis
896 3930 960 3980 sunt
976 3922 1041 3978 olim
1059 3923 1265 3992 corrumpenda,
1283 3930 1311 3977 et
1330 3921 1402 3993 quod
1415 3922 1547 3978 hactenus
1560 3924 1760 3994 perennitatem
1773 3926 1877 3982 habent

531 4003 560 4059 ld
577 4019 719 4059 commune
737 4002 928 4060 cumTeilure
946 4001 1056 4058 habeut.
1091 4001 1171 4070 Quod
1190 4018 1253 4057 vero
1270 4002 1297 4057 in
1317 4002 1402 4056 Terra
1427 4008 1491 4056 sunt
1508 4004 1634 4060 mortalia
1652 4011 1680 4058 et
1698 4004 1877 4066 alterationes
1921 4057 1925 4064 ,
1975 4003 1976 4066 ι

533 4088 651 4154 possunt
668 4088 697 4138 et
713 4083 742 4137 iu
761 4081 850 4152 plebis
868 4081 1008 4137 stellarum
1022 4097 1088 4143 ‚case
1105 4079 1273 4148 consimiles,
1297 4087 1353 4135 tam
1371 4095 1425 4136 uon
1443 4083 1590 4151 conspicua
1608 4083 1702 4152 uobis,
1729 4101 1811 4154 quam
1829 4084 1878 4138 ills
1975 4067 1976 4142 i

532 4160 622 4231 globis
645 4168 739 4216 nostm
760 4162 864 4216 minuta
887 4163 1027 4218 tenesmis
1053 4163 1201 4231 conspicua
1223 4175 1278 4214 non
1303 4165 1375 4214 sunt.
1413 4161 1512 4216 Mirum
1530 4166 1633 4232 autem,
1660 4177 1710 4218 cur
1736 4165 1878 4233 praecipue
1975 4217 1976 4226 ,

533 4255 568 4293 ex
586 4238 684 4294 dirime
701 4239 784 4295 faciat
801 4253 918 4310 corpora
934 4240 1075 4308 coelestia,
1093 4240 1174 4310 quasi
1190 4255 1240 4294 uer
1259 4238 1324 4292 deos
1343 4237 1412 4292 aciat
1429 4252 1480 4293 nec
1497 4239 1622 4308 angelos,
1641 4239 1693 4297 illis
1713 4243 1877 4313 corqsorihus,

531 4326 560 4373 et
578 4318 625 4386 qui
642 4333 677 4374 ea
692 4318 850 4383 informent,
872 4317 1056 4374 intellectilem
1074 4317 1298 4388 praestantiores.
1324 4331 1354 4371 ee
1372 4315 1440 4384 ipsis
1458 4318 1639 4373 subsistentes
1657 4334 1709 4375 nec
1727 4337 1746 4376 a
1764 4321 1877 4391 corni·

532 4400 584 4455 bus
602 4398 684 4454 certis
701 4415 801 4467 nexos,
820 4414 895 4468 quae
910 4399 1007 4468 opinor
1024 4398 1178 4454 Stoicorum
1197 4395 1320 4465 adeoque
1338 4403 1366 4450 et
1384 4395 1470 4464 ipsius
1488 4396 1642 4452 Aristotelis
1663 4397 1803 4471 theologis
1820 4399 1876 4454 fuit

532 4479 607 4532 inter
624 4477 749 4531 mortalis
768 4478 929 4549 praecipuas
946 4484 1072 4533 recenset
1088 4477 1192 4531 animas
1210 4475 1350 4544 humanas,
1369 4476 1468 4530 misera
1479 4475 1641 4541 gentilitatis
1656 4477 1811 4546 ignorantia
1827 4480 1876 4533 fas

531 4557 653 4623 cinarus,
678 4556 759 4613 nobia'
784 4555 945 4612 Christianis
969 4556 1059 4612 solatii
1083 4554 1234 4625 dimidium,
1263 4553 1452 4626 philosophiae
1476 4571 1539 4610 vero
1565 4571 1634 4624 apex
1665 4563 1708 4612 est
1732 4559 1876 4614 animorum

532 4642 686 4689 modiorum
703 4635 900 4699 immortalitas,
918 4649 1000 4705 quam
1017 4634 1099 4689 etiam
1117 4633 1341 4704 philosophorum
1351 4631 1431 4686 multi
1449 4640 1476 4686 et
1488 4635 1633 4702 praecipue
1644 4634 1781 4692 Platonici
1789 4651 1876 4692 omnes

532 4717 596 4781 post
612 4712 796 4770 Ptolemaeum
816 4713 1011 4771 defenderunt.
1029 4715 1092 4771 vide
1109 4713 1277 4770 Macrobium
1295 4713 1324 4767 in
1343 4713 1434 4768 Somu.
1454 4711 1594 4781 Scipionis.

617 4790 691 4847 Nota
709 4791 757 4846 [K
794 4792 906 4848 Animas
923 4791 1056 4847 humanas
1080 4800 1107 4846 et
1126 4794 1256 4848 coelestia
1273 4809 1389 4863 corpora
1411 4794 1510 4863 probat
1528 4807 1588 4849 ease
1610 4795 1815 4863 pmestammris
1833 4811 1875 4850 aa·

531 4874 610 4924 turae
626 4884 661 4924 ex
679 4885 721 4937 eo,
740 4871 921 4941 quodmotus
939 4869 1034 4925 localis
1052 4877 1081 4924 et
1098 4871 1211 4926 radonis
1229 4871 1284 4926 sint
1296 4879 1443 4941 compotes,
1461 4879 1516 4926 tam
1529 4871 1659 4930 coelestia
1674 4887 1757 4942 quam
1769 4873 1874 4928 ammae.

533 4947 664 5018 intelligit
682 4953 786 5002 motum
802 4949 941 5005 coelorum
958 4949 1142 5010 administrari
1159 4953 1194 5008 ab
1211 4950 1399 5020 intelligentiis
1415 4951 1523 5020 corpori
1540 4949 1683 5019 atharoth,
1703 4951 1799 5006 animis
1815 4965 1874 5004 vero

534 5027 658 5083 humenis
675 5034 779 5081 motum
797 5043 941 5098 corporum
958 5045 1069 5084 suorum
1087 5038 1230 5100 acceptum
1248 5030 1309 5086 fert.
1344 5032 1558 5100 argumentatur
1576 5029 1658 5099 igitur
1679 5028 1874 5099 apraeatautie

532 5112 623 5162 motus
639 5105 734 5164 localis
751 5118 819 5175 pree
835 5107 934 5164 ceteris
951 5106 987 5164 ed
1005 5110 1200 5179 praestantiam
1219 5125 1327 5178 eorum,
1351 5123 1422 5179 qnae
1438 5109 1511 5166 illius
1535 5109 1698 5180 principium
1720 5110 1749 5166 iu
1767 5125 1797 5164 se
1811 5107 1872 5178 ipris
