4467 6192
881 665 964 729 biber
976 674 1028 731 ¹111.
1046 674 1137 747 caput
1152 677 1199 735 lx.
1650 686 1716 749 m

358 836 509 907 ιιιιιιιιιι,
531 844 699 912 sesamum
720 854 825 903 maun
848 849 968 921 mollasr,
998 851 1148 921 btpuintilis
1169 860 1274 910 mamm
1293 856 1401 926 duram,
1431 867 1501 925 quas
1515 857 1615 913 iterum
1641 864 1716 915 taust

360 918 536 976 Ptolemaeus
561 921 634 989 (vide
659 924 711 980 lus
738 926 817 981 binas
842 936 870 984 st
894 928 972 986 tomas
996 930 1025 985 in
1051 932 1167 1005 singnis
1192 932 1378 988 masnadam
1405 934 1517 991 musicis
1540 928 1714 1005 conjunctas,

358 998 403 1053 ab
420 998 470 1053 111.
489 1014 549 1071 cap.
568 1004 618 1069 a),
636 1010 666 1059 at
683 1018 738 1059 non
756 1018 904 1075 possumus
920 1024 954 1063 ex
973 1008 1076 1066 cuculo
1094 1011 1154 1067 solo
1172 1013 1231 1067 sine
1248 1024 1301 1066 usu
1318 1009 1452 1067 dictorum
1464 1013 1631 1070 ulomstnrn
1650 1031 1714 1072 can-

358 1092 406 1133 aaa
424 1078 580 1147 ostandsre,
599 1083 733 1139 corbam
749 1085 859 1141 residua
875 1096 1027 1143 consonent
1044 1087 1112 1159 sols,
1130 1090 1236 1160 redona
1252 1103 1307 1145 non
1323 1098 1482 1158 consonent,
1499 1087 1601 1148 illaesis
1619 1094 1648 1147 in
1660 1093 1714 1149 lor-

359 1154 461 1211 rasndo
479 1168 593 1228 ”pecta
606 1160 716 1229 jmttru
733 1172 933 1233 augmentorum
950 1164 1081 1245 ipsoram,
1099 1182 1216 1238 qnorum
1232 1174 1299 1224 snut
1313 1167 1435 1230 ‚residua
1470 1168 1529 1225 Nec
1546 1170 1617 1224 onim
1635 1172 1652 1225 7
1670 1184 1714 1225 oc·

357 1242 441 1325 tavae
458 1248 623 1309 maronam,
646 1256 697 1297 noc
714 1245 730 1307 i
749 1244 793 1299 rel
810 1245 827 1300 9
845 1244 978 1309 decimae.
1003 1256 1054 1302 nec
1072 1249 1089 1302 7
1107 1247 1150 1301 ιιι
1170 1250 1199 1303 tt
1221 1244 1408 1315 duodecimae,
1433 1248 1556 1315 quamm
1574 1261 1629 1304 ona
1646 1250 1713 1305 duo

359 1312 467 1381 simunt
485 1324 514 1372 et
530 1318 558 1373 ln
576 1321 700 1377 coelest
717 1322 868 1378 inmusica
884 1323 920 1379 sit
937 1322 1138 1391 sitimcissina3
1156 1326 1269 1382 ssorum
1287 1328 1342 1381 trae
1352 1338 1452 1381 musac
1467 1324 1717 1399 consuescamus

356 1400 438 1477 extra
455 1396 550 1452 circuli
568 1398 668 1456 audam
689 1398 881 1471 geometricam
899 1404 1142 1460 considerationem
1160 1407 1222 1467 (etsi
1234 1422 1289 1461 non
1301 1406 1361 1460 sine
1372 1409 1418 1473 aa)
1433 1406 1506 1460 iutra
1516 1404 1616 1460 tinnites
1626 1406 1714 1475 ipsius

358 1470 542 1545 harmonicas,
560 1476 591 1531 ut
607 1479 714 1547 prolixa
731 1478 839 1537 usundi
856 1480 926 1536 libro
937 1482 982 1536 lv.
1001 1496 1060 1552 cap.
1074 1484 1097 1538 6.
1135 1484 1193 1538 ltec
1205 1485 1350 1553 quicquam
1362 1497 1412 1539 uos
1424 1484 1607 1539 Ptolomeicus
1615 1485 1714 1552 jurant

358 1553 581 1622 compamdoaea
598 1570 685 1627 eoqae
703 1558 852 1615 secundnm
870 1574 960 1615 rerum
979 1569 1101 1616 autumna
1120 1576 1175 1617 uon
1193 1571 1267 1618 sumt.

448 1648 523 1705 Note.
540 1648 583 1705 IV.
621 1652 788 1724 Quid'quod
812 1654 864 1711 sibi
885 1658 939 1727 ipsl
964 1659 1124 1714 adversatur
1146 1655 1332 1715 Ptolemaeus:
1359 1660 1405 1728 qui
1433 1674 1493 1712 cnm
1516 1658 1600 1728 priori
1624 1660 1714 1733 capite

359 1726 515 1795 per-lectum
540 1738 660 1801 systema
677 1730 792 1788 duorum
811 1734 942 1805 diapason
957 1743 1152 1807 ¹comparasset
1172 1740 1224 1791 toti
1241 1738 1366 1802 zodiaco,
1389 1736 1496 1805 singula
1517 1738 1627 1793 sedicet
1639 1736 1714 1793 illins

358 1804 496 1876 diapason
514 1807 628 1879 singnis
646 1810 729 1883 hrains
747 1812 937 1885 semicirculis,
959 1816 1017 1883 jann
1036 1817 1227 1871 consonantias
1251 1817 1352 1885 primas
1376 1814 1414 1870 sic
1436 1806 1621 1871 accommodat
1638 1826 1714 1872 arcu-

359 1886 431 1954 bus,
442 1892 473 1940 ut
490 1888 619 1945 muttonis
638 1890 750 1959 quidem
765 1886 897 1962 diapason
917 1908 1035 1963 congrue
1053 1894 1228 1967 applicentur
1237 1896 1263 1963 6,
1282 1894 1307 1962 ι,
1325 1896 1341 1950 3
1360 1894 1443 1963 signis
1454 1896 1534 1949 unius
1546 1894 1715 1962 semicirculi,

359 1968 390 2017 at
407 1964 541 2030 ommam
559 1966 691 2037 diapason
709 1972 816 2041 cogitur
835 1965 964 2029 exhibere
981 1974 1009 2025 in
1030 1970 1069 2042 lt,
1087 1970 1112 2037 8,
1130 1975 1147 2029 d
1165 1975 1256 2043 signis,
1276 1983 1436 2044 comparans
1450 1974 1507 2041 jam
1525 1975 1639 2030 alterum
1658 1969 1714 2028 dia·

359 2052 450 2133 pasca
468 2045 520 2099 toti
538 2044 648 2103 drculo.
683 2048 787 2118 Quodsi
806 2052 887 2106 etlam
906 2052 1020 2107 eundem
1039 2054 1182 2129 asininam
1199 2054 1329 2123 majorem
1351 2054 1459 2126 uimque
1477 2054 1714 2108 consonantiarum

359 2131 510 2211 pulmarum
528 2132 639 2195 autaut,
658 2136 689 2182 ut
707 2142 745 2183 sc.
764 2137 839 2185 recte
857 2146 918 2185 cum
936 2130 1091 2207 aspectibus
1110 2130 1234 2187 similiter
1250 2136 1414 2203 comparatis
1432 2132 1584 2202 comparari
1600 2132 1714 2203 possint,

360 2206 428 2255 tnnc
447 2218 482 2257 ne
500 2204 668 2265 diatessaron
688 2205 797 2273 quidem
816 2208 842 2261 in
861 2208 988 2276 angustia
1007 2210 1087 2265 sanias
1105 2210 1268 2267 semicirculi
1285 2220 1377 2283 potest
1391 2210 1505 2267 ostendi.
1542 2210 1579 2265 Et
1597 2209 1713 2279 omnino,

360 2288 392 2333 ιιι
411 2280 450 2335 sit
467 2284 585 2351 genuina
603 2286 749 2361 utriusque·
762 2286 992 2357 repraesentatio,
1018 2296 1082 2342 tono
1102 2304 1140 2344 ac.
1159 2287 1297 2360 differens,
1315 2305 1370 2346 non
1388 2285 1468 2346 aliter
1490 2290 1596 2345 institui
1614 2295 1714 2361 potest,

359 2374 445 2449 guam
462 2362 537 2417 inter
556 2362 596 2434 12,
616 2366 640 2433 9,
658 2364 676 2422 8
694 2367 779 2437 signa,
799 2380 936 2435 occupans
954 2372 1042 2421 totum
1061 2367 1204 2437 miculam
1230 2384 1291 2424 oum
1309 2378 1400 2426 tamen
1417 2369 1502 2440 priori
1519 2368 1608 2438 capite
1627 2369 1714 2439 majus

359 2452 403 2506 ns,
423 2436 565 2510 diapason,
584 2440 722 2500 redactum
741 2454 814 2501 esset
830 2446 857 2500 in
876 2442 1081 2503 semicirculum.

451 2536 523 2592 Nota
540 2536 575 2594 V.
610 2542 641 2595 ln
659 2540 712 2599 bac
729 2542 789 2611 lpsa
808 2559 871 2597 aero
889 2560 919 2599 re
936 2544 1083 2615 praecipue
1096 2542 1279 2601 hallucinatur
1290 2547 1358 2603 baec
1370 2546 1546 2617 comparatio,
1564 2547 1637 2615 quod
1650 2553 1715 2603 tono

362 2621 444 2681 aptat
461 2616 568 2675 unciam
587 2620 687 2674 circuli.
725 2622 794 2677 Cum'
810 2622 880 2677 enim
898 2622 926 2677 iu
944 2622 995 2677 hoc
1015 2630 1147 2693 versatur,
1165 2632 1197 2679 ut
1213 2640 1293 2681 arcus
1311 2626 1346 2680 ab
1358 2627 1454 2682 eodem
1465 2629 1568 2696 puncto
1585 2622 1715 2693 incipien-

362 2700 406 2747 tes
425 2693 576 2767 intervallis
594 2700 704 2755 musicis
721 2709 811 2770 aptet,
831 2702 898 2755 baec
913 2700 970 2769 jam
990 2701 1070 2757 urscia
1087 2702 1181 2757 circuli
1198 2720 1369 2774 nequaquam
1392 2719 1409 2758 a
1426 2700 1562 2759 communi
1582 2696 1715 2772 principio

360 2784 425 2827 curm
444 2774 542 2832 emeris
560 2780 722 2848 comparatis
740 2772 842 2850 incipit,
862 2776 910 2834 ssd
928 2779 1000 2833 iuter
1017 2778 1086 2835 lines
1103 2780 1219 2834 duorum
1237 2792 1347 2836 arcuum
1365 2783 1463 2838 tertiae
1480 2789 1509 2836 ιι
1525 2784 1639 2850 qumtae
1654 2795 1715 2849 par·
1766 2811 1769 2816 ·

360 2850 397 2905 tis
415 2850 540 2923 interest,
559 2871 608 2911 san
626 2857 730 2927 potius,
757 2857 787 2911 ut
803 2852 944 2929 proportio
963 2856 1154 2927 sesquioctava
1176 2860 1205 2914 in
1222 2860 1275 2915 boc
1298 2862 1417 2931 spectari
1436 2861 1536 2931 possit,
1559 2860 1631 2915 inter
1647 2859 1715 2913 taes

360 2930 446 2985 triam
465 2942 622 3001 quamarnrn
641 2942 669 2991 et
687 2932 801 2992 duarum
819 2930 960 2993 tertiarum
979 2946 1117 3007 censetur,
1146 2954 1185 2997 sc.
1204 2950 1334 2995 excessus
1357 2948 1400 2995 est
1420 2938 1494 2994 illias
1511 2951 1607 2992 norem
1625 2936 1715 3004 signo·

359 3026 422 3065 rum
441 3022 525 3083 snper
542 3014 616 3073 huuc
628 3016 650 3071 ,8
667 3014 813 3087 signorum.
850 3014 954 3085 Quodsi
972 3016 1159 3072 consideretur
1177 3017 1245 3072 hacc
1263 3018 1343 3072 uucia
1366 3022 1396 3072 ut
1414 3015 1544 3071 excessus
1562 3014 1642 3070 unius
1659 3021 1715 3068 ter

359 3088 417 3144 tiae
441 3090 468 3157 (4
493 3092 640 3165 signorum)
668 3108 750 3167 super
772 3109 853 3151 nnana
871 3104 995 3167 qauruuu
1019 3098 1166 3165 (signorum
1185 3098 1221 3168 3),
1250 3113 1321 3167 quse
1345 3099 1462 3170 genuina
1480 3096 1541 3167 eius
1566 3112 1599 3149 ox
1618 3092 1713 3149 circuli

253 3224 254 3227 ,
335 3224 338 3229 ,
360 3169 497 3227 divisione
514 3174 694 3231 consideratio
713 3182 768 3245 est,
788 3174 845 3244 iarn
864 3176 943 3230 uncia
961 3187 1015 3230 uun
1034 3182 1111 3243 tono,
1134 3176 1183 3231 sed
1201 3176 1320 3246 inteprol
1331 3174 1500 3231 diatessaron
1523 3172 1713 3243 applicabitur,

253 3306 254 3335 ,
359 3246 429 3319 qnia
445 3246 516 3306 inter
534 3250 666 3324 diapason
685 3252 857 3326 epidiapeute
874 3262 902 3310 et
915 3251 1088 3326 disdiapason
1109 3257 1222 3309 interest
1235 3254 1412 3311 diatessaron.
1448 3253 1543 3311 Dicam
1558 3249 1643 3307 verol

360 3326 533 3386 absurdiora.
569 3328 741 3392 Ptolemaeus
759 3330 800 3389 sib
817 3330 939 3388 nominat
956 3332 1064 3389 nuciam
1082 3334 1169 3390 totum
1187 3332 1291 3405 circuli,
1320 3335 1390 3390 sicut
1409 3342 1470 3389 octo
1488 3334 1567 3404 signa
1583 3336 1648 3385 suut
1685 3345 1716 3386 es

253 3468 254 3475 ,
360 3408 488 3477 ejnadctn
505 3413 604 3481 totins,
633 3420 661 3467 et
678 3412 750 3468 sicta
766 3424 861 3467 novem
886 3411 965 3481 signa
983 3403 1117 3482 dodrans,
1141 3410 1189 3467 ille
1213 3412 1341 3483 diapente
1359 3414 1438 3477 daus,
1465 3411 1510 3466 blo
1536 3410 1713 3476 diatessaron,

253 3484 254 3491 ’
359 3492 451 3555 utque
467 3481 503 3542 ιιι
521 3488 593 3547 banc
611 3491 762 3559 analogiam
781 3490 862 3546 uncia
880 3484 954 3545 dabit
972 3484 1347 3563 triadiapasonepidiapenta.
1384 3492 1446 3550 Nou
1468 3492 1550 3563 igitur
1568 3490 1661 3558 uncia,
1685 3497 1715 3545 ut

253 3566 254 3573 ’
361 3563 454 3635 uncia,
473 3570 567 3623 mcum
584 3564 781 3641 repraesentat,
799 3568 849 3624 aad
867 3576 899 3625 ut
915 3576 949 3624 ea
965 3565 1078 3624 insolvit
1090 3571 1320 3641 comparationem
1333 3571 1395 3628 octo
1407 3572 1545 3641 signorum
1557 3584 1619 3625 cam
1631 3568 1715 3638 signia

253 3700 254 3707 ,
361 3652 472 3709 novem,
490 3642 518 3699 id
536 3653 579 3702 est
595 3648 799 3719 proportionem
817 3644 1042 3717 sesuuioctavam.
1078 3646 1132 3704 Est
1149 3656 1178 3703 et
1200 3659 1301 3722 scopus
1322 3652 1448 3719 vitiosus,
1474 3649 1508 3705 ad
1527 3661 1606 3719 quem
1629 3642 1717 3703 tendit

362 3720 436 3777 baec
452 3728 634 3798 comparatio,
653 3736 685 3784 ut
703 3742 754 3798 sc,
768 3728 844 3783 sicut
861 3724 995 3797 diapason
1012 3726 1041 3781 iu
1059 3729 1192 3785 concinna
1210 3738 1253 3785 est
1271 3730 1419 3798 dividuum,
1443 3742 1513 3798 quae
1531 3736 1596 3783 suut
1613 3728 1671 3780 toni
1689 3732 1718 3780 et

364 3798 520 3875 mumma,
539 3804 584 3863 sic·
597 3810 678 3864 etium
696 3806 814 3865 ιιιιιιιιιι
831 3799 974 3864 dividatur.
1011 3802 1080 3863 liam
1099 3806 1122 3861 si
1140 3807 1187 3877 sic,
1205 3815 1271 3863 tuuc
1288 3802 1380 3881 positu
1398 3807 1465 3872 toni,
1486 3806 1541 3860 alto
1559 3802 1601 3859 sel
1622 3800 1717 3861 humili

253 3880 254 3968 ,
364 3880 507 3952 (retusum
532 3888 771 3959 praesumtioni)
789 3888 948 3943 minuuntur
965 3884 1007 3941 rel
1025 3892 1160 3955 augentur
1177 3883 1361 3957 proportionis
1378 3884 1487 3941 tonicae
1510 3884 1717 3953 sesquioctavae

253 4018 254 4037 ,
362 3958 482 4029 termut,
499 3967 583 4035 quire
601 3972 629 4021 st
647 3982 740 4023 eorum
758 3980 896 4024 excessus.
931 3962 1014 4021 Verbi
1032 3977 1124 4032 causa,
1141 3980 1270 4021 excessus
1288 3967 1340 4021 iste
1358 3978 1453 4021 uorem
1478 3964 1615 4031 durorum
1634 3972 1718 4030 sopra

362 4040 389 4103 Βι
408 4042 456 4110 qui
474 4052 517 4100 est
534 4046 615 4101 uncia
632 4046 733 4117 circuli,
753 4044 907 4115 applicatur
925 4063 941 4100 a
959 4044 1115 4099 Ptolemaeo
1133 4044 1200 4099 tono
1217 4042 1266 4112 illi,
1294 4044 1340 4114 qui
1359 4050 1485 4113 quartum
1504 4036 1609 4095 obtinet
1626 4038 1716 4093 locum

361 4122 521 4189 systematis
545 4134 563 4179 a
585 4138 650 4180 voce
675 4120 834 4193 gravissima
852 4137 945 4179 sersus
964 4130 1080 4179 acuum.
1115 4124 1154 4177 at
1178 4122 1202 4176 si
1219 4135 1349 4192 quaeras,
1375 4117 1416 4175 illi
1440 4127 1519 4189 tono,
1545 4119 1591 4189 uiri
1613 4116 1718 4173 obtinet

363 4198 449 4254 imum
468 4200 623 4269 systematis
639 4199 743 4267 locum,
767 4206 869 4273 quanta
886 4203 976 4271 portio
995 4200 1080 4257 totius
1098 4201 1277 4271 respoudeat,
1301 4202 1351 4257 illa
1367 4209 1422 4256 nort
1436 4202 1494 4271 jam
1511 4196 1563 4253 erit
1581 4193 1660 4251 nucia
1677 4201 1718 4249 to·

364 4276 432 4349 tina,
450 4280 498 4335 sed
515 4280 597 4351 longe
615 4280 709 4349 major,
729 4274 833 4335 scillcet
844 4280 926 4350 plane
938 4290 1003 4351 pars
1014 4292 1087 4337 nona
1098 4278 1192 4336 totius.
1228 4280 1320 4352 Quare
1332 4279 1427 4337 divisio
1438 4274 1543 4335 zodiaci
1554 4275 1581 4329 lu
1593 4270 1719 4341 aequalia

368 4358 402 4410 tt
421 4358 488 4414 nihil
508 4374 649 4421 commune
672 4357 756 4415 habet
773 4376 834 4415 cum
853 4356 985 4417 diuisione
1012 4358 1143 4433 diapason
1166 4360 1194 4416 in
1219 4355 1352 4417 concinna
1371 4352 1526 4425 intewalla,
1553 4361 1585 4407 ut
1602 4364 1673 4422 qnae
1690 4351 1719 4404 ιι

364 4436 461 4506 specie
479 4438 608 4497 ditiorum
626 4448 654 4495 et
672 4449 726 4511 pro*
741 4436 892 4494 altitudinis
910 4435 1016 4495 ratione
1034 4447 1225 4496 mensurantur
1243 4438 1399 4496 excasubus
1417 4430 1618 4504 inaequalibus,
1636 4430 1718 4485 etiam

364 4528 413 4580 0²,
431 4530 503 4585 qaae
521 4525 585 4577 sunt
602 4520 725 4591 ejusdem
743 4518 852 4589 speclei.

424 4680 430 4695 ο
455 4612 528 4672 Nota
545 4614 597 4671 VL-
626 4616 741 4693 Frustra
758 4632 823 4686 ergo
841 4615 954 4671 ιιιὶιιιιιι
972 4612 1145 4673 Ptolemaeus
1162 4613 1389 4686 conspirationem
1416 4616 1530 4666 naturae
1548 4605 1716 4664 conforman-

365 4698 401 4751 tis
421 4694 667 4767 distinguentisque
685 4692 825 4751 zodiacum
845 4694 871 4749 iu
892 4694 923 4750 12
942 4692 1021 4763 signa
1039 4708 1100 4747 curu
1119 4699 1217 4748 natura
1233 4691 1463 4755 harmonicorum,
1482 4688 1654 4757 adsumens,
1672 4702 1718 4742 na·

362 4786 456 4835 ,turam
469 4772 539 4832 coeli
548 4772 746 4845 dispositricem
763 4772 851 4829 ideam
864 4770 1063 4829 distributionis
1082 4768 1265 4827 dnodmariae
1289 4788 1324 4826 aa
1342 4783 1468 4825 mensura
1485 4764 1640 4837 systematis
1659 4781 1719 4835 per·

366 4854 449 4923 secti,
473 4868 542 4922 qaue
565 4852 736 4909 contineatur
761 4852 788 4906 ia
807 4847 840 4909 12
859 4851 943 4919 tonis,
962 4848 1136 4914 desumsisse.
1171 4848 1242 4904 Nam
1264 4848 1352 4918 primo
1375 4862 1481 4904 mraum
1507 4839 1602 4901 eodem
1620 4850 1719 4901 conatu

364 4932 505 4991 contraria
523 4926 645 5000 molitur,
663 4948 725 4987 narn
744 4937 772 4997 et
790 4926 844 4983 duro
863 4927 994 4999 diapason
1012 4929 1168 4996 systematis
1186 4926 1301 4998 perfecti
1319 4932 1510 4997 comparantur
1528 4941 1589 4979 cum
1606 4922 1719 4994 ιίιιιιιο,

366 5022 399 5069 ιιι
417 5010 507 5083 capite
526 5004 623 5082 priori,
642 5016 670 5064 et
687 5009 726 5065 aio
745 5002 886 5078 quodlibet
903 5022 964 5062 oum
983 4996 1152 5063 semicirculo
1170 5016 1199 5062 et
1216 5005 1296 5062 simul
1321 5004 1375 5061 duo
1394 5018 1473 5060 mous
1491 5003 1584 5059 cbcnli
1602 5000 1719 5070 maiores

366 5075 555 5161 semicirculo,
579 5086 679 5159 singuli
698 5080 776 5147 relati
795 5084 829 5147 ud
848 5094 947 5157 totum,
967 5090 1159 5159 comparantur
1176 5082 1270 5164 primia
1287 5082 1451 5155 ιιι-ιιιοιιιιις
1475 5080 1538 5165 quia
1556 5096 1649 5139 eorum
1667 5078 1719 5141 dit-
