4467 6192
873 655 957 714 Libet·
967 655 1018 712 111.
1039 655 1189 727 caputlll.
1642 663 1705 726 uti

347 827 392 882 iric
409 835 511 886 auctor
528 830 593 900 agit,
612 846 756 888 commum
773 830 913 903 quippiam
930 838 973 887 est
991 836 1047 888 taus
1065 829 1235 889 naturalibus
1252 828 1449 900 accidentarie,
1466 837 1522 888 tarn
1540 848 1590 902 pro
1608 837 1706 890 natura

347 907 510 965 nobilitatis
523 925 598 967 suae.
615 927 697 980 qnam
714 909 812 965 divinis
829 916 964 978 perpetuo
982 916 1011 967 et
1028 907 1217 976 essentialiter,
1237 907 1338 978 quippe
1356 925 1426 978 quae
1444 918 1509 966 sunt
1525 909 1681 968 immobilia.

437 985 513 1041 Nota
529 987 604 1044 XIII.
641 987 721 1058 Quod
746 993 838 1042 autem
867 987 965 1041 statuit
989 985 1017 1044 in
1037 987 1144 1042 divinia
1163 986 1281 1056 aliqum
1299 1001 1409 1046 causam
1427 988 1549 1058 ipsorum
1567 991 1704 1060 perpetui·

346 1063 415 1121 ntis
433 1063 514 1132 qussi
530 1080 581 1134 per
598 1075 703 1122 motum
726 1069 800 1134 (nans
823 1065 906 1120 etium
925 1065 959 1120 sd
977 1063 1069 1120 divine
1094 1065 1215 1134 pertinet
1233 1067 1259 1120 vi
1276 1067 1476 1124 consecutionis
1494 1067 1706 1140 quodhabeant
1808 1087 1811 1094 ·

344 1140 528 1213 principium,
547 1144 622 1212 quod
639 1144 675 1210 sit
692 1150 796 1212 motus,
824 1158 875 1198 seu
891 1159 910 1198 a
926 1145 1007 1214 qino),
1032 1142 1061 1199 id
1077 1141 1220 1222 dristoteli
1238 1143 1345 1200 videtur
1362 1143 1450 1208 orbeca
1469 1146 1596 1217 s'sepysm:
1621 1153 1652 1202 ut
1665 1147 1710 1210 air

345 1219 401 1273 boc
418 1227 502 1288 pacto
520 1221 681 1277 vocabulum
698 1230 789 1278 motus
806 1221 886 1280 valde
903 1221 1104 1290 aequivocum..

434 1293 528 1356 Porro
556 1296 708 1357 rationalis
737 1297 896 1356 causalitas
926 1297 986 1357 alia
1017 1304 1062 1356 est
1090 1303 1124 1355 ut
1156 1313 1238 1357 meus
1268 1306 1298 1356 et
1335 1298 1429 1374 vergit
1465 1295 1503 1358 ad
1527 1297 1702 1367 diviniorem

344 1384 495 1458 speciem,
525 1383 586 1444 alis
608 1394 641 1443 nt
661 1403 711 1446 ars
733 1394 764 1446 et
785 1391 900 1461 spectat
920 1386 1015 1460 ipsam
1036 1390 1117 1444 recta
1140 1386 1300 1456 rationem,
1329 1384 1389 1444 alia
1411 1393 1444 1445 ut
1466 1404 1530 1445 mos
1554 1393 1583 1446 et
1606 1389 1703 1462 vergit

345 1469 387 1529 ad
408 1478 546 1531 naturam
569 1468 651 1554 ω’).
695 1472 752 1534 Per
773 1487 875 1531 omnes
907 1481 967 1531 tres
987 1473 1102 1548 species
1132 1470 1202 1530 licet
1223 1473 1355 1532 iuvenire
1388 1471 1590 1547 harmonicen,
1620 1492 1705 1536 asse·

345 1565 489 1633 quentem
518 1562 667 1637 proprium
694 1577 781 1620 suurn
807 1560 895 1618 finem
922 1555 983 1638 Π).
1028 1557 1104 1617 Nam
1127 1559 1252 1634 primum
1274 1559 1339 1636 ipsa
1361 1561 1450 1635 ratio,
1484 1559 1653 1638 simpliciter
1675 1569 1705 1622 et

345 1645 510 1704 universim
532 1655 644 1721 sumta,
677 1645 753 1708 solet
776 1647 886 1706 ordinis
916 1655 945 1706 et
973 1661 1159 1706 commensus
1186 1663 1251 1706 esse
1283 1664 1374 1707 causa
1406 1649 1435 1707 iu
1463 1648 1569 1722 rebus;
1599 1641 1704 1709 deinde

344 1731 520 1792 barmonim
542 1737 571 1792 in
596 1736 697 1812 specie
718 1736 793 1794 ratic
816 1750 999 1793 commensus
1029 1739 1074 1792 est
1096 1735 1130 1796 in
1150 1731 1323 1793 audibilium
1346 1751 1453 1811 genere
1477 1745 1594 1809 auctor,
1627 1737 1707 1796 sicut·

344 1821 423 1878 ratio
447 1821 642 1898 imaginativa
663 1822 889 1895 invisibilium,
909 1821 1088 1897 judicatorio
1110 1824 1139 1879 in
1163 1820 1408 1882 intellectibilium
1430 1839 1550 1900 genere,
1575 1823 1705 1900 disponit

344 1913 449 1967 autem
471 1907 603 1970 ordinem
624 1909 716 1984 illum,
741 1911 790 1988 qui
814 1917 858 1970 est
880 1911 910 1968 iu
933 1907 1125 1982 audibilibus,
1150 1927 1238 1985 quam
1261 1911 1376 1988 proprie
1400 1911 1625 1971 concinnitatem
1648 1927 1703 1988 ap·-

344 1989 493 2070 pellamus
509 1993 584 2076 m).
628 1997 723 2075 igitur
750 1998 788 2056 ob
818 1996 1031 2073 speculativam
1055 1997 1256 2057 inventionem
1279 1997 1593 2060 commemorationum
1616 2015 1705 2077 spec·

344 2089 427 2141 tatur
448 2102 469 2142 a
491 2086 622 2162 pertibus
645 2083 760 2158 mentis,
784 2085 823 2144 ob
845 2086 1027 2145 manuariam
1049 2100 1121 2144 vero
1146 2102 1245 2144 carum
1268 2087 1570 2163 repraesentationem
1587 2104 1612 2150 a
1634 2104 1705 2161 par-

345 2170 426 2230 tibus
450 2180 496 2230 est
518 2174 605 2246 artis,
634 2174 759 2248 denique
788 2173 827 2232 ob
851 2173 1091 2233 exercitationem
1113 2173 1289 2232 imitativum
1312 2191 1331 2234 a
1353 2175 1485 2250 partibus
1507 2176 1595 2234 moris
1618 2169 1704 2252 ΠΗ),

285 2277 290 2284 ’
345 2267 377 2318 et
397 2256 458 2318 lsoe
479 2258 555 2332 idac,
579 2264 649 2337 quia
680 2262 709 2318 in
732 2262 902 2320 universum
933 2261 1008 2318 ratio
1037 2260 1151 2318 invenit
1179 2259 1298 2336 quidem
1329 2261 1438 2321 bonum
1469 2260 1705 2336 contemplando,

344 2353 549 2421 repraesentet
580 2366 651 2408 vero
674 2347 918 2424 comprehensum
940 2346 1104 2424 operando,
1134 2347 1280 2408 assimilat
1303 2346 1438 2426 'denique
1461 2349 1518 2408 sibi
1539 2343 1707 2426 subjectum

344 2434 568 2495 consuescendo
591 2432 688 2516 mn).

434 2515 509 2571 licta
525 2517 597 2572 xiv.
634 2520 705 2575 care
723 2516 927 2586 ambiguitatem
944 2531 979 2573 ex
996 2515 1213 2586 reduplicatione
1230 2516 1284 2570 ista
1301 2523 1492 2586 emergentem.
1529 2517 1617 2573 Erant
1635 2516 1707 2576 enisu

345 2593 445 2649 eadem
456 2594 518 2665 tria,
536 2611 607 2665 quae
620 2597 665 2652 bic
677 2602 878 2665 conmemorat,
895 2596 976 2650 etiam
988 2596 1015 2650 in
1034 2595 1179 2665 prioribus,
1197 2602 1253 2650 tres
1265 2595 1359 2652 itidem
1372 2595 1519 2653 secundnm
1533 2597 1579 2652 illa
1595 2609 1706 2652 musas:
1745 2609 1750 2622 ·

344 2674 432 2740 Dens,
450 2675 530 2741 ratio,
548 2683 655 2732 nature
673 2676 710 2730 at
726 2690 798 2730 nunc
816 2674 933 2730 mediam
952 2689 1053 2744 eurum,
1071 2665 1207 2730 ration'em
1224 2681 1302 2744 puta,
1320 2674 1481 2745 subdividit,
1501 2675 1657 2731 constitutis
1675 2689 1708 2731 ac

345 2753 474 2822 repetitis
492 2755 588 2812 iisdem
606 2753 768 2810 diffamatiis
786 2753 882 2820 tribus,
901 2752 1035 2808 rationem
1052 2753 1141 2822 ipsum
1160 2759 1208 2808 aut
1225 2751 1343 2807 divinam
1362 2767 1424 2808 esse
1453 2753 1582 2810 scribens.
1600 2761 1648 2808 aut
1665 2768 1708 2808 rs·

345 2832 487 2901 tionalem,
505 2842 554 2889 aut
570 2833 731 2890 naturalem.
758 2831 875 2888 Sebolce
892 2831 1098 2900 philosophicae
1117 2830 1201 2900 paulo
1219 2830 1300 2886 aliter
1317 2832 1474 2890 incedentes
1503 2833 1598 2889 eodem
1616 2841 1709 2887 tamen

345 2911 468 2966 renium.
504 2913 574 2967 Nam
601 2913 739 2982 principes
756 2911 863 2965 animae
889 2909 1035 2966 facultates
1059 2907 1131 2964 dnae
1155 2916 1234 2964 sunt:
1263 2912 1415 2968 theoretica
1441 2922 1469 2969 et
1492 2914 1618 2982 practica
1656 2915 1708 2970 Illa

345 2991 459 3058 proprie
477 3011 540 3052 vnce
565 2991 665 3047 dicitur
690 3007 741 3046 seu
767 2988 940 3057 intellectus,
967 2989 994 3043 in
1022 2989 1075 3044 bac
1101 2995 1230 3044 censetur
1257 2989 1391 3045 voluntas.
1428 2991 1483 3046 Sed
1509 2992 1543 3047 de
1567 2993 1708 3050 voluntate

345 3069 526 3124 Ptolemaeus
550 3070 608 3139 J‘am
626 3087 681 3125 non
707 3069 855 3140 praecipue
881 3068 955 3137 egit,
983 3069 1049 3138 quin
1077 3068 1170 3139 potius
1190 3067 1224 3122 de
1242 3070 1323 3124 variis
1342 3068 1455 3124 rationis
1474 3069 1707 3144 dispositionibus,
1785 3079 1788 3086 '

346 3162 464 3214 quarum
484 3147 594 3216 abqnae
611 3151 638 3204 in
665 3149 773 3210 theoria
798 3156 983 3218 occupentur,
1010 3149 1118 3217 aliquae
1133 3147 1171 3203 ad
1198 3149 1295 3218 prsrin
1322 3163 1383 3203 sese
1411 3155 1548 3204 exserunt
1584 3149 1628 3204 Ad
1645 3149 1708 3206 illas

345 3226 468 3293 pertinet
485 3227 608 3296 scientia,
627 3228 662 3283 ad
681 3227 731 3282 bas
748 3227 869 3282 actiones
888 3235 916 3281 et
933 3227 1051 3282 babitus.
1078 3228 1145 3282 Cum
1163 3226 1235 3282 enim
1253 3227 1373 3282 actiones
1393 3227 1504 3283 crebrae
1521 3234 1663 3284 transeant
1680 3228 1708 3284 ln

312 3313 319 3322 ’
345 3301 473 3374 habitus,
493 3306 533 3361 sic
551 3313 583 3360 ut
600 3306 716 3377 dacione
734 3322 789 3362 non
808 3306 964 3376 consilium,
991 3306 1039 3363 sed
1058 3306 1121 3374 ipsa
1136 3307 1324 3369 consuetudo.
1343 3305 1461 3360 subnixa
1477 3308 1619 3374 memoris,
1637 3320 1708 3376 quae

345 3381 443 3437 intima
459 3384 567 3440 mimae
586 3384 703 3441 iacultss
720 3393 779 3456 est,
807 3387 944 3442 sentiente
961 3392 1093 3455 excepte,
1117 3384 1265 3452 multarum
1289 3386 1427 3444 actionum
1445 3399 1529 3441 causa
1545 3383 1606 3440 flat:
1633 3391 1709 3441 recte

345 3459 432 3528 igitur
459 3463 584 3530 practica
609 3465 692 3519 animi
717 3463 834 3520 menites
860 3466 889 3520 in
916 3465 985 3520 duas
1013 3463 1211 3529 subdividitur,
1238 3477 1320 3519 unam
1337 3479 1408 3533 quae
1427 3478 1460 3517 ex
1479 3463 1546 3517 artis
1564 3463 1709 3518 dictamine

346 3549 498 3610 operatur,
525 3541 641 3598 alteran'r
658 3559 729 3613 qnae
747 3560 781 3597 ex
798 3558 874 3598 more
900 3559 948 3598 seu
966 3544 1170 3598 consuetudine.
1207 3545 1267 3599 Hoc
1292 3543 1376 3613 igitur
1393 3550 1474 3612 pacto
1493 3549 1548 3598 tres
1567 3547 1709 3611 emergunt
1785 3611 1789 3621 Ι

346 3620 518 3688 principales
537 3621 663 3690 ὄνοργειαι
682 3622 820 3678 facultatis
839 3615 944 3678 animae
962 3623 1108 3692 principis:
1139 3622 1306 3690 intellectio,
1332 3620 1491 3676 exercitatio
1509 3621 1536 3674 in
1554 3619 1707 3689 intellectis,

346 3707 375 3752 et
392 3699 595 3756 exercitatione
613 3709 771 3771 comparata
788 3704 906 3759 ineditas
924 3704 1104 3773 operationis3
1123 3710 1180 3758 tres
1198 3705 1272 3760 modi
1291 3699 1421 3758 causandi
1439 3699 1551 3768 aliquid
1581 3699 1620 3754 Et
1637 3707 1710 3768 nota,

346 3776 422 3844 quod
440 3777 615 3836 Ptolemaeus
631 3797 688 3835 non
706 3781 786 3847 dicit,
813 3783 884 3850 tria,
912 3797 982 3851 quas
1000 3783 1045 3838 blc
1063 3789 1267 3848 commemorat,
1295 3794 1356 3836 esse
1380 3779 1441 3847 ista,
1461 3786 1587 3846 mentem,
1614 3785 1709 3846 amem,

346 3869 465 3921 morem,
483 3857 533 3910 aed
551 3859 624 3927 dicit,
643 3875 706 3915 ease
723 3860 771 3917 illa
788 3871 820 3916 nt
837 3869 971 3930 mentem,
990 3871 1023 3918 ut
1039 3871 1142 3928 mrem,
1168 3867 1200 3916 ut
1217 3874 1326 3914 morem.
1363 3859 1433 3914 Nam
1451 3873 1510 3912 mos
1528 3871 1578 3913 seu
1596 3869 1711 3912 consue·

346 3935 415 3989 mdc
435 3935 629 4004 complectitur
646 3939 757 3995 babitus
784 3957 896 4009 omnes,
922 3949 952 3996 at
977 3940 1058 3996 etiam
1076 3955 1122 3995 ars
1149 3940 1219 3994 inter
1245 3938 1355 3993 habitus
1373 3943 1417 3991 eat
1434 3936 1570 4005 etiamque
1589 3931 1708 3997 seientia,

347 4016 450 4070 mentis
468 4017 582 4086 propria
599 4019 750 4088 dispositio.
786 4020 849 4074 Non
867 4027 1070 4081 commemorat,
1076 4019 1162 4086 igitur
1179 4016 1354 4072 Ptolemaeus
1372 4021 1429 4068 tres
1445 4013 1566 4084 babitus,
1585 4011 1633 4066 sed
1652 4017 1709 4066 tres

348 4093 438 4148 dictas
456 4094 539 4148 animi
556 4095 702 4152 bonitates
715 4111 862 4166 emnmqne
875 4097 1007 4165 energias,
1026 4112 1140 4164 quarum
1153 4093 1292 4164 quaelibet
1310 4095 1358 4150 uni
1375 4095 1508 4150 dictarum
1520 4093 1601 4148 trium
1618 4103 1709 4146 rerum

347 4172 518 4228 assimilatur
536 4173 579 4229 vel
596 4184 715 4246 cognata
732 4183 783 4232 est.
818 4175 972 4232 Intellectic
991 4175 1063 4231 enim
1080 4190 1130 4230 seu
1148 4174 1235 4244 tnagis
1252 4173 1373 4228 inventio
1390 4173 1419 4228 in
1437 4170 1576 4243 praesenti
1594 4166 1707 4224 muteris

345 4250 420 4306 intra
437 4253 537 4307 mentis
563 4257 715 4324 penetralia
731 4258 861 4323 vertitur,
888 4255 1046 4313 exercitatio
1074 4270 1136 4310 sese
1155 4255 1229 4309 toras
1249 4254 1283 4309 ad
1302 4252 1415 4308 sensilia
1432 4251 1551 4320 prolert,
1576 4245 1708 4316 acubus

346 4329 511 4385 documenta
529 4334 651 4403 capimus
679 4335 759 4392 artis.
785 4351 840 4404 qua
866 4334 968 4403 polleat
992 4349 1126 4404 operans,
1154 4333 1278 4402 operatio
1306 4347 1339 4386 ex
1367 4329 1464 4386 habitu
1483 4341 1512 4384 se
1530 4328 1589 4395 ipsa
1608 4323 1706 4378 intelli·

345 4409 438 4478 gitur,
466 4411 555 4478 qualis
574 4413 615 4467 sit.
652 4403 752 4469 Differt
769 4415 840 4468 enim
859 4413 910 4468 boc
928 4412 990 4468 loro
1007 4413 1036 4466 in
1053 4413 1211 4468 Ptolemaeo
1230 4410 1390 4466 exercitatio
1409 4406 1558 4466 secuudum
1574 4411 1661 4460 artem
1679 4411 1708 4470 et

345 4487 471 4556 operatio
490 4505 524 4543 ex
543 4490 650 4562 habitn;
678 4508 732 4560 qno
746 4492 818 4548 artis
836 4491 968 4546 vocabulo
991 4490 1049 4560 jam
1067 4491 1188 4546 nondum
1215 4489 1446 4559 praesupponitur
1470 4485 1580 4542 babitus
1598 4481 1706 4552 inipso

256 4570 257 4578 ’
346 4572 506 4635 exercente,
533 4569 561 4624 in
579 4579 710 4641 quantum
728 4587 758 4628 se
776 4578 904 4638 exercet,
932 4569 981 4627 sed
1005 4569 1193 4634 tantummodo
1221 4569 1357 4624 dictamen
1383 4566 1510 4629 rationis,
1536 4560 1611 4618 salut
1627 4571 1723 4620 crus*

346 4645 460 4700 mantis:
487 4655 516 4701 at
533 4649 615 4704 moris
634 4666 683 4706 seu
701 4649 813 4707 habitus
830 4650 964 4707 vocabulo
977 4649 1143 4718 intelligitur
1160 4647 1267 4704 alsamo
1285 4647 1371 4716 ipsius
1389 4643 1542 4716 operantis,
1570 4649 1705 4711 quatenus

346 4733 485 4793 operatur.
522 4727 627 4782 Morem
653 4743 704 4782 sen
722 4731 948 4785 consuetudinem
975 4727 1011 4783 ad
1027 4736 1145 4783 naturas
1162 4732 1255 4795 partes
1273 4725 1403 4780 inclinare
1422 4723 1502 4790 dicit,
1530 4719 1652 4790 qmmsis
1669 4721 1706 4776 sit

345 4805 461 4859 rationis
478 4807 599 4874 species:
623 4807 688 4876 quis
701 4808 778 4867 ,sicut
795 4823 894 4862 musae
910 4805 1050 4866 naturales
1075 4812 1162 4874 agunt
1178 4804 1239 4858 siue
1256 4803 1391 4872 diacoma,
1410 4801 1512 4871 quippe
1530 4816 1585 4870 quo
1602 4807 1704 4870 cerem,

347 4891 376 4938 et
392 4889 481 4952 agunt
497 4898 606 4955 super
622 4887 718 4942 eodem
736 4887 826 4956 ruodo,
844 4901 901 4940 non
918 4885 1073 4954 impeditae,
1092 4884 1132 4938 sic
1150 4882 1241 4948 etism,
1261 4880 1334 4952 qnod
1352 4895 1389 4937 ex
1406 4895 1481 4936 more
1498 4878 1538 4949 tit,
1555 4878 1583 4934 id
1601 4879 1704 4949 simpli·
1743 4935 1747 4952 ,

346 4963 416 5018 sitm
434 4971 462 5016 et
478 4962 639 5034 plerunque
657 4983 712 5022 non
731 4982 766 5021 ax
783 4961 933 5019 deliberato
952 4960 990 5017 fit.
1476 5003 1478 5011 .
1664 5011 1670 5023 ,

433 5041 509 5097 liota
525 5042 583 5097 XV.
618 5043 681 5099 Jam
707 5041 895 5103 accommodat
919 5039 1055 5109 triplicem
1081 5037 1151 5094 banc
1178 5037 1316 5106 energiam
1334 5036 1447 5094 rationis
1473 5035 1509 5092 ad
1533 5036 1703 5106 propositum

347 5119 499 5194 abiectum,
517 5121 621 5178 scilicet
638 5123 675 5179 sd
691 5120 856 5179 bmmosiea
891 5119 1025 5187 Primum,
1043 5133 1113 5188 quas
1131 5133 1182 5187 ego
1196 5115 1255 5186 jsm
1273 5117 1396 5188 energias
1414 5115 1485 5188 diri,
1503 5113 1626 5184 appellet
1642 5115 1702 5186 ipss

1475 5211 1515 5270 22
1526 5207 1545 5244 *
