<?xml version="1.0" encoding="UTF-8"?>
<!DOCTYPE html PUBLIC "-//W3C//DTD XHTML 1.0 Transitional//EN"
    "http://www.w3.org/TR/xhtml1/DTD/xhtml1-transitional.dtd">
<html xmlns="http://www.w3.org/1999/xhtml" xml:lang="en" lang="en">
 <head>
  <title>
</title>
<meta http-equiv="Content-Type" content="text/html;charset=utf-8" />
  <meta name='ocr-system' content='tesseract 3.04.00' />
  <meta name='ocr-capabilities' content='ocr_page ocr_carea ocr_par ocr_line ocrx_word'/>
</head>
<body>
  <div class='ocr_page' id='page_1' title='image "./joanniskepleria19frisgoog_0154.png"; bbox 0 0 4467 6192; ppageno 0'>
   <div class='ocr_carea' id='block_1_1' title="bbox 535 661 1345 758">
    <p class='ocr_par' dir='ltr' id='par_1_1' title="bbox 535 655 1345 758">
     <span class='ocr_line' id='line_1_1' title="bbox 535 661 1345 758; baseline 0.036 -40"><span class='ocrx_word' id='word_1_1' title='bbox 535 661 595 720; x_wconf 79' lang='grc'><strong>136</strong></span> <span class='ocrx_word' id='word_1_2' title='bbox 1063 684 1104 738; x_wconf 89' lang='lat' dir='ltr'><strong>De</strong></span> <span class='ocrx_word' id='word_1_3' title='bbox 1121 685 1345 758; x_wconf 83' lang='lat' dir='ltr'><strong>Propontionibus</strong></span> 
     </span>
    </p>
   </div>
   <div class='ocr_carea' id='block_1_2' title="bbox 618 833 1882 948">
    <p class='ocr_par' dir='ltr' id='par_1_2' title="bbox 618 833 1882 948">
     <span class='ocr_line' id='line_1_2' title="bbox 618 833 1882 948; baseline 0.039 -63"><span class='ocrx_word' id='word_1_4' title='bbox 618 833 648 886; x_wconf 93' lang='lat' dir='ltr'><strong>ln</strong></span> <span class='ocrx_word' id='word_1_5' title='bbox 667 834 802 895; x_wconf 88' lang='lat' dir='ltr'><strong>abstracto</strong></span> <span class='ocrx_word' id='word_1_6' title='bbox 821 845 860 898; x_wconf 89' lang='lat' dir='ltr'><strong>sie</strong></span> <span class='ocrx_word' id='word_1_7' title='bbox 877 847 1049 922; x_wconf 68' lang='lat' dir='ltr'><strong>intelligatur,</strong></span> <span class='ocrx_word' id='word_1_8' title='bbox 1068 859 1139 928; x_wconf 91' lang='lat' dir='ltr'><strong>quod</strong></span> <span class='ocrx_word' id='word_1_9' title='bbox 1152 862 1269 920; x_wconf 88' lang='lat' dir='ltr'><strong>circulus</strong></span> <span class='ocrx_word' id='word_1_10' title='bbox 1287 881 1348 922; x_wconf 87' lang='lat' dir='ltr'><strong>cum</strong></span> <span class='ocrx_word' id='word_1_11' title='bbox 1366 873 1443 938; x_wconf 88' lang='lat' dir='ltr'><strong>parts</strong></span> <span class='ocrx_word' id='word_1_12' title='bbox 1454 887 1509 926; x_wconf 86' lang='lat' dir='ltr'><strong>sua</strong></span> <span class='ocrx_word' id='word_1_13' title='bbox 1528 876 1676 932; x_wconf 89' lang='lat' dir='ltr'><strong>constituat</strong></span> <span class='ocrx_word' id='word_1_14' title='bbox 1686 878 1882 948; x_wconf 86' lang='lat' dir='ltr'><strong>proportiones</strong></span> 
     </span>
    </p>
   </div>
   <div class='ocr_carea' id='block_1_3' title="bbox 531 911 1884 1072">
    <p class='ocr_par' dir='ltr' id='par_1_3' title="bbox 531 911 1884 1072">
     <span class='ocr_line' id='line_1_3' title="bbox 531 911 1884 1022; baseline 0.039 -63"><span class='ocrx_word' id='word_1_15' title='bbox 531 915 618 964; x_wconf 84' lang='lat' dir='ltr'><strong>certas</strong></span> <span class='ocrx_word' id='word_1_16' title='bbox 636 911 819 989; x_wconf 75' lang='lat' dir='ltr'><strong>harmonicas,</strong></span> <span class='ocrx_word' id='word_1_17' title='bbox 846 938 928 995; x_wconf 88' lang='lat' dir='ltr'><strong>qnae,</strong></span> <span class='ocrx_word' id='word_1_18' title='bbox 953 927 980 983; x_wconf 93' lang='lat' dir='ltr'><strong>in</strong></span> <span class='ocrx_word' id='word_1_19' title='bbox 999 934 1204 1010; x_wconf 83' lang='lat' dir='ltr'><strong>quibuscunque</strong></span> <span class='ocrx_word' id='word_1_20' title='bbox 1221 943 1392 1002; x_wconf 81' lang='lat' dir='ltr'><strong>inveniantur</strong></span> <span class='ocrx_word' id='word_1_21' title='bbox 1414 949 1534 1008; x_wconf 86' lang='lat' dir='ltr'><strong>terminis</strong></span> <span class='ocrx_word' id='word_1_22' title='bbox 1561 953 1632 1022; x_wconf 85' lang='lat' dir='ltr'><strong>aliis,</strong></span> <span class='ocrx_word' id='word_1_23' title='bbox 1656 971 1704 1010; x_wconf 89' lang='lat' dir='ltr'><strong>seu</strong></span> <span class='ocrx_word' id='word_1_24' title='bbox 1729 957 1805 1012; x_wconf 90' lang='lat' dir='ltr'><strong>souis</strong></span> <span class='ocrx_word' id='word_1_25' title='bbox 1830 973 1884 1014; x_wconf 86' lang='lat' dir='ltr'><strong>sen</strong></span> 
     </span>
     <span class='ocr_line' id='line_1_4' title="bbox 531 988 1234 1072; baseline 0.05 -31"><span class='ocrx_word' id='word_1_26' title='bbox 531 988 650 1044; x_wconf 87' lang='lat' dir='ltr'><strong>motibus</strong></span> <span class='ocrx_word' id='word_1_27' title='bbox 668 994 764 1064; x_wconf 76' lang='lat' dir='ltr'><strong>mods,</strong></span> <span class='ocrx_word' id='word_1_28' title='bbox 782 1013 888 1069; x_wconf 90' lang='lat' dir='ltr'><strong>semper</strong></span> <span class='ocrx_word' id='word_1_29' title='bbox 905 1004 960 1060; x_wconf 89' lang='lat' dir='ltr'><strong>sint</strong></span> <span class='ocrx_word' id='word_1_30' title='bbox 976 1008 1157 1072; x_wconf 72' lang='lat' dir='ltr'><strong>harmonicae.</strong></span> <span class='ocrx_word' id='word_1_31' title='bbox 1197 1028 1200 1036; x_wconf 92' lang='grc'><strong>’</strong></span> <span class='ocrx_word' id='word_1_32' title='bbox 1231 1017 1234 1026; x_wconf 90' lang='grc'><strong>’</strong></span> 
     </span>
    </p>
   </div>
   <div class='ocr_carea' id='block_1_4' title="bbox 617 1067 1885 1176">
    <p class='ocr_par' dir='ltr' id='par_1_4' title="bbox 617 1067 1885 1176">
     <span class='ocr_line' id='line_1_5' title="bbox 617 1067 1885 1176; baseline 0.039 -56"><span class='ocrx_word' id='word_1_33' title='bbox 617 1067 739 1126; x_wconf 80' lang='lat' dir='ltr'><strong>Additur</strong></span> <span class='ocrx_word' id='word_1_34' title='bbox 750 1084 840 1131; x_wconf 88' lang='lat' dir='ltr'><strong>autern</strong></span> <span class='ocrx_word' id='word_1_35' title='bbox 858 1080 911 1137; x_wconf 90' lang='lat' dir='ltr'><strong>hoc</strong></span> <span class='ocrx_word' id='word_1_36' title='bbox 928 1087 1034 1144; x_wconf 78' lang='lat' dir='ltr'><strong>axioma</strong></span> <span class='ocrx_word' id='word_1_37' title='bbox 1049 1093 1125 1159; x_wconf 88' lang='lat' dir='ltr'><strong>ideo,</strong></span> <span class='ocrx_word' id='word_1_38' title='bbox 1154 1097 1217 1166; x_wconf 89' lang='lat' dir='ltr'><strong>quia</strong></span> <span class='ocrx_word' id='word_1_39' title='bbox 1236 1115 1290 1156; x_wconf 92' lang='lat' dir='ltr'><strong>non</strong></span> <span class='ocrx_word' id='word_1_40' title='bbox 1309 1117 1401 1158; x_wconf 89' lang='lat' dir='ltr'><strong>omues</strong></span> <span class='ocrx_word' id='word_1_41' title='bbox 1424 1108 1613 1176; x_wconf 80' lang='lat' dir='ltr'><strong>proportiones</strong></span> <span class='ocrx_word' id='word_1_42' title='bbox 1641 1111 1815 1170; x_wconf 79' lang='lat' dir='ltr'><strong>harmonicae</strong></span> <span class='ocrx_word' id='word_1_43' title='bbox 1834 1131 1885 1168; x_wconf 86' lang='lat' dir='ltr'><strong>rm·</strong></span> 
     </span>
    </p>
   </div>
   <div class='ocr_carea' id='block_1_5' title="bbox 530 1145 1885 1302">
    <p class='ocr_par' dir='ltr' id='par_1_5' title="bbox 530 1145 1885 1302">
     <span class='ocr_line' id='line_1_6' title="bbox 531 1145 1885 1266; baseline 0.038 -69"><span class='ocrx_word' id='word_1_44' title='bbox 531 1145 647 1200; x_wconf 84' lang='lat' dir='ltr'><strong>mediate</strong></span> <span class='ocrx_word' id='word_1_45' title='bbox 672 1165 707 1204; x_wconf 80' lang='lat' dir='ltr'><strong>ex</strong></span> <span class='ocrx_word' id='word_1_46' title='bbox 724 1152 784 1220; x_wconf 92' lang='lat' dir='ltr'><strong>ipso</strong></span> <span class='ocrx_word' id='word_1_47' title='bbox 802 1156 902 1214; x_wconf 81' lang='lat' dir='ltr'><strong>circulo</strong></span> <span class='ocrx_word' id='word_1_48' title='bbox 928 1163 1050 1223; x_wconf 71' lang='lat' dir='ltr'><strong>emuntur</strong></span> <span class='ocrx_word' id='word_1_49' title='bbox 1065 1172 1153 1239; x_wconf 92' lang='lat' dir='ltr'><strong>prima</strong></span> <span class='ocrx_word' id='word_1_50' title='bbox 1170 1177 1262 1233; x_wconf 89' lang='lat' dir='ltr'><strong>statim</strong></span> <span class='ocrx_word' id='word_1_51' title='bbox 1288 1179 1348 1250; x_wconf 89' lang='lat' dir='ltr'><strong>ejus</strong></span> <span class='ocrx_word' id='word_1_52' title='bbox 1371 1185 1490 1238; x_wconf 84' lang='lat' dir='ltr'><strong>sectione</strong></span> <span class='ocrx_word' id='word_1_53' title='bbox 1514 1203 1564 1256; x_wconf 92' lang='lat' dir='ltr'><strong>per</strong></span> <span class='ocrx_word' id='word_1_54' title='bbox 1579 1187 1693 1258; x_wconf 88' lang='lat' dir='ltr'><strong>figuram</strong></span> <span class='ocrx_word' id='word_1_55' title='bbox 1716 1193 1885 1266; x_wconf 76' lang='lat' dir='ltr'><strong>regularem,</strong></span> 
     </span>
     <span class='ocr_line' id='line_1_7' title="bbox 530 1223 906 1302; baseline 0.045 -26"><span class='ocrx_word' id='word_1_56' title='bbox 530 1223 580 1277; x_wconf 88' lang='lat' dir='ltr'><strong>ead</strong></span> <span class='ocrx_word' id='word_1_57' title='bbox 598 1227 731 1284; x_wconf 89' lang='lat' dir='ltr'><strong>accedunt</strong></span> <span class='ocrx_word' id='word_1_58' title='bbox 748 1233 855 1302; x_wconf 86' lang='lat' dir='ltr'><strong>aliquae</strong></span> <span class='ocrx_word' id='word_1_59' title='bbox 873 1254 906 1293; x_wconf 88' lang='lat' dir='ltr'><strong>ex</strong></span> 
     </span>
    </p>
   </div>
   <div class='ocr_carea' id='block_1_6' title="bbox 530 1245 1886 1407">
    <p class='ocr_par' dir='ltr' id='par_1_6' title="bbox 530 1245 1886 1407">
     <span class='ocr_line' id='line_1_8' title="bbox 925 1245 1886 1343; baseline 0.035 -48"><span class='ocrx_word' id='word_1_60' title='bbox 925 1257 955 1295; x_wconf 90' lang='lat' dir='ltr'><strong>se</strong></span> <span class='ocrx_word' id='word_1_61' title='bbox 973 1245 1107 1312; x_wconf 91' lang='lat' dir='ltr'><strong>prioribus</strong></span> <span class='ocrx_word' id='word_1_62' title='bbox 1126 1262 1292 1324; x_wconf 87' lang='lat' dir='ltr'><strong>propagatae</strong></span> <span class='ocrx_word' id='word_1_63' title='bbox 1311 1274 1397 1328; x_wconf 88' lang='lat' dir='ltr'><strong>usque</strong></span> <span class='ocrx_word' id='word_1_64' title='bbox 1414 1263 1451 1318; x_wconf 94' lang='lat' dir='ltr'><strong>ad</strong></span> <span class='ocrx_word' id='word_1_65' title='bbox 1468 1268 1568 1320; x_wconf 88' lang='lat' dir='ltr'><strong>certam</strong></span> <span class='ocrx_word' id='word_1_66' title='bbox 1585 1275 1697 1334; x_wconf 88' lang='lat' dir='ltr'><strong>metam,</strong></span> <span class='ocrx_word' id='word_1_67' title='bbox 1721 1279 1751 1325; x_wconf 90' lang='lat' dir='ltr'><strong>ut</strong></span> <span class='ocrx_word' id='word_1_68' title='bbox 1771 1273 1800 1328; x_wconf 90' lang='lat' dir='ltr'><strong>in</strong></span> <span class='ocrx_word' id='word_1_69' title='bbox 1819 1290 1886 1343; x_wconf 92' lang='lat' dir='ltr'><strong>pro·</strong></span> 
     </span>
     <span class='ocr_line' id='line_1_9' title="bbox 530 1302 1496 1407; baseline 0.048 -54"><span class='ocrx_word' id='word_1_70' title='bbox 530 1302 709 1370; x_wconf 72' lang='lat' dir='ltr'><strong>positionibus</strong></span> <span class='ocrx_word' id='word_1_71' title='bbox 727 1311 882 1378; x_wconf 85' lang='lat' dir='ltr'><strong>videbimus.</strong></span> <span class='ocrx_word' id='word_1_72' title='bbox 919 1320 991 1394; x_wconf 85' lang='lat' dir='ltr'><strong>Usus</strong></span> <span class='ocrx_word' id='word_1_73' title='bbox 1008 1328 1150 1386; x_wconf 83' lang='lat' dir='ltr'><strong>axiomatis</strong></span> <span class='ocrx_word' id='word_1_74' title='bbox 1170 1341 1212 1388; x_wconf 90' lang='lat' dir='ltr'><strong>est</strong></span> <span class='ocrx_word' id='word_1_75' title='bbox 1227 1336 1256 1389; x_wconf 90' lang='lat' dir='ltr'><strong>in</strong></span> <span class='ocrx_word' id='word_1_76' title='bbox 1274 1351 1383 1407; x_wconf 86' lang='lat' dir='ltr'><strong>propos.</strong></span> <span class='ocrx_word' id='word_1_77' title='bbox 1402 1342 1427 1396; x_wconf 79' lang='lat'><strong>7.</strong></span> <span class='ocrx_word' id='word_1_78' title='bbox 1444 1343 1469 1398; x_wconf 81' lang='lat'><strong>8.</strong></span> <span class='ocrx_word' id='word_1_79' title='bbox 1493 1374 1496 1382; x_wconf 91' lang='lat'>·</span> 
     </span>
    </p>
   </div>
   <div class='ocr_carea' id='block_1_7' title="bbox 529 1380 1889 1584">
    <p class='ocr_par' dir='ltr' id='par_1_7' title="bbox 529 1380 1889 1584">
     <span class='ocr_line' id='line_1_10' title="bbox 615 1380 1885 1501; baseline 0.043 -64"><span class='ocrx_word' id='word_1_80' title='bbox 615 1380 772 1445; x_wconf 80' lang='lat' dir='ltr'><strong>Axioma</strong></span> <span class='ocrx_word' id='word_1_81' title='bbox 796 1387 847 1448; x_wconf 84' lang='lat' dir='ltr'><strong>vt.</strong></span> <span class='ocrx_word' id='word_1_82' title='bbox 894 1393 967 1456; x_wconf 85' lang='lat' dir='ltr'><strong>Cum</strong></span> <span class='ocrx_word' id='word_1_83' title='bbox 990 1398 1062 1464; x_wconf 92' lang='lat' dir='ltr'><strong>duae</strong></span> <span class='ocrx_word' id='word_1_84' title='bbox 1085 1405 1210 1470; x_wconf 88' lang='lat' dir='ltr'><strong>chordae</strong></span> <span class='ocrx_word' id='word_1_85' title='bbox 1232 1427 1320 1471; x_wconf 91' lang='lat' dir='ltr'><strong>sonos</strong></span> <span class='ocrx_word' id='word_1_86' title='bbox 1348 1413 1489 1477; x_wconf 83' lang='lat' dir='ltr'><strong>ediderint</strong></span> <span class='ocrx_word' id='word_1_87' title='bbox 1511 1418 1670 1495; x_wconf 87' lang='lat' dir='ltr'><strong>identicos,</strong></span> <span class='ocrx_word' id='word_1_88' title='bbox 1700 1442 1760 1484; x_wconf 87' lang='lat' dir='ltr'><strong>vox</strong></span> <span class='ocrx_word' id='word_1_89' title='bbox 1783 1429 1885 1501; x_wconf 83' lang='lat' dir='ltr'><strong>tertia,</strong></span> 
     </span>
     <span class='ocr_line' id='line_1_11' title="bbox 529 1477 1889 1584; baseline 0.04 -63"><span class='ocrx_word' id='word_1_90' title='bbox 529 1477 692 1529; x_wconf 86' lang='lat' dir='ltr'><strong>consonans</strong></span> <span class='ocrx_word' id='word_1_91' title='bbox 714 1490 810 1533; x_wconf 90' lang='lat' dir='ltr'><strong>earum</strong></span> <span class='ocrx_word' id='word_1_92' title='bbox 832 1481 901 1554; x_wconf 90' lang='lat' dir='ltr'><strong>uui,</strong></span> <span class='ocrx_word' id='word_1_93' title='bbox 924 1490 1095 1550; x_wconf 85' lang='lat' dir='ltr'><strong>consonabit</strong></span> <span class='ocrx_word' id='word_1_94' title='bbox 1117 1501 1147 1553; x_wconf 90' lang='lat' dir='ltr'><strong>et</strong></span> <span class='ocrx_word' id='word_1_95' title='bbox 1168 1495 1265 1572; x_wconf 90' lang='lat' dir='ltr'><strong>alteri,</strong></span> <span class='ocrx_word' id='word_1_96' title='bbox 1289 1498 1442 1563; x_wconf 87' lang='lat' dir='ltr'><strong>dissonans</strong></span> <span class='ocrx_word' id='word_1_97' title='bbox 1458 1522 1528 1567; x_wconf 86' lang='lat' dir='ltr'><strong>vero</strong></span> <span class='ocrx_word' id='word_1_98' title='bbox 1551 1508 1590 1566; x_wconf 94' lang='lat' dir='ltr'><strong>ab</strong></span> <span class='ocrx_word' id='word_1_99' title='bbox 1612 1525 1685 1584; x_wconf 88' lang='lat' dir='ltr'><strong>una,</strong></span> <span class='ocrx_word' id='word_1_100' title='bbox 1717 1511 1889 1576; x_wconf 73' lang='lat' dir='ltr'><strong>dissociabit</strong></span> 
     </span>
    </p>
   </div>
   <div class='ocr_carea' id='block_1_8' title="bbox 528 1552 1890 1974">
    <p class='ocr_par' dir='ltr' id='par_1_8' title="bbox 529 1552 1773 1660">
     <span class='ocr_line' id='line_1_12' title="bbox 529 1552 1773 1660; baseline 0.039 -51"><span class='ocrx_word' id='word_1_101' title='bbox 529 1557 558 1613; x_wconf 88' lang='lat' dir='ltr'><strong>st</strong></span> <span class='ocrx_word' id='word_1_102' title='bbox 572 1552 610 1611; x_wconf 91' lang='lat' dir='ltr'><strong>ab</strong></span> <span class='ocrx_word' id='word_1_103' title='bbox 633 1554 732 1631; x_wconf 89' lang='lat' dir='ltr'><strong>altera,</strong></span> <span class='ocrx_word' id='word_1_104' title='bbox 755 1561 1016 1648; x_wconf 79' lang='lat' dir='ltr'><strong>qualibuscunque</strong></span> <span class='ocrx_word' id='word_1_105' title='bbox 1029 1576 1152 1640; x_wconf 88' lang='lat' dir='ltr'><strong>diversis</strong></span> <span class='ocrx_word' id='word_1_106' title='bbox 1174 1587 1262 1647; x_wconf 83' lang='lat' dir='ltr'><strong>etiem</strong></span> <span class='ocrx_word' id='word_1_107' title='bbox 1285 1591 1482 1651; x_wconf 82' lang='lat' dir='ltr'><strong>consonantiis</strong></span> <span class='ocrx_word' id='word_1_108' title='bbox 1506 1593 1553 1654; x_wconf 86' lang='lat' dir='ltr'><strong>vel</strong></span> <span class='ocrx_word' id='word_1_109' title='bbox 1575 1593 1773 1660; x_wconf 86' lang='lat' dir='ltr'><strong>dissonantiis.</strong></span> 
     </span>
    </p>

    <p class='ocr_par' dir='ltr' id='par_1_9' title="bbox 528 1635 1890 1930">
     <span class='ocr_line' id='line_1_13' title="bbox 613 1635 1888 1749; baseline 0.038 -59"><span class='ocrx_word' id='word_1_110' title='bbox 613 1635 693 1704; x_wconf 85' lang='lat' dir='ltr'><strong>Nota,</strong></span> <span class='ocrx_word' id='word_1_111' title='bbox 710 1639 738 1707; x_wconf 84' lang='lat' dir='ltr'><strong>in</strong></span> <span class='ocrx_word' id='word_1_112' title='bbox 756 1644 878 1714; x_wconf 85' lang='lat' dir='ltr'><strong>subjecto</strong></span> <span class='ocrx_word' id='word_1_113' title='bbox 895 1651 960 1719; x_wconf 92' lang='lat' dir='ltr'><strong>poni</strong></span> <span class='ocrx_word' id='word_1_114' title='bbox 978 1653 1094 1732; x_wconf 82' lang='lat' dir='ltr'><strong>speciem</strong></span> <span class='ocrx_word' id='word_1_115' title='bbox 1112 1663 1266 1738; x_wconf 88' lang='lat' dir='ltr'><strong>identisoni‚</strong></span> <span class='ocrx_word' id='word_1_116' title='bbox 1283 1669 1312 1723; x_wconf 89' lang='lat' dir='ltr'><strong>iu</strong></span> <span class='ocrx_word' id='word_1_117' title='bbox 1330 1672 1486 1739; x_wconf 86' lang='lat' dir='ltr'><strong>praedicato</strong></span> <span class='ocrx_word' id='word_1_118' title='bbox 1505 1691 1591 1745; x_wconf 83' lang='lat' dir='ltr'><strong>genus</strong></span> <span class='ocrx_word' id='word_1_119' title='bbox 1610 1680 1738 1749; x_wconf 87' lang='lat' dir='ltr'><strong>consoni,</strong></span> <span class='ocrx_word' id='word_1_120' title='bbox 1761 1691 1793 1736; x_wconf 93' lang='lat' dir='ltr'><strong>ut</strong></span> <span class='ocrx_word' id='word_1_121' title='bbox 1811 1683 1888 1740; x_wconf 82' lang='lat' dir='ltr'><strong>haee</strong></span> 
     </span>
     <span class='ocr_line' id='line_1_14' title="bbox 530 1710 1890 1826; baseline 0.04 -62"><span class='ocrx_word' id='word_1_122' title='bbox 530 1710 583 1767; x_wconf 90' lang='lat' dir='ltr'><strong>dno</strong></span> <span class='ocrx_word' id='word_1_123' title='bbox 601 1714 795 1785; x_wconf 81' lang='lat' dir='ltr'><strong>intelligamus:</strong></span> <span class='ocrx_word' id='word_1_124' title='bbox 819 1726 918 1798; x_wconf 90' lang='lat' dir='ltr'><strong>primo,</strong></span> <span class='ocrx_word' id='word_1_125' title='bbox 941 1747 997 1808; x_wconf 86' lang='lat' dir='ltr'><strong>non</strong></span> <span class='ocrx_word' id='word_1_126' title='bbox 1014 1739 1106 1806; x_wconf 89' lang='lat' dir='ltr'><strong>sequi:</strong></span> <span class='ocrx_word' id='word_1_127' title='bbox 1132 1740 1201 1798; x_wconf 84' lang='lat' dir='ltr'><strong>duae</strong></span> <span class='ocrx_word' id='word_1_128' title='bbox 1225 1755 1375 1803; x_wconf 87' lang='lat' dir='ltr'><strong>consonant</strong></span> <span class='ocrx_word' id='word_1_129' title='bbox 1397 1752 1634 1826; x_wconf 84' lang='lat' dir='ltr'><strong>qualitercunque,</strong></span> <span class='ocrx_word' id='word_1_130' title='bbox 1659 1772 1722 1826; x_wconf 87' lang='lat' dir='ltr'><strong>ergo</strong></span> <span class='ocrx_word' id='word_1_131' title='bbox 1745 1766 1775 1814; x_wconf 91' lang='lat' dir='ltr'><strong>et</strong></span> <span class='ocrx_word' id='word_1_132' title='bbox 1797 1763 1890 1817; x_wconf 82' lang='lat' dir='ltr'><strong>tertia</strong></span> 
     </span>
     <span class='ocr_line' id='line_1_15' title="bbox 528 1798 1888 1930; baseline 0.041 -89"><span class='ocrx_word' id='word_1_133' title='bbox 528 1800 659 1848; x_wconf 90' lang='lat' dir='ltr'><strong>consonat</strong></span> <span class='ocrx_word' id='word_1_134' title='bbox 676 1798 797 1868; x_wconf 85' lang='lat' dir='ltr'><strong>utrique,</strong></span> <span class='ocrx_word' id='word_1_135' title='bbox 825 1805 868 1858; x_wconf 85' lang='lat' dir='ltr'><strong>rel</strong></span> <span class='ocrx_word' id='word_1_136' title='bbox 886 1807 1007 1867; x_wconf 91' lang='lat' dir='ltr'><strong>dissonat</strong></span> <span class='ocrx_word' id='word_1_137' title='bbox 1025 1817 1058 1870; x_wconf 92' lang='lat' dir='ltr'><strong>ab</strong></span> <span class='ocrx_word' id='word_1_138' title='bbox 1078 1826 1200 1890; x_wconf 89' lang='lat' dir='ltr'><strong>utraque.</strong></span> <span class='ocrx_word' id='word_1_139' title='bbox 1237 1824 1296 1880; x_wconf 90' lang='lat' dir='ltr'><strong>Hoc</strong></span> <span class='ocrx_word' id='word_1_140' title='bbox 1315 1827 1384 1882; x_wconf 89' lang='lat' dir='ltr'><strong>enim</strong></span> <span class='ocrx_word' id='word_1_141' title='bbox 1411 1839 1453 1886; x_wconf 89' lang='lat' dir='ltr'><strong>est</strong></span> <span class='ocrx_word' id='word_1_142' title='bbox 1470 1831 1568 1887; x_wconf 76' lang='lat' dir='ltr'><strong>falsum</strong></span> <span class='ocrx_word' id='word_1_143' title='bbox 1593 1834 1756 1906; x_wconf 80' lang='lat' dir='ltr'><strong>degenere,</strong></span> <span class='ocrx_word' id='word_1_144' title='bbox 1783 1857 1888 1930; x_wconf 66' lang='lat' dir='ltr'><strong>perum</strong></span> 
     </span>
    </p>

    <p class='ocr_par' dir='ltr' id='par_1_10' title="bbox 616 1878 1888 1974">
     <span class='ocr_line' id='line_1_16' title="bbox 616 1878 1888 1974; baseline 0.037 -47"><span class='ocrx_word' id='word_1_145' title='bbox 616 1941 620 1952; x_wconf 39' lang='lat'>‚</span> <span class='ocrx_word' id='word_1_146' title='bbox 661 1878 751 1944; x_wconf 82' lang='lat' dir='ltr'><strong>specie</strong></span> <span class='ocrx_word' id='word_1_147' title='bbox 768 1879 996 1960; x_wconf 89' lang='lat' dir='ltr'><strong>identisonorum;</strong></span> <span class='ocrx_word' id='word_1_148' title='bbox 1016 1895 1111 1955; x_wconf 92' lang='lat' dir='ltr'><strong>deinde</strong></span> <span class='ocrx_word' id='word_1_149' title='bbox 1128 1916 1179 1956; x_wconf 89' lang='lat' dir='ltr'><strong>nac</strong></span> <span class='ocrx_word' id='word_1_150' title='bbox 1196 1903 1248 1960; x_wconf 91' lang='lat' dir='ltr'><strong>hoc</strong></span> <span class='ocrx_word' id='word_1_151' title='bbox 1266 1907 1404 1974; x_wconf 85' lang='lat' dir='ltr'><strong>sequitur:</strong></span> <span class='ocrx_word' id='word_1_152' title='bbox 1430 1910 1453 1963; x_wconf 89' lang='lat' dir='ltr'><strong>si</strong></span> <span class='ocrx_word' id='word_1_153' title='bbox 1470 1910 1551 1967; x_wconf 89' lang='lat' dir='ltr'><strong>tertia</strong></span> <span class='ocrx_word' id='word_1_154' title='bbox 1569 1921 1700 1968; x_wconf 88' lang='lat' dir='ltr'><strong>consonat</strong></span> <span class='ocrx_word' id='word_1_155' title='bbox 1717 1915 1763 1970; x_wconf 89' lang='lat' dir='ltr'><strong>nui</strong></span> <span class='ocrx_word' id='word_1_156' title='bbox 1781 1917 1888 1972; x_wconf 73' lang='lat' dir='ltr'><strong>adenu-</strong></span> 
     </span>
    </p>
   </div>
   <div class='ocr_carea' id='block_1_9' title="bbox 529 1955 1889 2062">
    <p class='ocr_par' dir='ltr' id='par_1_11' title="bbox 529 1955 1889 2062">
     <span class='ocr_line' id='line_1_17' title="bbox 529 1955 1889 2062; baseline 0.039 -61"><span class='ocrx_word' id='word_1_157' title='bbox 529 1963 656 2040; x_wconf 79' lang='lat' dir='ltr'><strong>soporum</strong></span> <span class='ocrx_word' id='word_1_158' title='bbox 674 1955 765 2026; x_wconf 90' lang='lat' dir='ltr'><strong>aliqua</strong></span> <span class='ocrx_word' id='word_1_159' title='bbox 783 1971 857 2017; x_wconf 88' lang='lat' dir='ltr'><strong>certa</strong></span> <span class='ocrx_word' id='word_1_160' title='bbox 875 1975 1061 2043; x_wconf 84' lang='lat' dir='ltr'><strong>consopantia,</strong></span> <span class='ocrx_word' id='word_1_161' title='bbox 1079 1981 1241 2038; x_wconf 85' lang='lat' dir='ltr'><strong>consonabit</strong></span> <span class='ocrx_word' id='word_1_162' title='bbox 1258 1991 1286 2038; x_wconf 90' lang='lat' dir='ltr'><strong>et</strong></span> <span class='ocrx_word' id='word_1_163' title='bbox 1297 1983 1376 2040; x_wconf 86' lang='lat' dir='ltr'><strong>alteri</strong></span> <span class='ocrx_word' id='word_1_164' title='bbox 1395 1986 1489 2048; x_wconf 83' lang='lat' dir='ltr'><strong>eadem</strong></span> <span class='ocrx_word' id='word_1_165' title='bbox 1502 1991 1591 2058; x_wconf 87' lang='lat' dir='ltr'><strong>specie</strong></span> <span class='ocrx_word' id='word_1_166' title='bbox 1605 1996 1806 2062; x_wconf 76' lang='lat' dir='ltr'><strong>saucomarias,</strong></span> <span class='ocrx_word' id='word_1_167' title='bbox 1828 1998 1889 2054; x_wconf 86' lang='lat' dir='ltr'><strong>hoc</strong></span> 
     </span>
    </p>
   </div>
   <div class='ocr_carea' id='block_1_10' title="bbox 527 2038 1888 2141">
    <p class='ocr_par' dir='ltr' id='par_1_12' title="bbox 527 2038 1888 2141">
     <span class='ocr_line' id='line_1_18' title="bbox 527 2038 1888 2141; baseline 0.038 -63"><span class='ocrx_word' id='word_1_168' title='bbox 527 2038 597 2082; x_wconf 85' lang='lat' dir='ltr'><strong>earm</strong></span> <span class='ocrx_word' id='word_1_169' title='bbox 615 2046 669 2088; x_wconf 93' lang='lat' dir='ltr'><strong>non</strong></span> <span class='ocrx_word' id='word_1_170' title='bbox 687 2050 795 2108; x_wconf 88' lang='lat' dir='ltr'><strong>semper</strong></span> <span class='ocrx_word' id='word_1_171' title='bbox 812 2058 903 2099; x_wconf 83' lang='lat' dir='ltr'><strong>renam</strong></span> <span class='ocrx_word' id='word_1_172' title='bbox 923 2055 1002 2113; x_wconf 87' lang='lat' dir='ltr'><strong>esset,</strong></span> <span class='ocrx_word' id='word_1_173' title='bbox 1021 2053 1094 2122; x_wconf 82' lang='lat' dir='ltr'><strong>qaod</strong></span> <span class='ocrx_word' id='word_1_174' title='bbox 1112 2055 1256 2118; x_wconf 77' lang='lat' dir='ltr'><strong>declarabo</strong></span> <span class='ocrx_word' id='word_1_175' title='bbox 1275 2063 1407 2134; x_wconf 88' lang='lat' dir='ltr'><strong>exemplo,</strong></span> <span class='ocrx_word' id='word_1_176' title='bbox 1426 2065 1490 2132; x_wconf 83' lang='lat' dir='ltr'><strong>iicet</strong></span> <span class='ocrx_word' id='word_1_177' title='bbox 1507 2084 1541 2124; x_wconf 88' lang='lat' dir='ltr'><strong>ex</strong></span> <span class='ocrx_word' id='word_1_178' title='bbox 1552 2071 1716 2141; x_wconf 90' lang='lat' dir='ltr'><strong>anticipato:</strong></span> <span class='ocrx_word' id='word_1_179' title='bbox 1734 2074 1791 2130; x_wconf 87' lang='lat' dir='ltr'><strong>sint</strong></span> <span class='ocrx_word' id='word_1_180' title='bbox 1808 2075 1888 2130; x_wconf 87' lang='lat' dir='ltr'><strong>duae</strong></span> 
     </span>
    </p>
   </div>
   <div class='ocr_carea' id='block_1_11' title="bbox 525 2111 1888 2222">
    <p class='ocr_par' dir='ltr' id='par_1_13' title="bbox 525 2111 1888 2222">
     <span class='ocr_line' id='line_1_19' title="bbox 525 2111 1888 2222; baseline 0.044 -65"><span class='ocrx_word' id='word_1_181' title='bbox 525 2121 614 2177; x_wconf 83' lang='lat' dir='ltr'><strong>noces,</strong></span> <span class='ocrx_word' id='word_1_182' title='bbox 633 2111 764 2170; x_wconf 82' lang='lat' dir='ltr'><strong>facientes</strong></span> <span class='ocrx_word' id='word_1_183' title='bbox 784 2119 913 2191; x_wconf 83' lang='lat' dir='ltr'><strong>diapason</strong></span> <span class='ocrx_word' id='word_1_184' title='bbox 934 2128 958 2182; x_wconf 79' lang='lat' dir='ltr'><em>G</em></span> <span class='ocrx_word' id='word_1_185' title='bbox 976 2136 1003 2182; x_wconf 93' lang='lat' dir='ltr'><strong>et</strong></span> <span class='ocrx_word' id='word_1_186' title='bbox 1017 2148 1049 2202; x_wconf 66' lang='lat' dir='ltr'><strong>qs</strong></span> <span class='ocrx_word' id='word_1_187' title='bbox 1073 2133 1109 2187; x_wconf 89' lang='lat' dir='ltr'><strong>sit</strong></span> <span class='ocrx_word' id='word_1_188' title='bbox 1127 2135 1206 2190; x_wconf 89' lang='lat' dir='ltr'><strong>tertia</strong></span> <span class='ocrx_word' id='word_1_189' title='bbox 1224 2137 1254 2203; x_wconf 89' lang='lat' dir='ltr'><strong>d,</strong></span> <span class='ocrx_word' id='word_1_190' title='bbox 1271 2137 1317 2193; x_wconf 91' lang='lat' dir='ltr'><strong>iila</strong></span> <span class='ocrx_word' id='word_1_191' title='bbox 1334 2140 1402 2210; x_wconf 82' lang='lat' dir='ltr'><strong>iacit</strong></span> <span class='ocrx_word' id='word_1_192' title='bbox 1422 2160 1484 2200; x_wconf 88' lang='lat' dir='ltr'><strong>cum</strong></span> <span class='ocrx_word' id='word_1_193' title='bbox 1503 2145 1528 2204; x_wconf 85' lang='lat' dir='ltr'><em>G</em></span> <span class='ocrx_word' id='word_1_194' title='bbox 1545 2146 1684 2219; x_wconf 89' lang='lat' dir='ltr'><strong>diapante,</strong></span> <span class='ocrx_word' id='word_1_195' title='bbox 1711 2167 1775 2222; x_wconf 84' lang='lat' dir='ltr'><strong>ergo</strong></span> <span class='ocrx_word' id='word_1_196' title='bbox 1795 2153 1888 2210; x_wconf 71' lang='lat' dir='ltr'><strong>etim</strong></span> 
     </span>
    </p>
   </div>
   <div class='ocr_carea' id='block_1_12' title="bbox 524 2199 1885 2345">
    <p class='ocr_par' dir='ltr' id='par_1_14' title="bbox 524 2199 1885 2345">
     <span class='ocr_line' id='line_1_20' title="bbox 524 2199 1885 2310; baseline 0.039 -73"><span class='ocrx_word' id='word_1_197' title='bbox 524 2200 544 2253; x_wconf 78' lang='lat' dir='ltr'><strong>q</strong></span> <span class='ocrx_word' id='word_1_198' title='bbox 560 2199 699 2256; x_wconf 90' lang='lat' dir='ltr'><strong>consonat,</strong></span> <span class='ocrx_word' id='word_1_199' title='bbox 717 2201 746 2248; x_wconf 90' lang='lat' dir='ltr'><strong>at</strong></span> <span class='ocrx_word' id='word_1_200' title='bbox 763 2213 884 2270; x_wconf 83' lang='lat' dir='ltr'><strong>nonper</strong></span> <span class='ocrx_word' id='word_1_201' title='bbox 901 2204 1035 2278; x_wconf 90' lang='lat' dir='ltr'><strong>diapente,</strong></span> <span class='ocrx_word' id='word_1_202' title='bbox 1055 2211 1103 2266; x_wconf 91' lang='lat' dir='ltr'><strong>sed</strong></span> <span class='ocrx_word' id='word_1_203' title='bbox 1121 2229 1171 2282; x_wconf 91' lang='lat' dir='ltr'><strong>per</strong></span> <span class='ocrx_word' id='word_1_204' title='bbox 1189 2215 1371 2294; x_wconf 75' lang='lat' dir='ltr'><strong>diatessaron.</strong></span> <span class='ocrx_word' id='word_1_205' title='bbox 1405 2221 1477 2278; x_wconf 86' lang='lat' dir='ltr'><strong>Usus</strong></span> <span class='ocrx_word' id='word_1_206' title='bbox 1496 2232 1587 2310; x_wconf 84' lang='lat' dir='ltr'><strong>autem</strong></span> <span class='ocrx_word' id='word_1_207' title='bbox 1611 2229 1773 2300; x_wconf 88' lang='lat' dir='ltr'><strong>praecipuus</strong></span> <span class='ocrx_word' id='word_1_208' title='bbox 1792 2233 1885 2304; x_wconf 84' lang='lat' dir='ltr'><strong>hujus</strong></span> 
     </span>
     <span class='ocr_line' id='line_1_21' title="bbox 526 2261 1201 2345; baseline 0.062 -32"><span class='ocrx_word' id='word_1_209' title='bbox 526 2261 670 2321; x_wconf 88' lang='lat' dir='ltr'><strong>axiomatis</strong></span> <span class='ocrx_word' id='word_1_210' title='bbox 689 2277 731 2324; x_wconf 88' lang='lat' dir='ltr'><strong>est</strong></span> <span class='ocrx_word' id='word_1_211' title='bbox 747 2290 824 2345; x_wconf 92' lang='lat' dir='ltr'><strong>prop.</strong></span> <span class='ocrx_word' id='word_1_212' title='bbox 844 2280 868 2334; x_wconf 80' lang='lat' dir='ltr'><strong>t.</strong></span> <span class='ocrx_word' id='word_1_213' title='bbox 893 2289 896 2292; x_wconf 80' lang='grc'><strong><em>’</em></strong></span> <span class='ocrx_word' id='word_1_214' title='bbox 1197 2301 1201 2308; x_wconf 87' lang='grc'><strong>’</strong></span> 
     </span>
    </p>
   </div>
   <div class='ocr_carea' id='block_1_13' title="bbox 613 2339 1885 2461">
    <p class='ocr_par' dir='ltr' id='par_1_15' title="bbox 613 2339 1885 2461">
     <span class='ocr_line' id='line_1_22' title="bbox 613 2339 1885 2461; baseline 0.04 -65"><span class='ocrx_word' id='word_1_215' title='bbox 613 2340 777 2408; x_wconf 82' lang='lat' dir='ltr'><strong>Axioma</strong></span> <span class='ocrx_word' id='word_1_216' title='bbox 801 2351 866 2416; x_wconf 80' lang='lat' dir='ltr'><strong>Vll.</strong></span> <span class='ocrx_word' id='word_1_217' title='bbox 912 2357 986 2418; x_wconf 82' lang='lat' dir='ltr'><strong>Cum</strong></span> <span class='ocrx_word' id='word_1_218' title='bbox 1013 2363 1089 2424; x_wconf 92' lang='lat' dir='ltr'><strong>duae</strong></span> <span class='ocrx_word' id='word_1_219' title='bbox 1110 2339 1238 2428; x_wconf 75' lang='lat' dir='ltr'><strong>chordas</strong></span> <span class='ocrx_word' id='word_1_220' title='bbox 1260 2368 1309 2430; x_wconf 84' lang='lat' dir='ltr'><strong>vsi</strong></span> <span class='ocrx_word' id='word_1_221' title='bbox 1330 2386 1420 2433; x_wconf 83' lang='lat' dir='ltr'><strong>voces</strong></span> <span class='ocrx_word' id='word_1_222' title='bbox 1442 2374 1585 2437; x_wconf 84' lang='lat' dir='ltr'><strong>ediderint</strong></span> <span class='ocrx_word' id='word_1_223' title='bbox 1612 2371 1701 2442; x_wconf 85' lang='lat' dir='ltr'><strong>sonos</strong></span> <span class='ocrx_word' id='word_1_224' title='bbox 1722 2382 1885 2461; x_wconf 88' lang='lat' dir='ltr'><strong>identicoe,</strong></span> 
     </span>
    </p>
   </div>
   <div class='ocr_carea' id='block_1_14' title="bbox 525 2430 1886 2582">
    <p class='ocr_par' dir='ltr' id='par_1_16' title="bbox 525 2430 1886 2582">
     <span class='ocr_line' id='line_1_23' title="bbox 526 2430 1886 2548; baseline 0.04 -68"><span class='ocrx_word' id='word_1_225' title='bbox 526 2440 584 2484; x_wconf 86' lang='lat' dir='ltr'><strong>vox</strong></span> <span class='ocrx_word' id='word_1_226' title='bbox 598 2430 692 2503; x_wconf 87' lang='lat' dir='ltr'><strong>tortia,</strong></span> <span class='ocrx_word' id='word_1_227' title='bbox 715 2438 842 2504; x_wconf 72' lang='lat' dir='ltr'><strong>enisum</strong></span> <span class='ocrx_word' id='word_1_228' title='bbox 857 2459 923 2504; x_wconf 89' lang='lat' dir='ltr'><strong>aum</strong></span> <span class='ocrx_word' id='word_1_229' title='bbox 945 2447 1060 2510; x_wconf 87' lang='lat' dir='ltr'><strong>illarum</strong></span> <span class='ocrx_word' id='word_1_230' title='bbox 1074 2469 1135 2514; x_wconf 88' lang='lat' dir='ltr'><strong>aua</strong></span> <span class='ocrx_word' id='word_1_231' title='bbox 1156 2455 1329 2548; x_wconf 83' lang='lat' dir='ltr'><strong>identisoua,</strong></span> <span class='ocrx_word' id='word_1_232' title='bbox 1351 2461 1441 2522; x_wconf 91' lang='lat' dir='ltr'><strong>etiam</strong></span> <span class='ocrx_word' id='word_1_233' title='bbox 1463 2479 1526 2546; x_wconf 88' lang='lat' dir='ltr'><strong>cum</strong></span> <span class='ocrx_word' id='word_1_234' title='bbox 1541 2466 1653 2527; x_wconf 85' lang='lat' dir='ltr'><strong>illarum</strong></span> <span class='ocrx_word' id='word_1_235' title='bbox 1675 2467 1769 2532; x_wconf 90' lang='lat' dir='ltr'><strong>altera</strong></span> <span class='ocrx_word' id='word_1_236' title='bbox 1792 2471 1886 2533; x_wconf 89' lang='lat' dir='ltr'><strong>ideu-</strong></span> 
     </span>
     <span class='ocr_line' id='line_1_24' title="bbox 525 2511 988 2582; baseline 0.052 -15"><span class='ocrx_word' id='word_1_237' title='bbox 525 2511 581 2571; x_wconf 87' lang='lat' dir='ltr'><strong>tiae</strong></span> <span class='ocrx_word' id='word_1_238' title='bbox 603 2521 782 2582; x_wconf 80' lang='lat' dir='ltr'><strong>consonabit</strong></span> <span class='ocrx_word' id='word_1_239' title='bbox 982 2542 988 2550; x_wconf 83' lang='lat'><em>&#39;</em></span> 
     </span>
    </p>
   </div>
   <div class='ocr_carea' id='block_1_15' title="bbox 433 2595 1884 5218">
    <p class='ocr_par' dir='ltr' id='par_1_17' title="bbox 524 2595 1884 2772">
     <span class='ocr_line' id='line_1_25' title="bbox 611 2595 1884 2728; baseline 0.035 -76"><span class='ocrx_word' id='word_1_240' title='bbox 611 2595 690 2665; x_wconf 78' lang='lat' dir='ltr'><strong>Quod</strong></span> <span class='ocrx_word' id='word_1_241' title='bbox 707 2602 735 2658; x_wconf 93' lang='lat' dir='ltr'><strong>in</strong></span> <span class='ocrx_word' id='word_1_242' title='bbox 751 2605 835 2674; x_wconf 88' lang='lat' dir='ltr'><strong>priori</strong></span> <span class='ocrx_word' id='word_1_243' title='bbox 852 2611 987 2671; x_wconf 73' lang='lat' dir='ltr'><strong>monete</strong></span> <span class='ocrx_word' id='word_1_244' title='bbox 1004 2619 1167 2686; x_wconf 87' lang='lat' dir='ltr'><strong>generaliter</strong></span> <span class='ocrx_word' id='word_1_245' title='bbox 1184 2640 1239 2681; x_wconf 92' lang='lat' dir='ltr'><strong>non</strong></span> <span class='ocrx_word' id='word_1_246' title='bbox 1256 2627 1346 2697; x_wconf 90' lang='lat' dir='ltr'><strong>potuit</strong></span> <span class='ocrx_word' id='word_1_247' title='bbox 1358 2627 1493 2702; x_wconf 84' lang='lat' dir='ltr'><strong>affirmari,</strong></span> <span class='ocrx_word' id='word_1_248' title='bbox 1515 2632 1615 2703; x_wconf 86' lang='lat' dir='ltr'><strong>idjam</strong></span> <span class='ocrx_word' id='word_1_249' title='bbox 1632 2636 1660 2692; x_wconf 91' lang='lat' dir='ltr'><strong>in</strong></span> <span class='ocrx_word' id='word_1_250' title='bbox 1673 2640 1762 2728; x_wconf 84' lang='lat' dir='ltr'><strong>specie</strong></span> <span class='ocrx_word' id='word_1_251' title='bbox 1782 2656 1884 2700; x_wconf 84' lang='lat' dir='ltr'><strong>verum</strong></span> 
     </span>
     <span class='ocr_line' id='line_1_26' title="bbox 524 2673 1688 2772; baseline 0.04 -47"><span class='ocrx_word' id='word_1_252' title='bbox 524 2677 566 2727; x_wconf 88' lang='lat' dir='ltr'><strong>est</strong></span> <span class='ocrx_word' id='word_1_253' title='bbox 582 2673 617 2728; x_wconf 92' lang='lat' dir='ltr'><strong>de</strong></span> <span class='ocrx_word' id='word_1_254' title='bbox 633 2677 848 2743; x_wconf 89' lang='lat' dir='ltr'><strong>identisonantia.</strong></span> <span class='ocrx_word' id='word_1_255' title='bbox 884 2691 956 2748; x_wconf 90' lang='lat' dir='ltr'><strong>Usus</strong></span> <span class='ocrx_word' id='word_1_256' title='bbox 975 2704 1017 2751; x_wconf 90' lang='lat' dir='ltr'><strong>est</strong></span> <span class='ocrx_word' id='word_1_257' title='bbox 1032 2699 1060 2753; x_wconf 91' lang='lat' dir='ltr'><strong>in</strong></span> <span class='ocrx_word' id='word_1_258' title='bbox 1077 2718 1156 2772; x_wconf 89' lang='lat' dir='ltr'><strong>prop.</strong></span> <span class='ocrx_word' id='word_1_259' title='bbox 1174 2704 1199 2760; x_wconf 85' lang='lat'><strong>3.</strong></span> <span class='ocrx_word' id='word_1_260' title='bbox 1685 2729 1688 2734; x_wconf 85' lang='grc'><strong><em>·</em></strong></span> 
     </span>
    </p>

    <p class='ocr_par' dir='ltr' id='par_1_18' title="bbox 520 2750 1884 3541">
     <span class='ocr_line' id='line_1_27' title="bbox 610 2750 1884 2870; baseline 0.039 -62"><span class='ocrx_word' id='word_1_261' title='bbox 610 2750 655 2811; x_wconf 91' lang='lat' dir='ltr'><strong>De</strong></span> <span class='ocrx_word' id='word_1_262' title='bbox 670 2753 716 2838; x_wconf 75' lang='lat' dir='ltr'><strong>hia</strong></span> <span class='ocrx_word' id='word_1_263' title='bbox 738 2755 826 2834; x_wconf 85' lang='lat' dir='ltr'><strong>igilur</strong></span> <span class='ocrx_word' id='word_1_264' title='bbox 847 2769 1051 2846; x_wconf 83' lang='lat' dir='ltr'><strong>axiomatibus,</strong></span> <span class='ocrx_word' id='word_1_265' title='bbox 1075 2781 1244 2853; x_wconf 88' lang='lat' dir='ltr'><strong>praesertim</strong></span> <span class='ocrx_word' id='word_1_266' title='bbox 1267 2780 1303 2842; x_wconf 81' lang='lat' dir='ltr'><strong>de</strong></span> <span class='ocrx_word' id='word_1_267' title='bbox 1325 2785 1453 2862; x_wconf 86' lang='lat' dir='ltr'><strong>quinque</strong></span> <span class='ocrx_word' id='word_1_268' title='bbox 1474 2787 1625 2864; x_wconf 86' lang='lat' dir='ltr'><strong>prioribus,</strong></span> <span class='ocrx_word' id='word_1_269' title='bbox 1648 2792 1808 2870; x_wconf 89' lang='lat' dir='ltr'><strong>speculatio</strong></span> <span class='ocrx_word' id='word_1_270' title='bbox 1835 2807 1884 2857; x_wconf 86' lang='lat' dir='ltr'><strong>est</strong></span> 
     </span>
     <span class='ocr_line' id='line_1_28' title="bbox 524 2830 1884 2956; baseline 0.042 -67"><span class='ocrx_word' id='word_1_271' title='bbox 524 2830 662 2913; x_wconf 89' lang='lat' dir='ltr'><strong>sublimis,</strong></span> <span class='ocrx_word' id='word_1_272' title='bbox 686 2841 839 2909; x_wconf 89' lang='lat' dir='ltr'><strong>Platonica</strong></span> <span class='ocrx_word' id='word_1_273' title='bbox 860 2851 985 2933; x_wconf 87' lang='lat' dir='ltr'><strong>fideique</strong></span> <span class='ocrx_word' id='word_1_274' title='bbox 1008 2859 1190 2938; x_wconf 81' lang='lat' dir='ltr'><strong>Christianae</strong></span> <span class='ocrx_word' id='word_1_275' title='bbox 1212 2869 1354 2948; x_wconf 82' lang='lat' dir='ltr'><strong>analoga„</strong></span> <span class='ocrx_word' id='word_1_276' title='bbox 1372 2870 1410 2938; x_wconf 90' lang='lat' dir='ltr'><strong>ad</strong></span> <span class='ocrx_word' id='word_1_277' title='bbox 1432 2874 1663 2952; x_wconf 84' lang='lat' dir='ltr'><strong>metaphysiaarn</strong></span> <span class='ocrx_word' id='word_1_278' title='bbox 1684 2879 1778 2956; x_wconf 86' lang='lat' dir='ltr'><strong>adque</strong></span> <span class='ocrx_word' id='word_1_279' title='bbox 1803 2882 1884 2945; x_wconf 88' lang='lat' dir='ltr'><strong>doc·</strong></span> 
     </span>
     <span class='ocr_line' id='line_1_29' title="bbox 523 2922 1883 3046; baseline 0.04 -67"><span class='ocrx_word' id='word_1_280' title='bbox 523 2922 628 2982; x_wconf 88' lang='lat' dir='ltr'><strong>trinam</strong></span> <span class='ocrx_word' id='word_1_281' title='bbox 656 2926 693 2988; x_wconf 91' lang='lat' dir='ltr'><strong>de</strong></span> <span class='ocrx_word' id='word_1_282' title='bbox 714 2935 812 2994; x_wconf 87' lang='lat' dir='ltr'><strong>anima</strong></span> <span class='ocrx_word' id='word_1_283' title='bbox 842 2950 988 3017; x_wconf 92' lang='lat' dir='ltr'><strong>spectans.</strong></span> <span class='ocrx_word' id='word_1_284' title='bbox 1033 2948 1200 3026; x_wconf 78' lang='lat' dir='ltr'><strong>Geometqia</strong></span> <span class='ocrx_word' id='word_1_285' title='bbox 1223 2959 1322 3031; x_wconf 86' lang='lat' dir='ltr'><strong>enim,</strong></span> <span class='ocrx_word' id='word_1_286' title='bbox 1357 2959 1438 3035; x_wconf 86' lang='lat' dir='ltr'><strong>enjus</strong></span> <span class='ocrx_word' id='word_1_287' title='bbox 1466 2969 1580 3038; x_wconf 81' lang='lat' dir='ltr'><strong>partem</strong></span> <span class='ocrx_word' id='word_1_288' title='bbox 1607 2963 1664 3026; x_wconf 89' lang='lat' dir='ltr'><strong>huc</strong></span> <span class='ocrx_word' id='word_1_289' title='bbox 1692 2977 1883 3046; x_wconf 83' lang='lat' dir='ltr'><strong>spectantem</strong></span> 
     </span>
     <span class='ocr_line' id='line_1_30' title="bbox 523 3007 1881 3133; baseline 0.04 -68"><span class='ocrx_word' id='word_1_290' title='bbox 523 3007 589 3068; x_wconf 90' lang='lat' dir='ltr'><strong>libri</strong></span> <span class='ocrx_word' id='word_1_291' title='bbox 604 3011 660 3073; x_wconf 90' lang='lat' dir='ltr'><strong>duo</strong></span> <span class='ocrx_word' id='word_1_292' title='bbox 683 3019 793 3093; x_wconf 87' lang='lat' dir='ltr'><strong>priores</strong></span> <span class='ocrx_word' id='word_1_293' title='bbox 815 3036 883 3085; x_wconf 90' lang='lat' dir='ltr'><strong>sunt</strong></span> <span class='ocrx_word' id='word_1_294' title='bbox 906 3033 1063 3112; x_wconf 86' lang='lat' dir='ltr'><strong>complexi,</strong></span> <span class='ocrx_word' id='word_1_295' title='bbox 1095 3039 1162 3100; x_wconf 87' lang='lat' dir='ltr'><strong>Deo</strong></span> <span class='ocrx_word' id='word_1_296' title='bbox 1193 3053 1348 3106; x_wconf 87' lang='lat' dir='ltr'><strong>coaeterna</strong></span> <span class='ocrx_word' id='word_1_297' title='bbox 1377 3047 1462 3122; x_wconf 86' lang='lat' dir='ltr'><strong>isque</strong></span> <span class='ocrx_word' id='word_1_298' title='bbox 1490 3057 1587 3110; x_wconf 87' lang='lat' dir='ltr'><strong>mente</strong></span> <span class='ocrx_word' id='word_1_299' title='bbox 1609 3049 1709 3114; x_wconf 82' lang='lat' dir='ltr'><strong>diuina</strong></span> <span class='ocrx_word' id='word_1_300' title='bbox 1732 3055 1881 3133; x_wconf 82' lang='lat' dir='ltr'><strong>relucens,</strong></span> 
     </span>
     <span class='ocr_line' id='line_1_31' title="bbox 523 3100 1882 3211; baseline 0.038 -57"><span class='ocrx_word' id='word_1_301' title='bbox 523 3100 655 3176; x_wconf 87' lang='lat' dir='ltr'><strong>exempla</strong></span> <span class='ocrx_word' id='word_1_302' title='bbox 675 3104 740 3188; x_wconf 89' lang='lat' dir='ltr'><strong>Deo</strong></span> <span class='ocrx_word' id='word_1_303' title='bbox 769 3108 987 3194; x_wconf 65' lang='lat' dir='ltr'><strong>suppeditabit,</strong></span> <span class='ocrx_word' id='word_1_304' title='bbox 1013 3133 1043 3183; x_wconf 87' lang='lat' dir='ltr'><strong>ut</strong></span> <span class='ocrx_word' id='word_1_305' title='bbox 1072 3127 1100 3184; x_wconf 93' lang='lat' dir='ltr'><strong>ln</strong></span> <span class='ocrx_word' id='word_1_306' title='bbox 1129 3127 1231 3204; x_wconf 79' lang='lat' dir='ltr'><strong>hujus.</strong></span> <span class='ocrx_word' id='word_1_307' title='bbox 1246 3131 1313 3191; x_wconf 90' lang='lat' dir='ltr'><strong>iibri</strong></span> <span class='ocrx_word' id='word_1_308' title='bbox 1342 3133 1530 3211; x_wconf 85' lang='lat' dir='ltr'><strong>praeambulo</strong></span> <span class='ocrx_word' id='word_1_309' title='bbox 1558 3137 1682 3211; x_wconf 88' lang='lat' dir='ltr'><strong>dietum,</strong></span> <span class='ocrx_word' id='word_1_310' title='bbox 1713 3147 1882 3206; x_wconf 84' lang='lat' dir='ltr'><strong>exornandi</strong></span> 
     </span>
     <span class='ocr_line' id='line_1_32' title="bbox 522 3185 1881 3295; baseline 0.04 -55"><span class='ocrx_word' id='word_1_311' title='bbox 522 3185 631 3261; x_wconf 87' lang='lat' dir='ltr'><strong>nrundi,</strong></span> <span class='ocrx_word' id='word_1_312' title='bbox 655 3197 685 3249; x_wconf 90' lang='lat' dir='ltr'><strong>nt</strong></span> <span class='ocrx_word' id='word_1_313' title='bbox 699 3194 724 3250; x_wconf 92' lang='lat' dir='ltr'><strong>is</strong></span> <span class='ocrx_word' id='word_1_314' title='bbox 746 3193 827 3258; x_wconf 87' lang='lat' dir='ltr'><strong>fieret</strong></span> <span class='ocrx_word' id='word_1_315' title='bbox 843 3195 976 3279; x_wconf 90' lang='lat' dir='ltr'><strong>&#39;optimus</strong></span> <span class='ocrx_word' id='word_1_316' title='bbox 999 3217 1029 3268; x_wconf 89' lang='lat' dir='ltr'><strong>et</strong></span> <span class='ocrx_word' id='word_1_317' title='bbox 1051 3212 1274 3290; x_wconf 86' lang='lat' dir='ltr'><strong>pulcherrimus,</strong></span> <span class='ocrx_word' id='word_1_318' title='bbox 1298 3219 1421 3295; x_wconf 88' lang='lat' dir='ltr'><strong>denique</strong></span> <span class='ocrx_word' id='word_1_319' title='bbox 1437 3220 1583 3283; x_wconf 76' lang='lat' dir='ltr'><strong>creatoris</strong></span> <span class='ocrx_word' id='word_1_320' title='bbox 1598 3227 1769 3289; x_wconf 88' lang='lat' dir='ltr'><strong>simillimus.</strong></span> <span class='ocrx_word' id='word_1_321' title='bbox 1816 3233 1881 3294; x_wconf 88' lang='lat' dir='ltr'><strong>Del</strong></span> 
     </span>
     <span class='ocr_line' id='line_1_33' title="bbox 520 3274 1880 3394; baseline 0.039 -65"><span class='ocrx_word' id='word_1_322' title='bbox 520 3288 591 3333; x_wconf 87' lang='lat' dir='ltr'><strong>vero</strong></span> <span class='ocrx_word' id='word_1_323' title='bbox 606 3274 752 3340; x_wconf 84' lang='lat' dir='ltr'><strong>Creatoris</strong></span> <span class='ocrx_word' id='word_1_324' title='bbox 773 3286 915 3361; x_wconf 84' lang='lat' dir='ltr'><strong>imagines</strong></span> <span class='ocrx_word' id='word_1_325' title='bbox 938 3303 1021 3376; x_wconf 90' lang='lat' dir='ltr'><strong>snut,</strong></span> <span class='ocrx_word' id='word_1_326' title='bbox 1048 3300 1190 3378; x_wconf 85' lang='lat' dir='ltr'><strong>quotquot</strong></span> <span class='ocrx_word' id='word_1_327' title='bbox 1211 3307 1342 3382; x_wconf 88' lang='lat' dir='ltr'><strong>spiritus,</strong></span> <span class='ocrx_word' id='word_1_328' title='bbox 1371 3308 1504 3380; x_wconf 89' lang='lat' dir='ltr'><strong>animae,</strong></span> <span class='ocrx_word' id='word_1_329' title='bbox 1526 3320 1637 3372; x_wconf 87' lang='lat' dir='ltr'><strong>mentes</strong></span> <span class='ocrx_word' id='word_1_330' title='bbox 1657 3317 1719 3374; x_wconf 90' lang='lat' dir='ltr'><strong>suis</strong></span> <span class='ocrx_word' id='word_1_331' title='bbox 1741 3317 1880 3394; x_wconf 83' lang='lat' dir='ltr'><strong>singulae</strong></span> 
     </span>
     <span class='ocr_line' id='line_1_34' title="bbox 521 3364 1879 3484; baseline 0.024 -49"><span class='ocrx_word' id='word_1_332' title='bbox 521 3364 690 3447; x_wconf 68' lang='lat' dir='ltr'><strong>⁰⁰fil⁰ii¹³¹3⁸</strong></span> <span class='ocrx_word' id='word_1_333' title='bbox 712 3377 974 3453; x_wconf 82' lang='lat' dir='ltr'><strong>suntpraeteotae,</strong></span> <span class='ocrx_word' id='word_1_334' title='bbox 998 3392 1031 3445; x_wconf 91' lang='lat' dir='ltr'><strong>ut</strong></span> <span class='ocrx_word' id='word_1_335' title='bbox 1052 3386 1106 3448; x_wconf 90' lang='lat' dir='ltr'><strong>ilia</strong></span> <span class='ocrx_word' id='word_1_336' title='bbox 1126 3391 1330 3468; x_wconf 84' lang='lat' dir='ltr'><strong>gubernarent,</strong></span> <span class='ocrx_word' id='word_1_337' title='bbox 1352 3402 1523 3472; x_wconf 36' lang='lat' dir='ltr'><strong>moverant*</strong></span> <span class='ocrx_word' id='word_1_338' title='bbox 1537 3409 1687 3484; x_wconf 73' lang='lat' dir='ltr'><strong>augerent,</strong></span> <span class='ocrx_word' id='word_1_339' title='bbox 1708 3419 1879 3468; x_wconf 48' lang='lat' dir='ltr'><strong>consen&amp;</strong></span> 
     </span>
     <span class='ocr_line' id='line_1_35' title="bbox 520 3449 1015 3541; baseline 0.04 -38"><span class='ocrx_word' id='word_1_340' title='bbox 520 3454 584 3506; x_wconf 89' lang='lat' dir='ltr'><strong>rent</strong></span> <span class='ocrx_word' id='word_1_341' title='bbox 605 3449 738 3531; x_wconf 88' lang='lat' dir='ltr'><strong>adeoquo</strong></span> <span class='ocrx_word' id='word_1_342' title='bbox 760 3465 789 3516; x_wconf 90' lang='lat' dir='ltr'><strong>et</strong></span> <span class='ocrx_word' id='word_1_343' title='bbox 810 3477 1015 3541; x_wconf 76' lang='lat' dir='ltr'><strong>propagarent</strong></span> 
     </span>
    </p>

    <p class='ocr_par' dir='ltr' id='par_1_19' title="bbox 433 3535 1873 3918">
     <span class='ocr_line' id='line_1_36' title="bbox 610 3535 1873 3654; baseline 0.029 -49"><span class='ocrx_word' id='word_1_344' title='bbox 610 3535 683 3606; x_wconf 75' lang='lat' dir='ltr'><strong>Cum</strong></span> <span class='ocrx_word' id='word_1_345' title='bbox 706 3543 793 3616; x_wconf 85' lang='lat' dir='ltr'><strong>igitur</strong></span> <span class='ocrx_word' id='word_1_346' title='bbox 815 3553 917 3626; x_wconf 81' lang='lat' dir='ltr'><strong>typum</strong></span> <span class='ocrx_word' id='word_1_347' title='bbox 934 3558 1085 3638; x_wconf 19' lang='lat' dir='ltr'><strong>,quendam</strong></span> <span class='ocrx_word' id='word_1_348' title='bbox 1107 3567 1261 3626; x_wconf 85' lang='lat' dir='ltr'><strong>creationis</strong></span> <span class='ocrx_word' id='word_1_349' title='bbox 1283 3567 1342 3626; x_wconf 88' lang='lat' dir='ltr'><strong>sint</strong></span> <span class='ocrx_word' id='word_1_350' title='bbox 1363 3568 1536 3646; x_wconf 84' lang='lat' dir='ltr'><strong>complexas</strong></span> <span class='ocrx_word' id='word_1_351' title='bbox 1554 3574 1615 3632; x_wconf 88' lang='lat' dir='ltr'><strong>suis</strong></span> <span class='ocrx_word' id='word_1_352' title='bbox 1637 3577 1761 3650; x_wconf 73' lang='lat' dir='ltr'><strong>manib,</strong></span> <span class='ocrx_word' id='word_1_353' title='bbox 1785 3578 1873 3654; x_wconf 82' lang='lat' dir='ltr'><strong>leges</strong></span> 
     </span>
     <span class='ocr_line' id='line_1_37' title="bbox 581 3638 1866 3739; baseline 0.037 -59"><span class='ocrx_word' id='word_1_354' title='bbox 581 3638 610 3680; x_wconf 92' lang='lat' dir='ltr'><strong>m</strong></span> <span class='ocrx_word' id='word_1_355' title='bbox 633 3639 697 3684; x_wconf 84' lang='lat' dir='ltr'><strong>cunr</strong></span> <span class='ocrx_word' id='word_1_356' title='bbox 720 3641 849 3696; x_wconf 89' lang='lat' dir='ltr'><strong>creatore</strong></span> <span class='ocrx_word' id='word_1_357' title='bbox 871 3639 988 3701; x_wconf 89' lang='lat' dir='ltr'><strong>easdem</strong></span> <span class='ocrx_word' id='word_1_358' title='bbox 1004 3647 1161 3708; x_wconf 84' lang='lat' dir='ltr'><strong>observant</strong></span> <span class='ocrx_word' id='word_1_359' title='bbox 1176 3655 1280 3729; x_wconf 86' lang='lat' dir='ltr'><strong>operis,</strong></span> <span class='ocrx_word' id='word_1_360' title='bbox 1302 3671 1340 3714; x_wconf 35' lang='lat' dir='ltr'><strong>*ex</strong></span> <span class='ocrx_word' id='word_1_361' title='bbox 1354 3659 1514 3732; x_wconf 86' lang='lat' dir='ltr'><strong>geometria</strong></span> <span class='ocrx_word' id='word_1_362' title='bbox 1534 3657 1691 3739; x_wconf 83' lang='lat' dir='ltr'><strong>deauratas,</strong></span> <span class='ocrx_word' id='word_1_363' title='bbox 1711 3665 1866 3739; x_wconf 86' lang='lat' dir='ltr'><strong>gaudent·</strong></span> 
     </span>
     <span class='ocr_line' id='line_1_38' title="bbox 523 3717 1873 3829; baseline 0.037 -65"><span class='ocrx_word' id='word_1_364' title='bbox 523 3724 579 3784; x_wconf 90' lang='lat' dir='ltr'><strong>quo</strong></span> <span class='ocrx_word' id='word_1_365' title='bbox 601 3717 838 3788; x_wconf 85' lang='lat' dir='ltr'><strong>proportionibus</strong></span> <span class='ocrx_word' id='word_1_366' title='bbox 862 3725 973 3803; x_wconf 90' lang='lat' dir='ltr'><strong>iisdem,</strong></span> <span class='ocrx_word' id='word_1_367' title='bbox 997 3736 1105 3807; x_wconf 86' lang='lat' dir='ltr'><strong>quibus</strong></span> <span class='ocrx_word' id='word_1_368' title='bbox 1129 3737 1210 3798; x_wconf 86' lang='lat' dir='ltr'><strong>Deus</strong></span> <span class='ocrx_word' id='word_1_369' title='bbox 1232 3748 1277 3801; x_wconf 89' lang='lat' dir='ltr'><strong>est</strong></span> <span class='ocrx_word' id='word_1_370' title='bbox 1300 3759 1389 3817; x_wconf 87' lang='lat' dir='ltr'><strong>osus,</strong></span> <span class='ocrx_word' id='word_1_371' title='bbox 1419 3744 1587 3822; x_wconf 83' lang='lat' dir='ltr'><strong>ubicunque</strong></span> <span class='ocrx_word' id='word_1_372' title='bbox 1607 3748 1673 3808; x_wconf 91' lang='lat' dir='ltr'><strong>ilias</strong></span> <span class='ocrx_word' id='word_1_373' title='bbox 1688 3752 1873 3829; x_wconf 78' lang='lat' dir='ltr'><strong>inuenerint,</strong></span> 
     </span>
     <span class='ocr_line' id='line_1_39' title="bbox 433 3797 1873 3918; baseline 0.035 -67"><span class='ocrx_word' id='word_1_374' title='bbox 433 3838 436 3844; x_wconf 68' lang='lat'><strong>.</strong></span> <span class='ocrx_word' id='word_1_375' title='bbox 522 3797 586 3855; x_wconf 86' lang='lat' dir='ltr'><strong>sive</strong></span> <span class='ocrx_word' id='word_1_376' title='bbox 608 3798 687 3859; x_wconf 91' lang='lat' dir='ltr'><strong>nuda</strong></span> <span class='ocrx_word' id='word_1_377' title='bbox 708 3807 924 3898; x_wconf 75' lang='lat' dir='ltr'><strong>speculatione,</strong></span> <span class='ocrx_word' id='word_1_378' title='bbox 955 3819 1018 3879; x_wconf 84' lang='lat' dir='ltr'><strong>sine</strong></span> <span class='ocrx_word' id='word_1_379' title='bbox 1042 3826 1220 3901; x_wconf 87' lang='lat' dir='ltr'><strong>interpositis</strong></span> <span class='ocrx_word' id='word_1_380' title='bbox 1242 3831 1454 3904; x_wconf 85' lang='lat' dir='ltr'><strong>sensibus,.in</strong></span> <span class='ocrx_word' id='word_1_381' title='bbox 1480 3833 1568 3894; x_wconf 86' lang='lat' dir='ltr'><strong>rebus</strong></span> <span class='ocrx_word' id='word_1_382' title='bbox 1597 3839 1695 3898; x_wconf 88' lang='lat' dir='ltr'><strong>sensui</strong></span> <span class='ocrx_word' id='word_1_383' title='bbox 1718 3841 1873 3918; x_wconf 83' lang='lat' dir='ltr'><strong>subjectis,</strong></span> 
     </span>
    </p>

    <p class='ocr_par' dir='ltr' id='par_1_20' title="bbox 512 3881 1875 5218">
     <span class='ocr_line' id='line_1_40' title="bbox 522 3881 1875 4002; baseline 0.036 -62"><span class='ocrx_word' id='word_1_384' title='bbox 522 3881 585 3941; x_wconf 88' lang='lat' dir='ltr'><strong>sive</strong></span> <span class='ocrx_word' id='word_1_385' title='bbox 608 3888 696 3948; x_wconf 88' lang='lat' dir='ltr'><strong>etiam</strong></span> <span class='ocrx_word' id='word_1_386' title='bbox 717 3893 781 3953; x_wconf 87' lang='lat' dir='ltr'><strong>siue</strong></span> <span class='ocrx_word' id='word_1_387' title='bbox 803 3895 935 3962; x_wconf 88' lang='lat' dir='ltr'><strong>discursu</strong></span> <span class='ocrx_word' id='word_1_388' title='bbox 958 3912 1071 3983; x_wconf 90' lang='lat' dir='ltr'><strong>montis,</strong></span> <span class='ocrx_word' id='word_1_389' title='bbox 1094 3923 1147 3988; x_wconf 84' lang='lat' dir='ltr'><strong>pot</strong></span> <span class='ocrx_word' id='word_1_390' title='bbox 1168 3915 1313 3976; x_wconf 89' lang='lat' dir='ltr'><strong>occultum</strong></span> <span class='ocrx_word' id='word_1_391' title='bbox 1338 3925 1367 3978; x_wconf 89' lang='lat' dir='ltr'><strong>et</strong></span> <span class='ocrx_word' id='word_1_392' title='bbox 1389 3927 1573 3980; x_wconf 87' lang='lat' dir='ltr'><strong>eonoreatnro</strong></span> <span class='ocrx_word' id='word_1_393' title='bbox 1595 3925 1781 4002; x_wconf 81' lang='lat' dir='ltr'><strong>iustihctnm3</strong></span> <span class='ocrx_word' id='word_1_394' title='bbox 1804 3931 1875 3990; x_wconf 83' lang='lat' dir='ltr'><strong>sive</strong></span> 
     </span>
     <span class='ocr_line' id='line_1_41' title="bbox 522 3969 1874 4086; baseline 0.037 -60"><span class='ocrx_word' id='word_1_395' title='bbox 522 3969 605 4028; x_wconf 89' lang='lat' dir='ltr'><strong>Deus</strong></span> <span class='ocrx_word' id='word_1_396' title='bbox 627 3974 689 4049; x_wconf 87' lang='lat' dir='ltr'><strong>ipse</strong></span> <span class='ocrx_word' id='word_1_397' title='bbox 711 3986 913 4056; x_wconf 87' lang='lat' dir='ltr'><strong>proportiones</strong></span> <span class='ocrx_word' id='word_1_398' title='bbox 935 3989 1024 4054; x_wconf 89' lang='lat' dir='ltr'><strong>hasce</strong></span> <span class='ocrx_word' id='word_1_399' title='bbox 1047 3999 1075 4056; x_wconf 94' lang='lat' dir='ltr'><strong>in</strong></span> <span class='ocrx_word' id='word_1_400' title='bbox 1099 4003 1267 4076; x_wconf 75' lang='lat' dir='ltr'><strong>serpenbus</strong></span> <span class='ocrx_word' id='word_1_401' title='bbox 1300 4013 1329 4063; x_wconf 89' lang='lat' dir='ltr'><strong>et</strong></span> <span class='ocrx_word' id='word_1_402' title='bbox 1355 4007 1482 4066; x_wconf 87' lang='lat' dir='ltr'><strong>motibus</strong></span> <span class='ocrx_word' id='word_1_403' title='bbox 1505 4015 1678 4086; x_wconf 83' lang='lat' dir='ltr'><strong>expresserit</strong></span> <span class='ocrx_word' id='word_1_404' title='bbox 1706 4015 1874 4076; x_wconf 82' lang='lat' dir='ltr'><strong>invariabi-</strong></span> 
     </span>
     <span class='ocr_line' id='line_1_42' title="bbox 523 4055 1873 4163; baseline 0.036 -49"><span class='ocrx_word' id='word_1_405' title='bbox 523 4055 599 4131; x_wconf 89' lang='lat' dir='ltr'><strong>liter,</strong></span> <span class='ocrx_word' id='word_1_406' title='bbox 622 4063 685 4122; x_wconf 89' lang='lat' dir='ltr'><strong>sive</strong></span> <span class='ocrx_word' id='word_1_407' title='bbox 708 4068 834 4142; x_wconf 86' lang='lat' dir='ltr'><strong>quadam</strong></span> <span class='ocrx_word' id='word_1_408' title='bbox 856 4083 1032 4150; x_wconf 84' lang='lat' dir='ltr'><strong>geometrica</strong></span> <span class='ocrx_word' id='word_1_409' title='bbox 1059 4090 1233 4149; x_wconf 87' lang='lat' dir='ltr'><strong>necessitate</strong></span> <span class='ocrx_word' id='word_1_410' title='bbox 1256 4095 1395 4154; x_wconf 87' lang='lat' dir='ltr'><strong>materiae</strong></span> <span class='ocrx_word' id='word_1_411' title='bbox 1425 4095 1453 4152; x_wconf 95' lang='lat' dir='ltr'><strong>in</strong></span> <span class='ocrx_word' id='word_1_412' title='bbox 1477 4093 1618 4156; x_wconf 85' lang='lat' dir='ltr'><strong>inlinitum</strong></span> <span class='ocrx_word' id='word_1_413' title='bbox 1641 4098 1779 4161; x_wconf 88' lang='lat' dir='ltr'><strong>dividuae</strong></span> <span class='ocrx_word' id='word_1_414' title='bbox 1802 4120 1873 4163; x_wconf 91' lang='lat' dir='ltr'><strong>mo-</strong></span> 
     </span>
     <span class='ocr_line' id='line_1_43' title="bbox 524 4151 1872 4258; baseline 0.036 -57"><span class='ocrx_word' id='word_1_415' title='bbox 524 4151 664 4222; x_wconf 89' lang='lat' dir='ltr'><strong>tuumque</strong></span> <span class='ocrx_word' id='word_1_416' title='bbox 692 4169 744 4228; x_wconf 88' lang='lat' dir='ltr'><strong>per</strong></span> <span class='ocrx_word' id='word_1_417' title='bbox 767 4162 905 4223; x_wconf 89' lang='lat' dir='ltr'><strong>materiae</strong></span> <span class='ocrx_word' id='word_1_418' title='bbox 928 4171 1120 4241; x_wconf 84' lang='lat' dir='ltr'><strong>quantitatem</strong></span> <span class='ocrx_word' id='word_1_419' title='bbox 1150 4175 1374 4244; x_wconf 85' lang='lat' dir='ltr'><strong>interinfinitas</strong></span> <span class='ocrx_word' id='word_1_420' title='bbox 1395 4185 1598 4258; x_wconf 87' lang='lat' dir='ltr'><strong>proportiones</strong></span> <span class='ocrx_word' id='word_1_421' title='bbox 1628 4201 1684 4245; x_wconf 92' lang='lat' dir='ltr'><strong>non</strong></span> <span class='ocrx_word' id='word_1_422' title='bbox 1718 4187 1872 4249; x_wconf 91' lang='lat' dir='ltr'><strong>harmoni-</strong></span> 
     </span>
     <span class='ocr_line' id='line_1_44' title="bbox 521 4241 1870 4348; baseline 0.036 -59"><span class='ocrx_word' id='word_1_423' title='bbox 521 4247 571 4290; x_wconf 90' lang='lat' dir='ltr'><strong>cas</strong></span> <span class='ocrx_word' id='word_1_424' title='bbox 601 4241 775 4300; x_wconf 88' lang='lat' dir='ltr'><strong>occurrerint</strong></span> <span class='ocrx_word' id='word_1_425' title='bbox 801 4249 889 4308; x_wconf 88' lang='lat' dir='ltr'><strong>etiam</strong></span> <span class='ocrx_word' id='word_1_426' title='bbox 911 4250 1096 4321; x_wconf 84' lang='lat' dir='ltr'><strong>harmonicae</strong></span> <span class='ocrx_word' id='word_1_427' title='bbox 1122 4263 1198 4323; x_wconf 87' lang='lat' dir='ltr'><strong>istae</strong></span> <span class='ocrx_word' id='word_1_428' title='bbox 1221 4267 1282 4324; x_wconf 91' lang='lat' dir='ltr'><strong>snis</strong></span> <span class='ocrx_word' id='word_1_429' title='bbox 1305 4268 1499 4346; x_wconf 87' lang='lat' dir='ltr'><strong>temporibus,</strong></span> <span class='ocrx_word' id='word_1_430' title='bbox 1533 4279 1562 4330; x_wconf 89' lang='lat' dir='ltr'><strong>et</strong></span> <span class='ocrx_word' id='word_1_431' title='bbox 1577 4274 1619 4331; x_wconf 89' lang='lat' dir='ltr'><strong>sic</strong></span> <span class='ocrx_word' id='word_1_432' title='bbox 1641 4289 1699 4333; x_wconf 94' lang='lat' dir='ltr'><strong>non</strong></span> <span class='ocrx_word' id='word_1_433' title='bbox 1723 4278 1753 4334; x_wconf 90' lang='lat' dir='ltr'><strong>in</strong></span> <span class='ocrx_word' id='word_1_434' title='bbox 1776 4293 1870 4348; x_wconf 86' lang='lat' dir='ltr'><strong>esec,</strong></span> 
     </span>
     <span class='ocr_line' id='line_1_45' title="bbox 520 4317 1871 4456; baseline 0.036 -79"><span class='ocrx_word' id='word_1_435' title='bbox 520 4317 573 4378; x_wconf 89' lang='lat' dir='ltr'><strong>sed</strong></span> <span class='ocrx_word' id='word_1_436' title='bbox 595 4321 624 4380; x_wconf 93' lang='lat' dir='ltr'><strong>in</strong></span> <span class='ocrx_word' id='word_1_437' title='bbox 648 4324 661 4382; x_wconf 83' lang='lat' dir='ltr'><strong>i</strong></span> <span class='ocrx_word' id='word_1_438' title='bbox 670 4325 742 4387; x_wconf 83' lang='lat' dir='ltr'><strong>leui</strong></span> <span class='ocrx_word' id='word_1_439' title='bbox 764 4335 932 4397; x_wconf 86' lang='lat' dir='ltr'><strong>consistant.</strong></span> <span class='ocrx_word' id='word_1_440' title='bbox 977 4342 1038 4404; x_wconf 86' lang='lat' dir='ltr'><strong>Nec</strong></span> <span class='ocrx_word' id='word_1_441' title='bbox 1060 4355 1172 4408; x_wconf 88' lang='lat' dir='ltr'><strong>tantum</strong></span> <span class='ocrx_word' id='word_1_442' title='bbox 1194 4348 1321 4426; x_wconf 83' lang='lat' dir='ltr'><strong>gaudent</strong></span> <span class='ocrx_word' id='word_1_443' title='bbox 1342 4361 1463 4430; x_wconf 88' lang='lat' dir='ltr'><strong>mentes,</strong></span> <span class='ocrx_word' id='word_1_444' title='bbox 1488 4356 1545 4417; x_wconf 92' lang='lat' dir='ltr'><strong>Dei</strong></span> <span class='ocrx_word' id='word_1_445' title='bbox 1568 4360 1719 4435; x_wconf 83' lang='lat' dir='ltr'><strong>imagines,</strong></span> <span class='ocrx_word' id='word_1_446' title='bbox 1742 4381 1871 4456; x_wconf 88' lang='lat' dir='ltr'><strong>propur-</strong></span> 
     </span>
     <span class='ocr_line' id='line_1_46' title="bbox 521 4407 1870 4522; baseline 0.039 -59"><span class='ocrx_word' id='word_1_447' title='bbox 521 4407 650 4469; x_wconf 88' lang='lat' dir='ltr'><strong>tiouibus</strong></span> <span class='ocrx_word' id='word_1_448' title='bbox 672 4415 722 4488; x_wconf 88' lang='lat' dir='ltr'><strong>iis,</strong></span> <span class='ocrx_word' id='word_1_449' title='bbox 754 4418 807 4478; x_wconf 89' lang='lat' dir='ltr'><strong>sed</strong></span> <span class='ocrx_word' id='word_1_450' title='bbox 829 4431 950 4484; x_wconf 90' lang='lat' dir='ltr'><strong>utuntur</strong></span> <span class='ocrx_word' id='word_1_451' title='bbox 979 4433 1066 4491; x_wconf 87' lang='lat' dir='ltr'><strong>etiarn</strong></span> <span class='ocrx_word' id='word_1_452' title='bbox 1088 4436 1192 4496; x_wconf 86' lang='lat' dir='ltr'><strong>iisdem</strong></span> <span class='ocrx_word' id='word_1_453' title='bbox 1215 4455 1266 4516; x_wconf 92' lang='lat' dir='ltr'><strong>pro</strong></span> <span class='ocrx_word' id='word_1_454' title='bbox 1290 4439 1405 4516; x_wconf 90' lang='lat' dir='ltr'><strong>legibus</strong></span> <span class='ocrx_word' id='word_1_455' title='bbox 1430 4442 1470 4503; x_wconf 93' lang='lat' dir='ltr'><strong>ad</strong></span> <span class='ocrx_word' id='word_1_456' title='bbox 1497 4445 1664 4522; x_wconf 80' lang='lat' dir='ltr'><strong>peragenda</strong></span> <span class='ocrx_word' id='word_1_457' title='bbox 1689 4467 1744 4509; x_wconf 91' lang='lat' dir='ltr'><strong>sua</strong></span> <span class='ocrx_word' id='word_1_458' title='bbox 1766 4454 1870 4514; x_wconf 88' lang='lat' dir='ltr'><strong>munia</strong></span> 
     </span>
     <span class='ocr_line' id='line_1_47' title="bbox 520 4501 1868 4614; baseline 0.036 -64"><span class='ocrx_word' id='word_1_459' title='bbox 520 4501 781 4579; x_wconf 83' lang='lat' dir='ltr'><strong>proportionesque</strong></span> <span class='ocrx_word' id='word_1_460' title='bbox 812 4510 930 4572; x_wconf 91' lang='lat' dir='ltr'><strong>easdem</strong></span> <span class='ocrx_word' id='word_1_461' title='bbox 953 4518 982 4574; x_wconf 92' lang='lat' dir='ltr'><strong>in</strong></span> <span class='ocrx_word' id='word_1_462' title='bbox 1005 4524 1134 4582; x_wconf 88' lang='lat' dir='ltr'><strong>motibus</strong></span> <span class='ocrx_word' id='word_1_463' title='bbox 1155 4541 1273 4586; x_wconf 90' lang='lat' dir='ltr'><strong>suornm</strong></span> <span class='ocrx_word' id='word_1_464' title='bbox 1305 4543 1486 4605; x_wconf 80' lang='lat' dir='ltr'><strong>corporum,</strong></span> <span class='ocrx_word' id='word_1_465' title='bbox 1505 4549 1563 4608; x_wconf 91' lang='lat' dir='ltr'><strong>qua</strong></span> <span class='ocrx_word' id='word_1_466' title='bbox 1585 4533 1667 4607; x_wconf 85' lang='lat' dir='ltr'><strong>iicet,</strong></span> <span class='ocrx_word' id='word_1_467' title='bbox 1698 4541 1868 4614; x_wconf 87' lang='lat' dir='ltr'><strong>exprimen-</strong></span> 
     </span>
     <span class='ocr_line' id='line_1_48' title="bbox 522 4580 1869 4697; baseline 0.037 -59"><span class='ocrx_word' id='word_1_468' title='bbox 522 4580 585 4640; x_wconf 91' lang='lat' dir='ltr'><strong>das.</strong></span> <span class='ocrx_word' id='word_1_469' title='bbox 630 4585 772 4668; x_wconf 84' lang='lat' dir='ltr'><strong>Exempla</strong></span> <span class='ocrx_word' id='word_1_470' title='bbox 794 4594 945 4662; x_wconf 88' lang='lat' dir='ltr'><strong>luculenta</strong></span> <span class='ocrx_word' id='word_1_471' title='bbox 968 4605 1026 4666; x_wconf 90' lang='lat' dir='ltr'><strong>duo</strong></span> <span class='ocrx_word' id='word_1_472' title='bbox 1049 4611 1195 4688; x_wconf 79' lang='lat' dir='ltr'><strong>proferent</strong></span> <span class='ocrx_word' id='word_1_473' title='bbox 1216 4601 1283 4675; x_wconf 80' lang='lat' dir='ltr'><strong>iibri</strong></span> <span class='ocrx_word' id='word_1_474' title='bbox 1298 4625 1463 4691; x_wconf 88' lang='lat' dir='ltr'><strong>sequentes,</strong></span> <span class='ocrx_word' id='word_1_475' title='bbox 1486 4635 1574 4679; x_wconf 91' lang='lat' dir='ltr'><strong>unum</strong></span> <span class='ocrx_word' id='word_1_476' title='bbox 1594 4623 1687 4697; x_wconf 87' lang='lat' dir='ltr'><strong>ipsius</strong></span> <span class='ocrx_word' id='word_1_477' title='bbox 1701 4624 1756 4686; x_wconf 90' lang='lat' dir='ltr'><strong>Dei</strong></span> <span class='ocrx_word' id='word_1_478' title='bbox 1773 4625 1869 4686; x_wconf 80' lang='lat' dir='ltr'><strong>crea-</strong></span> 
     </span>
     <span class='ocr_line' id='line_1_49' title="bbox 518 4668 1868 4782; baseline 0.035 -54"><span class='ocrx_word' id='word_1_479' title='bbox 518 4668 606 4740; x_wconf 85' lang='lat' dir='ltr'><strong>toris,</strong></span> <span class='ocrx_word' id='word_1_480' title='bbox 637 4677 687 4749; x_wconf 90' lang='lat' dir='ltr'><strong>qui</strong></span> <span class='ocrx_word' id='word_1_481' title='bbox 709 4687 945 4757; x_wconf 90' lang='lat' dir='ltr'><strong>proportionibus</strong></span> <span class='ocrx_word' id='word_1_482' title='bbox 968 4691 1143 4759; x_wconf 88' lang='lat' dir='ltr'><strong>harmonicis</strong></span> <span class='ocrx_word' id='word_1_483' title='bbox 1167 4698 1335 4776; x_wconf 85' lang='lat' dir='ltr'><strong>dispertitus</strong></span> <span class='ocrx_word' id='word_1_484' title='bbox 1364 4711 1408 4776; x_wconf 80' lang='lat' dir='ltr'><strong>est</strong></span> <span class='ocrx_word' id='word_1_485' title='bbox 1430 4713 1527 4772; x_wconf 84' lang='lat' dir='ltr'><strong>metue</strong></span> <span class='ocrx_word' id='word_1_486' title='bbox 1549 4708 1709 4782; x_wconf 82' lang='lat' dir='ltr'><strong>coelorum,</strong></span> <span class='ocrx_word' id='word_1_487' title='bbox 1740 4711 1868 4774; x_wconf 87' lang='lat' dir='ltr'><strong>alteram</strong></span> 
     </span>
     <span class='ocr_line' id='line_1_50' title="bbox 519 4757 1865 4866; baseline 0.036 -53"><span class='ocrx_word' id='word_1_488' title='bbox 519 4757 634 4819; x_wconf 87' lang='lat' dir='ltr'><strong>animae</strong></span> <span class='ocrx_word' id='word_1_489' title='bbox 658 4761 750 4841; x_wconf 86' lang='lat' dir='ltr'><strong>iilius,</strong></span> <span class='ocrx_word' id='word_1_490' title='bbox 783 4787 870 4847; x_wconf 82' lang='lat' dir='ltr'><strong>quam</strong></span> <span class='ocrx_word' id='word_1_491' title='bbox 893 4787 1027 4847; x_wconf 83' lang='lat' dir='ltr'><strong>naturam</strong></span> <span class='ocrx_word' id='word_1_492' title='bbox 1050 4782 1237 4846; x_wconf 82' lang='lat' dir='ltr'><strong>sublunarem</strong></span> <span class='ocrx_word' id='word_1_493' title='bbox 1261 4788 1354 4866; x_wconf 76' lang='lat' dir='ltr'><strong>dicere</strong></span> <span class='ocrx_word' id='word_1_494' title='bbox 1376 4789 1521 4864; x_wconf 85' lang='lat' dir='ltr'><strong>solemus,</strong></span> <span class='ocrx_word' id='word_1_495' title='bbox 1536 4796 1652 4866; x_wconf 80' lang='lat' dir='ltr'><strong>‚cientis</strong></span> <span class='ocrx_word' id='word_1_496' title='bbox 1674 4807 1804 4860; x_wconf 89' lang='lat' dir='ltr'><strong>matsora</strong></span> <span class='ocrx_word' id='word_1_497' title='bbox 1826 4801 1865 4860; x_wconf 89' lang='lat' dir='ltr'><strong>ad</strong></span> 
     </span>
     <span class='ocr_line' id='line_1_51' title="bbox 519 4847 1866 4948; baseline 0.032 -43"><span class='ocrx_word' id='word_1_498' title='bbox 519 4847 730 4923; x_wconf 87' lang='lat' dir='ltr'><strong>praescriptum</strong></span> <span class='ocrx_word' id='word_1_499' title='bbox 752 4864 987 4942; x_wconf 90' lang='lat' dir='ltr'><strong>proportionum,</strong></span> <span class='ocrx_word' id='word_1_500' title='bbox 1012 4888 1095 4947; x_wconf 82' lang='lat' dir='ltr'><strong>quac</strong></span> <span class='ocrx_word' id='word_1_501' title='bbox 1117 4883 1271 4934; x_wconf 90' lang='lat' dir='ltr'><strong>occurrunt</strong></span> <span class='ocrx_word' id='word_1_502' title='bbox 1301 4878 1329 4935; x_wconf 93' lang='lat' dir='ltr'><strong>in</strong></span> <span class='ocrx_word' id='word_1_503' title='bbox 1352 4878 1561 4943; x_wconf 87' lang='lat' dir='ltr'><strong>radiationibus</strong></span> <span class='ocrx_word' id='word_1_504' title='bbox 1592 4890 1745 4945; x_wconf 89' lang='lat' dir='ltr'><strong>astrorum.</strong></span> <span class='ocrx_word' id='word_1_505' title='bbox 1789 4887 1866 4948; x_wconf 79' lang='lat' dir='ltr'><strong>&#39;l&#39;sr-</strong></span> 
     </span>
     <span class='ocr_line' id='line_1_52' title="bbox 512 4931 1865 5052; baseline 0.038 -65"><span class='ocrx_word' id='word_1_506' title='bbox 512 4931 591 4988; x_wconf 71' lang='lat' dir='ltr'><strong>&#39;tium</strong></span> <span class='ocrx_word' id='word_1_507' title='bbox 615 4935 702 5006; x_wconf 80' lang='lat' dir='ltr'><strong>igitur</strong></span> <span class='ocrx_word' id='word_1_508' title='bbox 725 4948 754 5000; x_wconf 91' lang='lat' dir='ltr'><strong>et</strong></span> <span class='ocrx_word' id='word_1_509' title='bbox 775 4944 862 5023; x_wconf 87' lang='lat' dir='ltr'><strong>hujus</strong></span> <span class='ocrx_word' id='word_1_510' title='bbox 885 4951 951 5018; x_wconf 85' lang='lat' dir='ltr'><strong>iibri</strong></span> <span class='ocrx_word' id='word_1_511' title='bbox 976 4961 1310 5041; x_wconf 80' lang='lat' dir='ltr'><strong>proprium-exemplum</strong></span> <span class='ocrx_word' id='word_1_512' title='bbox 1339 4973 1402 5027; x_wconf 91' lang='lat' dir='ltr'><strong>esto</strong></span> <span class='ocrx_word' id='word_1_513' title='bbox 1424 4970 1540 5028; x_wconf 87' lang='lat' dir='ltr'><strong>animas</strong></span> <span class='ocrx_word' id='word_1_514' title='bbox 1562 4968 1705 5032; x_wconf 77' lang='lat' dir='ltr'><strong>harmanno</strong></span> <span class='ocrx_word' id='word_1_515' title='bbox 1728 4973 1865 5052; x_wconf 85' lang='lat' dir='ltr'><strong>adeoque</strong></span> 
     </span>
     <span class='ocr_line' id='line_1_53' title="bbox 518 5021 1864 5164; baseline 0.03 -79"><span class='ocrx_word' id='word_1_516' title='bbox 518 5024 547 5076; x_wconf 69' lang='lat' dir='ltr'><strong>et</strong></span> <span class='ocrx_word' id='word_1_517' title='bbox 575 5021 720 5095; x_wconf 75' lang='lat' dir='ltr'><strong>pecudum</strong></span> <span class='ocrx_word' id='word_1_518' title='bbox 752 5034 974 5107; x_wconf 80' lang='lat' dir='ltr'><strong>quadamtenus.</strong></span> <span class='ocrx_word' id='word_1_519' title='bbox 1004 5043 1092 5120; x_wconf 34' lang='lat' dir='ltr'><strong>,Illas</strong></span> <span class='ocrx_word' id='word_1_520' title='bbox 1124 5051 1200 5126; x_wconf 76' lang='lat' dir='ltr'><strong>enim</strong></span> <span class='ocrx_word' id='word_1_521' title='bbox 1228 5055 1373 5129; x_wconf 88' lang='lat' dir='ltr'><strong>perceptis</strong></span> <span class='ocrx_word' id='word_1_522' title='bbox 1401 5057 1637 5132; x_wconf 81' lang='lat' dir='ltr'><strong>proportionibus</strong></span> <span class='ocrx_word' id='word_1_523' title='bbox 1665 5076 1769 5120; x_wconf 68' lang='lat' dir='ltr'><strong>vocum</strong></span> <span class='ocrx_word' id='word_1_524' title='bbox 1792 5061 1864 5164; x_wconf 74' lang='lat' dir='ltr'><strong>har·</strong></span> 
     </span>
     <span class='ocr_line' id='line_1_54' title="bbox 517 5109 1863 5218; baseline 0.036 -52"><span class='ocrx_word' id='word_1_525' title='bbox 517 5109 640 5170; x_wconf 83' lang='lat' dir='ltr'><strong>manicis</strong></span> <span class='ocrx_word' id='word_1_526' title='bbox 662 5111 800 5194; x_wconf 88' lang='lat' dir='ltr'><strong>gaudent,</strong></span> <span class='ocrx_word' id='word_1_527' title='bbox 822 5140 882 5184; x_wconf 91' lang='lat' dir='ltr'><strong>non</strong></span> <span class='ocrx_word' id='word_1_528' title='bbox 902 5125 1079 5195; x_wconf 65' lang='lat' dir='ltr'><strong>monicus</strong></span> <span class='ocrx_word' id='word_1_529' title='bbox 1101 5138 1266 5213; x_wconf 79' lang='lat' dir='ltr'><strong>tristantur,</strong></span> <span class='ocrx_word' id='word_1_530' title='bbox 1300 5141 1446 5218; x_wconf 85' lang='lat' dir='ltr'><strong>aquibus</strong></span> <span class='ocrx_word' id='word_1_531' title='bbox 1460 5145 1590 5209; x_wconf 71' lang='lat' dir='ltr'><strong>auium</strong></span> <span class='ocrx_word' id='word_1_532' title='bbox 1616 5145 1770 5210; x_wconf 72' lang='lat' dir='ltr'><strong>alimbbus</strong></span> <span class='ocrx_word' id='word_1_533' title='bbox 1791 5149 1863 5214; x_wconf 78' lang='lat' dir='ltr'><strong>uias</strong></span> 
     </span>
    </p>
   </div>
   <div class='ocr_carea' id='block_1_16' title="bbox 522 3619 580 3680">
    <p class='ocr_par' dir='ltr' id='par_1_21' title="bbox 522 3619 580 3680">
     <span class='ocr_line' id='line_1_55' title="bbox 522 3619 580 3680; baseline 0.034 -1"><span class='ocrx_word' id='word_1_534' title='bbox 522 3619 580 3680; x_wconf 87' lang='lat' dir='ltr'><strong>etia</strong></span> 
     </span>
    </p>
   </div>
   <div class='ocr_carea' id='block_1_17' title="bbox 0 0 2238 6192">
    <p class='ocr_par' dir='ltr' id='par_1_22' title="bbox 0 0 2238 6192">
     <span class='ocr_line' id='line_1_56' title="bbox 0 0 2238 6192; baseline 0 6"><span class='ocrx_word' id='word_1_535' title='bbox 0 0 2238 6192; x_wconf 95' lang='lat' dir='ltr'><strong> </strong></span> 
     </span>
    </p>
   </div>
  </div>
 </body>
</html>
