4467 6192
927 662 928 669 ’
966 660 1108 738 rpologra.
1653 676 1715 737 417

358 848 530 923 congeriem
553 850 642 909 etiarn
674 854 769 907 ortum
791 846 1025 957 harmonicas,
1018 864 1047 903 ιιι
1072 864 1130 922 qno
1164 864 1219 923 ego
1238 846 1305 908 solo
1333 846 1374 903 lui
1406 855 1582 975 occupatus,
1610 837 1664 909 aba
1688 857 1716 910 te

358 938 497 1011 proponi

450 1022 501 1079 Ad
529 1022 705 1097 Analysin
728 1020 780 1081 IV.
827 1019 984 1080 Satislauio
1006 1022 1068 1080 tius
1083 1039 1142 1080 uno
1158 1021 1264 1080 verbo:
1291 1038 1493 1097 comparamus
1516 1024 1564 1083 vel
1586 1025 1624 1084 ad
1641 1044 1714 1085 con-

356 1124 481 1167 sensum
513 1110 560 1167 vel
591 1109 629 1168 ad
659 1099 811 1167 discrimen
840 1104 1091 1183 1ιιι11ωιιι1ιιιιι.”)
1142 1108 1233 1168 Recte
1262 1111 1351 1184 igitur
1379 1116 1431 1168 tua
1461 1127 1516 1185 ego
1547 1130 1612 1172 cum
1642 1117 1716 1173 meis

360 1197 486 1269 contuli,
510 1205 543 1254 ut
567 1198 654 1256 sciret
676 1196 768 1255 lector
790 1214 881 1267 umus,
904 1194 971 1271 plus
994 1198 1136 1256 interesse
1158 1195 1412 1270 dissimilitudinis,
1437 1212 1526 1273 quam
1549 1217 1716 1265 consensus.

358 1282 396 1340 ln
420 1286 518 1343 verbis
544 1302 613 1343 vero
637 1284 707 1359 quid
730 1288 835 1343 attinet
857 1282 982 1343 luderet
1027 1283 1218 1343 Artifleialem
1242 1291 1321 1342 tuam
1341 1288 1483 1344 musicam
1508 1286 1567 1344 dixi
1590 1307 1626 1347 ex
1640 1290 1715 1348 libro

359 1380 429 1442 tuo,
465 1388 531 1430 num
555 1380 586 1430 tu
610 1371 772 1430 naturalem
802 1373 840 1429 ah
864 1370 1007 1431 artificiali
1032 1371 1190 1447 distinguis
1220 1388 1300 1431 more
1329 1382 1390 1430 tuo.
1435 1371 1508 1429 Mihi
1537 1375 1650 1435 nullum
1673 1385 1718 1436 est

358 1456 526 1533 legitimum
550 1476 603 1519 uec
627 1458 740 1519 auditui
764 1467 916 1563 acceptum
939 1458 1063 1517 musices
1087 1460 1249 1530 artificium,
1274 1459 1353 1534 qnod
1377 1470 1456 1518 caret
1477 1462 1674 1522 tundamentrs
1697 1484 1715 1523 a

358 1555 468 1604 natura
492 1549 667 1607 monstratis.
713 1546 807 1621 Igitur
838 1533 925 1605 etlam
959 1554 1029 1605 tunc
1051 1563 1146 1605 rerum
1168 1546 1345 1606 naturalium
1374 1550 1474 1625 aperio
1498 1566 1617 1623 cauam,
1648 1568 1714 1610 curu
1804 1593 1810 1609 ,

358 1633 396 1691 dc
423 1636 536 1708 origine
558 1638 683 1693 musices
706 1634 864 1693 artificialis
889 1632 1014 1710 disputo.

451 1722 494 1779 En
519 1740 589 1782 vero
612 1720 760 1780 difficilem
781 1729 810 1779 te
833 1721 990 1794 hominem,
1015 1737 1067 1797 per
1090 1737 1178 1796 quem
1201 1719 1330 1779 mihine
1354 1720 1487 1779 modesto
1510 1722 1627 1797 quidem
1652 1743 1715 1786 essa

364 1804 511 1889 licet⁸³);
534 1812 728 1886 suspiciosum
752 1826 838 1881 vero,
864 1812 913 1886 qui
937 1809 1028 1868 verba
1050 1808 1166 1884 singula
1189 1814 1308 1884 torques
1323 1810 1351 1865 in
1367 1810 1550 1889 contrarium.
1596 1810 1715 1888 Scripsi,

358 1912 409 1954 me
434 1913 532 1972 pauca
560 1896 595 1955 de
619 1899 743 1955 musices
767 1896 968 1955 inventoribus
997 1894 1125 1971 tradere3
1154 1895 1275 1954 hoccine
1303 1902 1346 1955 est
1374 1896 1403 1951 in
1426 1903 1455 1954 te
1484 1897 1715 1973 superfluitatem

360 2000 504 2060 arguere,
537 2002 613 2043 anne
636 1986 730 2059 magis
752 1984 907 2057 lectorem,
937 1981 973 2041 de
995 1984 1197 2041 inventoribus
1219 1989 1416 2057 satagentem,
1440 1980 1478 2040 ad
1502 1991 1530 2043 te
1553 1984 1690 2061 ablegare
1700 1986 1720 2045 ‘l'

452 2071 506 2130 Ad
530 2070 715 2149 Analysin
739 2072 776 2129 V.
821 2072 867 2130 De
891 2069 1070 2145 temporibus
1098 2070 1135 2129 ad
1159 2072 1299 2128 musicam
1332 2069 1513 2128 artificialem
1541 2074 1716 2133 necessariis

357 2157 453 2216 laudo
476 2158 742 2235 philosophantem.
788 2158 887 2235 Digna
909 2154 1006 2217 tamen
1030 2161 1155 2217 occurrit
1178 2159 1320 2233 quaestio,
1344 2160 1374 2215 in
1395 2174 1454 2232 qua
1476 2157 1523 2216 hic
1544 2169 1714 2220 exerceatur

358 2244 464 2304 lector.
510 2246 599 2306 Recte
623 2263 709 2318 sane,
734 2244 877 2317 Robcrte,
901 2262 1005 2304 sonum
1029 2244 1130 2303 definis
1152 2261 1204 2321 per
1227 2252 1351 2315 motum,
1382 2262 1436 2304 nec
1458 2262 1477 2302 a
1498 2254 1579 2319 motu
1602 2250 1711 2324 pateris

356 2332 478 2409 sejungi
500 2342 623 2410 tempus.
670 2333 832 2409 Diligenter
861 2332 917 2392 hoc
940 2340 1008 2392 sunt
1030 2333 1177 2408 prosecuti
1201 2330 1387 2391 Ptolemaeus
1415 2332 1538 2408 ejusque
1564 2351 1714 2396 commen-

357 2428 441 2478 tator
461 2420 651 2499 Porphyrius.
697 2421 820 2480 Duobus
844 2422 932 2497 igitur
954 2419 1122 2480 nominibus
1144 2425 1259 2497 tempus
1282 2418 1367 2478 adest
1388 2420 1541 2493 sonitibus,
1564 2425 1658 2499 primo
1682 2433 1715 2483 ut

358 2512 520 2567 essentiam
545 2510 650 2568 format
672 2524 819 2581 sonorum,
844 2524 896 2567 seu
919 2508 1095 2567 differentias
1118 2524 1208 2565 causa
1223 2510 1377 2582 gravitatis
1401 2517 1429 2566 ct
1448 2511 1599 2581 acuminis,
1623 2511 1715 2572 altero

356 2602 393 2652 ut
413 2596 478 2671 jam
500 2598 632 2678 formatis
657 2599 835 2655 extrinsecus
859 2594 965 2654 accidit
986 2601 1020 2653 'ut
1041 2611 1188 2656 mensura.
1234 2590 1348 2654 Graves
1364 2596 1426 2652 soni
1451 2600 1590 2677 tremores
1605 2598 1716 2658 habent

358 2683 514 2758 tardiores,
538 2686 618 2743 acuti
642 2684 804 2743 celeriores.
850 2681 940 2761 Verbi
964 2699 1067 2754 causa,
1098 2684 1123 2739 si
1146 2683 1184 2740 ait
1206 2684 1388 2758 propositum
1411 2693 1540 2759 tempus,
1573 2697 1716 2761 quantum

359 2778 406 2828 est
430 2774 505 2830 inter
528 2772 657 2849 systolen
682 2779 711 2831 et
735 2770 879 2831 diastolen
902 2769 1005 2847 pulsus
1028 2770 1162 2841 humani,
1192 2769 1345 2845 pulsentur
1368 2769 1444 2830 duae
1467 2770 1609 2845 chordae,
1638 2791 1715 2849 quae

358 2856 506 2935 diapason
530 2860 656 2933 faciunt,
689 2867 853 2934 crematque
876 2859 951 2916 intra
973 2858 1179 2959 praestitutum
1203 2860 1341 2933 temporis
1357 2859 1491 2933 epatium
1521 2857 1629 2918 chorda
1651 2861 1713 2935 illa,

358 2962 440 3021 quae
463 2962 584 3041 gravem
606 2962 710 3007 sonum
734 2948 854 3019 emittit,
888 2946 1020 3005 tremat
1013 2962 1134 3021 inquam
1159 2945 1200 3002 00
1223 2945 1465 3017 vibratiunculas,
1495 2952 1599 3005 tremet
1621 2946 1714 3007 altera

263 3028 264 3031 ’
360 3035 442 3108 100,
473 3052 548 3109 quae
576 3036 689 3095 scilicet
717 3042 839 3093 acutum
867 3039 1016 3094 consonat.
1069 3031 1155 3090 Hane
1182 3032 1412 3116 speculationem
1440 3033 1525 3110 attigi
1553 3033 1628 3094 libro
1658 3034 1714 3093 111.

262 3180 263 3185 ,
355 3120 431 3178 lolio
459 3123 529 3180 137.
554 3124 582 3179 1ιι
605 3124 804 3201 experimento
826 3120 961 3181 mirabili.
1007 3118 1108 3193 Vides,
1132 3118 1270 3191 Robcrte,
1295 3118 1495 3195 deceptionem
1518 3120 1567 3180 bic
1590 3140 1626 3180 ex
1649 3140 1714 3181 am-

356 3208 504 3283 biguitate
528 3212 609 3270 vocis
635 3213 788 3286 „ternpus“
815 3220 936 3269 eausam
957 3207 1011 3267 tlbi
1034 3206 1125 3265 luisse
1148 3205 1280 3265 mirandi.
1326 3204 1438 3281 Quodsi
1467 3223 1525 3265 nou
1549 3211 1713 3285 attigissem

262 3358 263 3365 ,
355 3295 437 3354 hanc
461 3298 583 3373 primam
605 3298 866 3360 considerationem
890 3296 1037 3373 temporis,
1061 3296 1223 3373 potuissem
1243 3294 1385 3370 excipere,
1408 3311 1454 3353 me
1469 3294 1545 3353 banc
1568 3314 1633 3355 cum
1649 3299 1714 3374 ipsa

262 3384 263 3453 j
356 3399 501 3441 sonorum
532 3384 694 3445 differentia
723 3388 752 3443 ln
785 3386 918 3444 acumine
951 3391 980 3442 et
1010 3385 1158 3458 gravitate
1187 3384 1387 3461 supposuisse.
1432 3382 1478 3441 De
1501 3382 1594 3442 altero
1625 3386 1715 3462 igitur

356 3480 513 3546 respectu,
539 3488 597 3546 quo
621 3482 735 3548 tempus
759 3480 802 3531 est
826 3475 988 3531 extrinseca
1010 3487 1147 3529 mensura
1169 3487 1322 3542 sonorum,
1346 3469 1477 3544 loquitur
1501 3478 1599 3530 textus
1621 3476 1713 3547 meus,

353 3557 492 3632 loquitur
514 3562 601 3618 etiarn
625 3568 702 3633 tuus,
728 3576 815 3637 quem
838 3575 985 3636 comparo.
1031 3557 1087 3616 lllo
1110 3561 1188 3616 enim
1211 3567 1345 3633 respectu
1372 3565 1499 3617 nonest
1528 3559 1714 3619 arbitrarium

355 3654 486 3723 tempus,
510 3645 559 3705 sad
583 3646 723 3709 adhaeret
746 3648 884 3723 grauitati
907 3645 955 3704 vel
979 3646 1103 3703 acumini
1127 3647 1301 3718 necessario,
1325 3650 1356 3702 at
1371 3644 1428 3703 boc
1443 3647 1576 3723 respectu
1593 3650 1712 3707 omnino

262 3738 263 3741 ’
356 3740 404 3791 est
438 3734 622 3792 arbitrarium
637 3751 733 3811 ,quo
767 3734 884 3792 nomine
914 3734 988 3790 inter
1012 3738 1123 3791 ceteras
1147 3750 1251 3801 musas
1279 3734 1391 3791 musica
1414 3732 1573 3792 artificialis
1599 3734 1713 3793 dicitur.

357 3819 512 3893 Quantum
536 3823 612 3880 enim
636 3778 665 3879 ln
687 3838 718 3881 re
742 3820 874 3897 qualibet
896 3820 973 3879 ineat
995 3836 1030 3879 ex
1054 3819 1173 3878 arbitrio
1190 3818 1317 3891 artificis,
1341 3825 1433 3878 totum
1453 3820 1524 3878 illud
1547 3822 1602 3880 arti
1617 3830 1714 3881 trans-

355 3908 504 3980 scribitur,
529 3916 670 4013 quantum
694 3924 772 3967 vero
788 3926 835 3977 ars
858 3914 990 3965 naturam
1014 3908 1145 3969 imitatur
1167 3907 1346 3982 arbitrioque
1369 3925 1423 3967 suo
1456 3907 1568 3983 leges
1561 3926 1626 3984 ipsa
1649 3910 1712 3984 lert,

355 4002 475 4053 tantum
498 4005 631 4055 censetur
657 3998 686 4053 in
712 3995 833 4054 artilicio
862 3996 1002 4053 bonitatis
1031 3996 1136 4053 inesse.
1182 3994 1271 4053 Verbi
1295 4010 1400 4069 causa,
1431 3996 1535 4055 breves
1566 4012 1655 4055 sonos
1683 3998 1714 4055 iu

359 4083 501 4139 omnibns
525 4091 627 4142 cantus
651 4084 765 4159 figurati
788 4084 912 4141 vocibus
935 4090 1063 4141 statuere
1086 4089 1183 4158 potest
1206 4082 1325 4155 artilex3
1355 4083 1380 4141 si
1408 4090 1505 4142 tamen
1534 4082 1622 4142 basso
1643 4083 1711 4143 lon-

262 4235 266 4243 ,
356 4187 413 4244 gas
439 4171 639 4230 accommodat
662 4188 820 4244 mensuras,
846 4169 979 4229 discanto
1004 4170 1125 4243 breves,
1150 4169 1197 4229 hic
1220 4176 1354 4228 naturam
1377 4170 1426 4229 ille
1450 4178 1565 4247 spectat
1573 4213 1582 4249 ,
1604 4190 1710 4248 graves

357 4260 439 4316 enim
462 4274 550 4316 sonos
575 4258 699 4317 diximus
722 4260 810 4317 etiarn
833 4258 861 4315 in
886 4258 1030 4317 essentiae
1046 4273 1117 4315 suae
1140 4256 1312 4316 formatione
1331 4255 1427 4333 longis
1442 4258 1622 4334 temporibus
1647 4275 1712 4319 essa
1817 4260 1822 4265 ’

357 4351 511 4421 cognatos,
536 4355 638 4405 acutos
661 4346 815 4419 brevibus3
845 4352 877 4403 at
899 4346 925 4403 si
948 4362 963 4405 e
987 4346 1132 4404 contrario
1155 4346 1274 4404 bassum
1300 4345 1476 4421 quandoque
1503 4345 1589 4420 jubet
1611 4346 1713 4403 brevi-

356 4434 582 4491 busmensuris
605 4434 855 4506 circumvolitare,
885 4431 1102 4495 condimentum
1124 4433 1307 4492 machinatur
1328 4430 1604 4505 extraordinarium,
1638 4449 1711 4491 cou-

358 4520 429 4579 ailio
453 4536 525 4578 usus
548 4536 584 4579 ox
606 4524 676 4579 artis
700 4525 770 4579 suae
791 4520 922 4581 flosculis
953 4520 1164 4595 arbitrariaquc
1192 4519 1309 4580 licentia
1341 4519 1482 4579 desumto.
1527 4517 1625 4594 Tetigi
1655 4518 1712 4580 hoc

357 4624 424 4684 cap.
454 4609 502 4665 16.
525 4607 575 4666 lol.
603 4610 662 4669 193
687 4610 715 4665 in
740 4606 931 4668 alternatione
955 4604 1219 4666 consonantiarum.

448 4692 532 4769 Quae
555 4696 605 4754 ubi
628 4702 659 4753 tu
682 4693 877 4771 perpenderis,
900 4693 1027 4752 mirabor
1050 4690 1200 4768 equidem,
1232 4694 1255 4750 ai
1280 4691 1350 4767 quid
1374 4692 1571 4751 excusationis
1594 4694 1712 4771 insuper

356 4782 462 4841 adema
484 4785 591 4857 possis,
615 4798 664 4840 cur
687 4782 743 4859 tine
766 4778 854 4856 hujus
877 4780 1033 4857 analyseos
1056 4782 1219 4855 negaveris,
1244 4786 1414 4853 temporum
1438 4778 1636 4839 dimmsionci
1657 4799 1711 4840 vo-

355 4874 426 4928 ιιίιι
444 4872 479 4927 in
502 4854 691 4948 longitudine
710 4876 738 4929 et
760 4869 902 4927 breuitate
924 4884 982 4925 ease
1004 4866 1195 4926 arbitrarius
1241 4865 1316 4923 Nam
1346 4863 1382 4924 de
1405 4864 1492 4924 hoc
1484 4882 1547 4944 ipso
1574 4876 1709 4944 respectu

356 4958 516 5033 temporis,
540 4964 573 5015 ut
595 4951 747 5029 mensura,
770 4954 907 5039 loqueris.
1009 4986 1012 4993 ·

446 5040 596 5149 Quantum
626 5046 714 5121 igitur
744 5043 848 5103 attinet
876 5030 954 5101 hune
984 5047 1162 5118 respectum
1177 5042 1332 5115 temporis,
1367 5058 1426 5117 quo
1455 5049 1587 5119 tempora
1613 5046 1710 5127 potius
1745 5124 1755 5141 Ι

412 5156 509 5207 Ksplert
525 5135 601 5205 bpsn
614 5152 641 5196 V.
1513 5136 1554 5205 2V
