4467 6192
868 664 952 723 Liber
968 665 1016 722 lii
1035 667 1125 737 capnt
1141 663 1175 722 V.
1632 669 1694 730 349

341 840 455 896 bahent
491 841 530 898 iit
546 839 663 896 oseem
679 839 896 910 ambiguitatem,
922 840 958 896 ab
973 855 1061 909 aeque
1077 855 1155 898 case:
1182 841 1288 896 ammae
1303 846 1370 896 sont
1395 837 1553 908 corporibus
1571 845 1696 894 ancmres
1767 843 1770 854 “

340 926 436 974 motus
453 919 558 990 localia
575 919 638 974 ideo
656 926 685 976 et
701 921 778 989 ipsae
795 921 824 976 in
841 919 899 975 suia
917 917 1034 990 propriis
1051 919 1225 989 sandonibus,
1244 929 1312 989 pata
1329 919 1363 974 ad
1376 918 1504 988 gaudium
1522 918 1563 975 vel
1577 917 1697 974 dolorem

338 1003 367 1051 ct
385 997 502 1067 similia,
529 996 651 1053 rationes
667 997 837 1054 harmonicas
854 997 953 1052 insitas
969 997 1087 1067 habant,
1112 1013 1164 1054 nac
1180 995 1304 1068 indigent
1321 997 1409 1052 anima
1426 996 1564 1062 rationali,
1588 1004 1618 1052 ιιι
1635 1012 1696 1066 per-

340 1084 460 1146 ennent,
484 1085 615 1132 contenta
631 1077 807 1133 ιιιιιιιιιίιιιιι
825 1074 984 1146 corporibus
1003 1083 1031 1130 et
1048 1076 1130 1132 unica
1147 1075 1250 1130 Solonis
1268 1075 1343 1145 globi
1366 1075 1506 1144 gyratione
1529 1075 1601 1130 eirca
1618 1090 1698 1130 sunm

337 1169 440 1223 axem,
470 1163 502 1210 nt
531 1155 713 1212 demonstravi
739 1158 767 1210 in
786 1155 989 1211 Commentariis
1006 1155 1103 1210 Martie
1129 1164 1157 1210 et
1174 1155 1201 1210 in
1220 1155 1354 1224 Epitomis
1373 1155 1563 1210 astronomiae
1586 1153 1633 1212 lib.
1651 1155 1697 1212 lV.

339 1241 367 1288 et
386 1236 420 1289 V.
440 1243 545 1304 repeto.
580 1237 618 1291 Et
634 1243 726 1291 tamen
744 1236 864 1304 ipsorum
883 1242 972 1288 motus
991 1233 1173 1291 conformatos
1192 1251 1252 1290 esse
1271 1237 1305 1291 ab
1325 1235 1422 1305 opifice
1446 1233 1480 1290 ad
1499 1236 1618 1291 rationes
1636 1233 1698 1290 har·

338 1313 464 1368 monicae
483 1314 652 1383 demonstro,
671 1313 773 1369 nnllam
792 1313 826 1368 ob
845 1313 1033 1368 excellentiam
1050 1312 1209 1368 coelestium
1227 1312 1298 1376 inter
1316 1323 1419 1382 cetera,
1446 1314 1520 1368 velut
1542 1329 1696 1382 enumero,

338 1392 389 1446 sed
407 1395 484 1463 quia,
503 1394 550 1461 qui
569 1411 685 1463 corpore
704 1394 833 1450 coelestia
850 1393 985 1457 nominat,
1009 1393 1033 1448 is
1050 1400 1139 1448 totum
1157 1394 1277 1448 nominat
1294 1392 1449 1448 universnm
1467 1399 1494 1446 et
1512 1391 1623 1458 inuoluit
1640 1405 1696 1448 nna

339 1473 456 1526 Terram
475 1473 589 1542 ejusqsae
606 1474 748 1528 motiones.
785 1473 855 1527 Sunt
872 1473 956 1542 igitur
971 1472 1027 1527 ista
1043 1489 1113 1542 opns
1131 1487 1259 1528 mannum
1269 1473 1329 1542 Dei,
1348 1471 1422 1541 qnod
1440 1485 1456 1525 a
1472 1469 1604 1540 principio
1622 1484 1697 1524 crea·

339 1559 399 1605 tum
418 1559 476 1619 est,
502 1567 564 1607 cum
582 1552 648 1606 nihil
666 1553 870 1622 praecessisset,
889 1550 964 1619 qnod
981 1551 1069 1606 Deum
1087 1551 1243 1622 impediret,
1269 1568 1324 1621 qno
1342 1552 1431 1606 minue
1455 1550 1620 1618 exprimeret
1635 1565 1697 1618 pro·

338 1628 483 1698 portiones
498 1631 534 1684 -in
558 1646 652 1686 eorum
670 1631 798 1686 extremis
816 1629 944 1684 motibus.
980 1631 1164 1686 Veruntamen
1188 1646 1238 1699 ego
1254 1629 1423 1702 ¹rationalem
1445 1627 1617 1693 facultatem,
1645 1628 1698 1682 boc

338 1715 425 1776 pacto
443 1709 619 1764 exturbatum
641 1726 676 1764 ex
692 1708 813 1764 modbus
831 1707 983 1773 coelorum,
1008 1707 1064 1762 ulia
1087 1707 1195 1777 gemma
1219 1707 1366 1766 absoluti
1392 1705 1559 1784 postliminio
1581 1704 1697 1765 reduco:

339 1786 430 1853 primo
449 1787 526 1854 quia,
550 1789 574 1843 si
594 1805 650 1844 nou
667 1790 695 1844 io
712 1788 844 1858 planetis,
867 1793 898 1842 et
919 1787 1017 1844 saitem
1038 1788 1067 1842 in
1085 1787 1149 1842 Sole
1171 1802 1232 1842 curn
1259 1786 1458 1857 simplicissima
1481 1785 1615 1840 rotatione
1639 1782 1698 1852 qius

341 1866 468 1934 corporis
486 1866 558 1923 circa
575 1885 655 1923 axem
673 1868 821 1938 conjuncta
838 1873 881 1923 est
899 1867 989 1922 anima
1006 1874 1094 1924 motus
1113 1866 1189 1922 illius
1207 1867 1384 1937 personantis,
1399 1866 1428 1921 in
1445 1879 1558 1934 corpore
1572 1861 1652 1932 Solis,
1671 1869 1699 1916 et

340 1953 544 2013 consequenter
561 1947 590 2000 in
608 1949 728 2002 omnium
746 1948 915 2017 planetarum
931 1946 1093 2018 corporibus
1109 1953 1220 2016 auctor,
1247 1963 1328 2016 qnam
1346 1946 1505 2002 rationalem
1524 1959 1584 1998 esse
1602 1943 1698 2012 proba·

339 2018 396 2074 bile
414 2020 483 2075 iacit
501 2025 653 2095 exemplum
672 2029 786 2082 naturae
803 2023 974 2095 sublunaris,
1000 2042 1071 2096 quae
1090 2034 1132 2082 est
1150 2026 1239 2082 anima
1265 2027 1293 2096 in
1312 2027 1411 2082 Terrae
1430 2024 1579 2082 visceribus
1597 2021 1698 2089 abdita,

316 2097 447 2153 ‘habena
466 2101 621 2158 instinctam
638 2105 772 2159 rationem
797 2104 856 2159 sinc
870 2103 1002 2161 discursu.
1040 2104 1108 2158 Vide
1127 2102 1172 2158 lib.
1192 2103 1284 2158 Herm.
1298 2104 1344 2161 1v.
1365 2121 1423 2176 cap.
1437 2107 1461 2160 7.
1497 2103 1613 2173 iterum,
1634 2099 1698 2171 quia

339 2177 438 2232 sinon
457 2178 486 2234 in
503 2179 585 2248 giobo
603 2185 663 2252 ipso
682 2184 766 2253 Solis,
790 2191 820 2239 at
839 2182 935 2238 saltem
953 2183 982 2238 in
1000 2184 1146 2253 creaturis,
1172 2183 1282 2253 globum
1300 2183 1376 2242 ilium
1395 2183 1590 2250 incolentibus,
1618 2178 1695 2234 intel·

339 2256 429 2313 lectns
448 2259 523 2314 inest
539 2261 580 2317 nti
599 2278 633 2316 ne
649 2262 859 2337 harmonias-nm,
878 2277 946 2331 quaa
963 2271 1054 2318 motos
1072 2264 1245 2332 planetarum
1264 2263 1389 2332 nuspiam
1406 2263 1459 2318 nisi
1473 2262 1501 2316 in
1514 2260 1578 2316 Sole
1590 2273 1698 2330 reprae-

340 2343 463 2394 sentant.
499 2338 569 2394 Vide
612 2341 734 2412 piloqum
751 2343 805 2397 mei
820 2341 882 2397 libri
900 2342 933 2397 V.
1393 2383 1398 2390 -
1667 2361 1670 2369 ’

880 2586 883 2591 ’
919 2539 1060 2671 carui
1087 2599 1126 2715 ll.

339 2758 518 2832 Quomodo
542 2759 767 2817 consonantia
788 2760 981 2818 intervalla
1004 2762 1237 2834 respondeant
1258 2765 1431 2836 primariis
1453 2765 1583 2820 animae
1600 2762 1700 2820 dili-a·

740 2847 877 2919 tentiis,
900 2865 971 2904 cum
988 2850 1059 2905 anis
1077 2851 1267 2920 speciebus.
1285 2853 1306 2902 1)

429 3011 527 3086 Igitur
548 2996 775 3087 primae'seluti
797 3020 896 3090 partas
918 3013 1035 3075 animae
1057 3021 1126 3073 sunt
1156 3021 1229 3073 tres:
1258 3012 1477 3087 intellectualis,
1502 3015 1651 3076 ,sensitiva
1673 3021 1702 3074 et
1801 3033 1803 3036 ·

340 3098 508 3160 habitualis
522 3092 568 3180 ¹¹).
613 3097 730 3158 Primae
753 3115 823 3157 vero
852 3098 1083 3160 identisonorum
1105 3109 1136 3160 et
1158 3116 1351 3160 consonorum
1383 3103 1496 3179 species
1519 3101 1620 3162 itidem
1644 3112 1702 3161 tres

341 3196 427 3247 sunt:
452 3186 668 3256 idoneisonnm,
697 3193 872 3258 tusconen·
895 3203 1026 3248 consona
1049 3205 1120 3248 sero
1144 3193 1277 3250 amoma
1308 3200 1337 3248 et
1360 3195 1572 3266 trecanensium
1603 3197 1637 3248 ut
1660 3192 1700 3248 ita
1756 3191 1758 3194 ’

343 3274 492 3351 diapason
515 3273 635 3349 quidem
656 3272 849 3334 intellectuali
872 3275 1051 3352 respondeat
1071 3275 1239 3356 (plurimum
1262 3279 1340 3338 enim
1368 3285 1397 3336 et
1420 3277 1467 3335 hic
1495 3283 1524 3336 et
1545 3275 1606 3336 illic
1628 3278 1701 3336 eim·

343 3363 488 3439 plicitatis
510 3361 759 3437 aequalitatisque
783 3370 813 3420 et
836 3361 1046 3423 indifferentiae
1070 3360 1140 3443 ast),
1165 3363 1301 3439 diapente
1324 3380 1394 3424 vero
1417 3365 1595 3438 sensitivae,
1619 3365 1701 3424 item·

343 3468 405 3526 qne
428 3449 613 3507 diatessaron
637 3447 781 3508 habituali
792 3445 847 3525 ¹¹¹).
891 3448 968 3510 Nam
999 3461 1029 3510 et
1055 3450 1270 3527 bisdiapason
1301 3453 1461 3527 proximius
1490 3459 1534 3510 est
1563 3451 1701 3531 diapente

343 3555 437 3613 quam
460 3535 654 3608 diatessaron,
685 3533 794 3613 qnippe
816 3535 891 3594 illud
914 3541 1124 3599 consonantiue
1153 3549 1196 3600 eat
1219 3538 1367 3616 habetque
1390 3555 1542 3600 excessum
1564 3540 1702 3616 aequali·

346 3627 400 3684 tati
424 3626 649 3701 proximiorem
678 3633 708 3683 et
730 3622 791 3684 illic
818 3623 1010 3684 intellectuali
1032 3625 1168 3689 facultati
1191 3629 1318 3686 uicinius
1346 3634 1392 3687 est
1420 3629 1580 3700 sensitiva,
1610 3641 1701 3704 quam

345 3713 511 3781 habitualis
523 3707 567 3789 W)
580 3707 629 3790 ll,
661 3728 697 3770 co
727 3710 807 3787 quod
839 3719 869 3770 et
900 3714 966 3788 ipsa
995 3715 1141 3792 particeps
1162 3711 1213 3792 ¹sit
1244 3715 1512 3791 comprehensionis
1544 3714 1699 3792 aliqualis,

345 3810 500 3878 praeterea
521 3801 608 3858 sicuti
630 3800 659 3856 in
683 3800 791 3874 quibus
814 3806 859 3857 est
880 3798 1008 3873 babitus,
1032 3803 1062 3858 in
1085 3804 1121 3862 iis
1144 3818 1202 3860 non
1226 3795 1344 3863 omnino
1369 3819 1473 3862 sensus
1495 3803 1579 3876 inest,
1604 3819 1701 3878 nequa
1762 3825 1765 3830 ·

344 3891 374 3948 in
396 3889 648 3963 quibuscomes,
682 3888 711 3943 in
734 3887 771 3944 iis
794 3893 840 3945 est
861 3904 962 3966 meus,
994 3889 1159 3949 corruersim
1181 3905 1267 3962 vero,
1298 3890 1458 3965 inquibus
1485 3906 1590 3950 seusus
1613 3892 1699 3972 ineat,

345 3979 377 4034 in
399 3973 506 4034 iisdem
530 3976 649 4033 omnino
671 3982 716 4034 est
738 3973 867 4046 babitus,
889 3984 919 4034 et
941 3977 971 4033 in
995 3975 1102 4051 quibos
1125 3993 1217 4048 mens,
1241 3979 1269 4034 in
1286 3975 1391 4038 iisdem
1413 3985 1474 4050 mm
1493 3994 1597 4037 sensus
1612 3993 1701 4053 quam

345 4057 887 4141 habitusl'1),.itaubidiatesearon
910 4078 968 4120 nou
992 4062 1058 4122 ideo
1082 4064 1124 4122 ibi
1147 4071 1176 4122 ιι
1200 4063 1346 4140 diapente,
1368 4081 1465 4140 neque
1487 4065 1536 4124 ubi
1553 4063 1700 4144 diapente,

346 4149 459 4209 ibidem
482 4153 583 4210 stetim
606 4157 652 4209 est
674 4147 828 4226 diapason,
852 4152 970 4209 omninno
995 4167 1065 4210 vero
1087 4153 1264 4224 conversim,
1286 4149 1335 4228 ubi
1354 4151 1499 4228 diapenta,
1523 4152 1563 4210 ibi
1583 4163 1613 4212 et
1636 4152 1701 4211 dia·

346 4245 497 4308 tessaram
529 4245 559 4296 et
581 4239 699 4296 omnino
728 4237 780 4295 ubi
802 4234 960 4312 diapason,
990 4237 1100 4297 ibidem
1129 4247 1159 4298 et
1182 4238 1318 4315 diapante
1346 4248 1376 4298 et
1398 4239 1596 4311 diatessaron,
1629 4238 1701 4298 illud

346 4328 428 4384 enim
447 4327 598 4400 proprium
619 4334 665 4387 est
687 4323 933 4400 imperfectiorum
956 4330 986 4383 et
1001 4325 1213 4386 cantilenarum
1236 4335 1266 4386 ot
1281 4329 1535 4404 compositionum,
1559 4325 1615 4396 hoc
1631 4342 1701 4386 vero

346 4408 627 4490 perfectionum).
673 4412 709 4470 Et
731 4410 850 4488 quidem
873 4411 1034 4474 habitualis
1056 4415 1173 4475 animae
1195 4413 1344 4476 facultatis
1374 4422 1430 4474 ιιιι
1455 4412 1608 4473 commode
1630 4429 1700 4490 spe-

347 4502 408 4560 cies
431 4502 593 4560 enumerari
616 4507 757 4578 possunt,
778 4497 883 4560 eodem
905 4517 1026 4560 numero
1048 4518 1115 4560 cum
1137 4503 1294 4578 speciebus
1317 4502 1515 4560 diatessaron:
1546 4516 1604 4561 una
1626 4517 1702 4575 aug·
1758 4529 1767 4542 e

346 4590 452 4665 menti
474 4587 567 4647 altera
589 4589 699 4663 uigoris
721 4595 752 4646 et
773 4589 999 4661 consistentiae,
1023 4591 1109 4648 tertie
1133 4590 1350 4662 diminutionis,
1377 4587 1433 4648 hee
1455 4593 1524 4647 sunt
1546 4589 1629 4646 enim
1646 4587 1702 4647 ha·

345 4673 469 4736 bicmlis
491 4676 645 4755 primariae
667 4672 832 4734 facultates.
847 4730 861 4751 ,
879 4671 990 4735 Eodem
1013 4675 1102 4736 modo
1126 4678 1284 4738 sensitivae
1307 4675 1459 4739 facultatis
1487 4681 1612 4750 quatuor
1635 4683 1703 4735 sant

342 4763 476 4839 species,
511 4761 631 4838 aequali
659 4777 780 4824 numero
811 4763 966 4838 speciebus
997 4766 1210 4824 corseonantiec
1243 4763 1397 4839 diapente,
1435 4778 1494 4820 una
1526 4763 1621 4838 visos,
1652 4781 1703 4824 sc·

346 4849 448 4910 cunda
467 4849 601 4921 auditus,
623 4851 718 4910 ιιιιὶι
749 4848 905 4920 odoratus,
936 4857 1042 4925 quarta
1069 4845 1265 4928 gustusV¹¹¹);
1296 4846 1441 4926 siquidem
1467 4855 1582 4912 tactum
1611 4849 1705 4930 veluti

346 4953 533 4998 communem
555 4937 690 4996 omnibus
714 4944 840 5013 quatuor
860 4937 1018 4999 statuimus
1027 4933 1085 5016 ¹¹),
1108 4939 1218 5014 qnippe
1242 4952 1341 4996 omnes
1365 4934 1434 4998 iliae
1461 4937 1611 5015 tangendo
1632 4954 1702 5000 een-

345 5024 448 5088 sibilia
463 5039 518 5086 suc
540 5023 820 5101 quomodocunque,
843 5023 887 5082 sic
910 5022 1231 5098 receptionecillorum
1253 5021 1406 5084 adornant
1452 5025 1587 5104 Denique
1615 5023 1703 5086 intel·

346 5111 485 5174 lanmlis
507 5111 659 5174 honitatis
679 5119 792 5189 septem
813 5120 883 5174 suot
904 5108 1071 5174 dirimentes
1093 5111 1223 5190 speeies,
1250 5112 1407 5197 speciebus
1431 5112 1577 5193 diapason
1607 5129 1703 5192 aeque

833 5253 841 5290 1
