4467 6192
793 682 876 745 tiber
891 684 940 741 111.
958 684 1097 759 Digresaio
1114 684 1230 757 politica.
1628 692 1688 757 196

418 864 562 942 Reliquas
585 867 657 950 artis
679 867 902 941 compositoriae
925 865 1041 943 regulas
1063 865 1224 928 artificibus
1241 865 1313 943 ipsis
1334 866 1470 944 relinquo
1492 870 1688 946 comproban-

344 951 387 1010 das
417 960 469 1011 aot
501 955 645 1013 rationem
677 970 776 1011 earum
805 954 990 1013 reddendam.
1035 953 1110 1011 Mihi
1142 956 1217 1013 onim
1249 972 1325 1030 quae
1356 954 1507 1033 hucusque
1538 956 1688 1034 disputari
1781 1018 1784 1027 ,

342 1038 448 1099 abunde
472 1040 631 1115 sufficiunt,
655 1058 720 1099 coru
744 1039 781 1101 ad
805 1049 939 1101 naturam
962 1050 1064 1100 cantus
1088 1040 1306 1115 illustrandam,
1330 1044 1430 1118 primis
1453 1044 1557 1105 saltem
1580 1053 1609 1105 ot
1631 1063 1686 1123 ge·

342 1127 482 1185 neralibus
507 1129 570 1205 ejus
593 1127 790 1187 fundamentis
815 1132 842 1187 in
864 1138 971 1195 natura
992 1130 1176 1197 monstratis,
1209 1136 1271 1187 tum
1294 1132 1419 1189 maxime
1448 1131 1485 1189 ad
1509 1132 1689 1209 speculatio-

343 1232 383 1273 nes
404 1214 474 1274 libri
499 1214 536 1273 V.
560 1219 719 1293 sequentis,
743 1215 826 1292 cujus
849 1214 915 1275 libri
937 1217 1061 1275 materia
1083 1214 1154 1274 mihi
1177 1218 1280 1275 uniens
1308 1218 1336 1273 in
1361 1225 1423 1277 toto
1447 1236 1534 1296 opere
1556 1220 1621 1293 finis
1645 1229 1689 1282 est

341 1306 512 1379 propositus.
560 1305 753 1365 Astronomus
783 1307 859 1363 enim
890 1320 945 1380 ego
973 1306 1049 1363 sicut
1078 1304 1113 1362 de
1137 1302 1236 1381 figuris
1265 1305 1450 1379 regularibus
1481 1306 1598 1385 disputo
1630 1325 1688 1371 nou

342 1400 390 1447 tan
412 1392 591 1466 geometrice
615 1387 687 1473 (nisi
720 1391 770 1450 nbi
799 1390 850 1451 illa
878 1390 975 1450 adhuc
1003 1390 1179 1467 incompleta
1212 1393 1275 1450 visa
1299 1387 1359 1473 est)
1383 1410 1469 1468 quarn
1493 1394 1688 1457 astrondmice
1757 1446 1758 1451 ,

342 1485 365 1541 ei
382 1478 599 1555 metaphysica,
630 1480 672 1537 sic
696 1481 783 1538 etiarn
813 1478 849 1538 de
878 1490 980 1537 cantus
1009 1480 1247 1557 proportionibus
1272 1480 1367 1538 scriho
1397 1497 1455 1539 uon
1487 1490 1547 1541 tam
1576 1487 1686 1544 musice
1714 1512 1717 1519 ·

342 1582 417 1639 quarn
441 1569 629 1643 geometrice,
652 1566 784 1643 physice,
808 1566 935 1643 dentque
958 1576 990 1625 ut
1005 1570 1094 1643 prius,
1117 1568 1310 1626 astronomiae
1330 1574 1359 1628 et
1381 1568 1594 1647 metaphysica:
1619 1574 1688 1647 quia

342 1655 405 1712 sicut
429 1654 602 1730 corporibus
634 1658 762 1730 quinque
786 1654 968 1731 regularibus
996 1672 1030 1712 er
1054 1654 1230 1730 geometria,
1262 1656 1304 1714 sic
1332 1657 1419 1714 etiam
1448 1659 1686 1732 proportionibus

342 1748 452 1817 totoque
484 1748 630 1818 apparatu
663 1740 833 1803 harmonico
863 1760 897 1802 ex
929 1744 1042 1800 musica
1074 1758 1148 1819 opus
1178 1741 1273 1801 habeo
1304 1740 1341 1801 ad
1365 1741 1552 1820 explicandas
1583 1762 1688 1805 causas

342 1830 530 1905 proportionis
559 1830 672 1887 orbium
705 1829 875 1888 coelestium
904 1830 1209 1904 eccentricitatumque
1241 1838 1269 1888 et
1302 1839 1433 1905 motuurp
1464 1834 1491 1887 in
1523 1833 1686 1909 opsidibus.

342 1916 431 1975 Artem
455 1934 527 1977 sero
551 1916 745 1995 componendi
768 1924 880 1997 cantus,
905 1934 981 1991 quae
1003 1918 1102 1993 praxis
1126 1926 1169 1975 est
1185 1918 1305 1989 musica,
1328 1935 1514 1994 nequaquam
1539 1920 1684 1997 profiteor,

342 2021 416 2078 quam
441 2022 488 2064 ex.
502 2004 613 2063 Artusii
635 2022 724 2083 supra
747 2003 815 2063 dicti
840 2022 933 2081 esque
954 2003 1036 2063 Sethi
1061 2003 1197 2078 Calvisii,
1221 2004 1306 2063 amici
1330 2005 1477 2081 quondam
1500 2008 1566 2081 mei,
1591 2008 1681 2081 libris,

342 2090 372 2150 de
391 2102 452 2151 arte
476 2094 684 2168 compositoris
707 2100 810 2152 cantus
833 2092 928 2163 editis,
952 2094 1059 2167 rectius
1083 2094 1133 2167 qui
1157 2092 1237 2151 volet
1258 2100 1355 2169 petct;
1379 2110 1453 2169 quos
1476 2094 1555 2172 ipsos
1578 2104 1685 2169 tamen,

341 2194 391 2237 non
411 2179 491 2257 quod
516 2183 643 2258 optimos
666 2189 782 2257 putem,
806 2180 859 2238 sed
881 2183 950 2255 quia
973 2180 1129 2239 aliusnon
1154 2179 1229 2254 ridi,
1254 2182 1384 2239 nomino,

428 2346 435 2359 ’
469 2446 477 2459 .
582 2396 632 2465 De
662 2397 774 2467 trihus
801 2396 1048 2467 medietatibus
1076 2394 1248 2481 digressio
1278 2396 1428 2484 politica.

413 2541 493 2597 Folio
511 2543 555 2597 29.
574 2541 646 2595 liuea
664 2544 688 2597 9.
709 2545 746 2611 (p.
766 2543 814 2597 iti
836 2541 881 2595 lin.
901 2541 944 2609 29)
965 2540 1154 2609 paragraphus
1179 2555 1296 2609 sequeus
1320 2540 1381 2595 loco
1405 2556 1455 2596 suo
1478 2540 1606 2597 exclusus
1634 2551 1685 2611 est,

340 2619 403 2686 quod
419 2634 520 2688 operae
546 2618 613 2674 folin
637 2620 799 2689 exemplaris
822 2619 930 2674 incaute
954 2618 1155 2675 distribuissent
1191 2659 1197 2673 .
1233 2658 1239 2671 .
1275 2616 1386 2689 (quippe
1413 2620 1466 2689 'trel
1503 2660 1509 2673 ·
1546 2663 1553 2676 ·
1578 2663 1596 2683 .·
1633 2662 1641 2681 .
1677 2663 1684 2677 .

415 2712 519 2790 Neque
543 2721 640 2772 mmeu
670 2714 708 2771 oh
732 2712 761 2770 id
784 2710 1015 2791 reprehendendi
1040 2721 1108 2771 sunt
1123 2718 1267 2785 auctores,
1292 2714 1340 2789 qui
1361 2715 1564 2790 proportiones
1580 2714 1684 2791 hujus·

340 2798 409 2858 modi
429 2800 518 2860 titulo
540 2800 773 2859 harmonicorum
797 2807 825 2857 in
849 2818 938 2877 remp.
961 2802 1113 2876 recipiunt.
1133 2805 1208 2870 (vids
1226 2808 1307 2855 inaura
1326 2807 1519 2869 pulcherrimum
1542 2810 1569 2857 tn
1587 2800 1684 2859 bobine

340 2884 493 2957 rempubl.)
515 2886 593 2946 Nam
615 2891 669 2947 etsi
691 2905 803 2964 paucae
831 2904 866 2945 ex
890 2890 933 2947 sic
961 2887 1092 2947 formatis
1113 2903 1209 2947 meras
1235 2886 1402 2945 harmonias
1426 2886 1580 2963 deliniunt,
1614 2890 1685 2949 reli·

341 2991 405 3049 quae
427 2991 529 3035 omues
556 2978 595 3034 ab
618 2976 776 3036 harmoniis
799 2975 913 3035 alienae
935 2985 1019 3049 suut,
1051 2991 1152 3034 omnes
1184 2982 1282 3033 tamen
1312 2972 1399 3049 hujus
1429 2973 1606 3037 delinitionis
1628 2977 1685 3037 hoc

339 3061 452 3137 hahent,
485 3062 566 3138 quod
588 3071 823 3139 contemperatae
850 3070 931 3121 sunt·
951 3080 986 3121 err
1008 3062 1152 3121 ambabus
1176 3061 1428 3137 proportionibus,
1450 3060 1634 3147 arithmetica
1656 3074 1684 3123 et

340 3153 522 3223 geometrica3
545 3169 583 3211 cx
605 3167 664 3228 qua
688 3152 955 3229 contemperatione
977 3152 1054 3209 inest
1078 3148 1144 3207 illis
1159 3148 1232 3207 haec
1254 3150 1283 3204 in
1299 3146 1373 3223 Rep.
1397 3148 1539 3225 aptitudo
1585 3150 1684 3209 Vicis-

340 3239 386 3295 sim
407 3256 477 3298 rero
499 3238 620 3315 inltep.
643 3240 668 3296 si
692 3241 809 3315 quasis
832 3245 875 3296 est
897 3237 1143 3307 harmonicarum,
1171 3244 1203 3293 ut
1226 3234 1426 3305 harmonicae,
1449 3252 1544 3312 nequo
1568 3246 1683 3298 nostrae

338 3324 500 3385 medietates
522 3325 709 3385 harmonicae
731 3328 829 3402 sperni
844 3331 989 3402 poterunt,
1014 3341 1087 3401 quas
1103 3324 1206 3382 laxiori
1224 3320 1389 3381 delinitione
1411 3325 1453 3381 sic
1468 3322 1566 3383 trado:
1597 3325 1686 3403 Quod

339 3414 371 3469 rit
388 3432 475 3472 omne
496 3412 542 3486 id,
566 3414 649 3489 qnod
669 3412 824 3472 intercedit
845 3416 925 3471 inter
937 3411 1016 3471 daos
1030 3429 1115 3471 voces
1125 3418 1330 3483 mnsmtuntcs,
1345 3410 1522 3471 'comonons
1542 3418 1569 3471 et
1583 3412 1683 3493 ipsum

339 3516 398 3557 cunr
417 3502 542 3559 diaron
563 3509 704 3576 meaque.
749 3500 783 3559 tn
805 3499 985 3559 sectionibus
1007 3502 1095 3575 igitur
1117 3506 1172 3558 etc.
1234 3496 1241 3510 '

418 3587 572 3647 Hactenus
602 3592 720 3647 omissa
766 3588 841 3646 (lum
870 3596 969 3647 autem
991 3586 1098 3647 Bodini
1127 3585 1322 3645 meminissem
1350 3585 1471 3661 jamque
1501 3586 1585 3647 linito
1606 3585 1681 3646 libro

339 3676 414 3733 tertio
436 3682 466 3734 et
487 3675 591 3734 addito
609 3677 755 3752 superiori
783 3675 979 3753 paragrapho,
1008 3677 1257 3750 satis-operatum
1283 3690 1347 3732 ease
1375 3672 1589 3741 mathematicis
1612 3692 1681 3753 spa·

340 3760 525 3822 solutionibus
549 3766 740 3836 censuissem,
773 3762 855 3820 linita
887 3762 942 3821 hac
964 3763 1084 3837 spinosa
1112 3762 1250 3826 materia,
1281 3759 1392 3836 placuit
1421 3754 1457 3819 err
1473 3761 1543 3836 ipso
1565 3760 1682 3823 Bodino

339 3853 487 3927 praecipua
508 3849 719 3927 disputationis
740 3850 827 3926 hujus
849 3849 989 3926 politicae
1011 3852 1109 3925 capita
1131 3848 1352 3921 transscribere,
1369 3842 1466 3906 verbis
1482 3855 1511 3907 et
1527 3848 1627 3911 ordina
1651 3858 1683 3908 ut

339 3934 484 4010 plurimum
511 3954 547 3997 ex
571 3955 637 3997 meo
667 3938 722 3997 loci
745 3938 824 3996 lilius
847 3947 935 4013 captu
966 3938 1171 4008 conformatis,
1201 3944 1233 3992 ut
1261 3944 1291 3993 et
1312 3934 1385 3993 lucis
1408 3934 1521 4011 aliquid
1550 3936 1682 3996 allerrem

340 4021 397 4083 loco
417 4043 469 4103 per
491 4042 524 4084 se
546 4027 681 4100 obscuro,
705 4027 813 4101 quippe
835 4024 968 4083 Bodinus
991 4042 1026 4083 ex
1050 4023 1266 4083 mathematicis
1289 4020 1449 4099 disciplinis
1472 4012 1697 4083 nonestis-ad·

339 4108 407 4171 haue
426 4112 657 4189 speculationem
680 4112 820 4189 praesidii
842 4108 958 4189 attulit,
988 4121 1017 4170 ot
1039 4121 1070 4169 nt
1093 4109 1225 4170 taedium
1254 4124 1434 4169 morosaram
1458 4102 1683 4181 demomtratio·
1742 4152 1744 4161 ‚

339 4214 400 4257 num
427 4200 716 4272 mathematicorum,
756 4200 864 4277 quihus
896 4207 977 4258 totus
1006 4198 1080 4258 liber
1110 4190 1244 4269 constat,¹
1280 4199 1503 4273 interpositione
1532 4197 1697 4274 popularis.

338 4285 476 4359 jucundae
502 4291 644 4348 materiae
675 4288 795 4347 lenirem
825 4302 955 4362 ususque
984 4286 1049 4361 ejus
1077 4301 1136 4366 pon
1170 4284 1280 4344 nullius
1313 4286 1342 4342 iu
1374 4284 1578 4361 cognoscenda
1607 4282 1681 4361 Rap.

340 4386 448 4447 gustum
476 4376 652 4436 exhiberem.
697 4376 839 4452 incipiam
869 4382 967 4433 autem
996 4374 1035 4432 ab
1057 4372 1253 4450 explicatione
1284 4374 1325 4432 rei
1348 4372 1554 4431 mathematica
1583 4371 1683 4430 fusiori
1800 4440 1803 4447 Ι

341 4461 428 4539 adque
450 4462 569 4522 lectoris
589 4480 651 4523 non
674 4463 872 4521 mathematici
895 4469 1013 4538 captum
1036 4460 1303 4521 accommodatiori.

417 4550 543 4625 Quando
566 4553 693 4610 numeris
709 4550 831 4627 aliquot,
854 4566 913 4608 non
929 4556 1042 4609 attenta
1063 4566 1164 4608 eorum
1178 4536 1389 4625 magnitudine,
1413 4544 1559 4606 adduntur
1572 4556 1684 4622 aequa-

341 4634 388 4710 lia,
409 4630 479 4697 tnnc
503 4646 547 4697 est
568 4640 717 4717 proportio
741 4638 931 4696 arithmetica.
979 4634 1032 4696 Ut:
1482 4660 1485 4665 ·

434 4776 459 4844 3,
514 4773 538 4841 9,
592 4776 617 4841 b,
670 4774 712 4840 10,
770 4773 809 4839 li,
863 4772 904 4826 aa.
1030 4770 1166 4837 Quantum
1184 4769 1254 4823 euim
1272 4770 1288 4825 6
1306 4768 1392 4837 major
1410 4774 1452 4823 est
1469 4784 1549 4837 qnam
1568 4770 1599 4841 3,
1626 4777 1685 4825 tau·

343 4840 409 4895 idda
436 4846 461 4911 3,
515 4842 540 4911 3,
593 4842 617 4911 3,
689 4844 714 4912 3,
784 4844 810 4909 3,
882 4842 906 4895 3.
961 4846 1019 4894 tum
1044 4838 1170 4907 (totidem
1197 4838 1246 4893 scil
1276 4838 1439 4907 unitatibus)
1469 4840 1501 4895 12
1529 4848 1572 4893 est
1598 4840 1686 4908 meJor

433 4917 620 4927 ...ο-...ια-

435 4934 459 4997 6,
498 4932 537 5001 12,
591 4910 916 5000 8,”’Ῑ’3Ῐ“Ξῦ,””4ιῗ
963 4925 1044 4977 quam
1063 4912 1087 4965 9.

419 5040 503 5100 Haec
522 5043 672 5117 proportio
703 5043 732 5098 in
757 5039 813 5119 hoc
837 5038 970 5116 exemplo
993 5044 1038 5096 est
1063 5034 1221 5112 disjuncta:
1252 5026 1322 5111 ergo
1350 5038 1499 5114 proportio
1530 5015 1685 5111 conjtrncta

1461 5138 1526 5201 13*
