4467 6192
554 680 619 754 eet
1071 668 1219 729 Ptolemaei
1236 670 1390 729 flamonia

555 858 700 919 torumque
718 848 838 923 species,
862 863 929 915 quas
948 847 1090 915 odoratus,
1114 863 1182 918 qaae
1199 848 1293 917 lingua
1314 861 1369 903 non
1387 847 1509 917 percipit
1545 847 1661 903 Puerilis
1678 849 1762 916 igitrm
1784 854 1827 903 cst
1843 865 1900 903 eon·

554 929 666 993 tractio,
683 926 797 997 puerilis
816 924 1027 982 accommodatio
1046 927 1150 981 numeri
1163 943 1290 983 sensuum
1303 928 1338 982 ad
1350 944 1492 983 numerum
1504 927 1657 997 specierum
1673 927 1761 996 ipsius
1772 926 1901 996 diapente

563 1024 569 1035 ·
639 998 713 1061 Nota
729 1006 763 1062 X.
798 1004 861 1061 Non
884 1003 1018 1059 absimilia
1044 1005 1097 1060 dici
1121 1013 1234 1076 possent
1259 1007 1293 1061 de
1320 1015 1425 1075 septem
1448 1006 1547 1063 munis
1570 1005 1726 1064 intellectus
1749 1006 1786 1061 ad
1804 1016 1901 1075 septem

554 1086 660 1157 species
679 1084 811 1155 diapason
829 1084 1047 1139 accommodatis.
1082 1085 1204 1143 Primum
1215 1087 1295 1154 enim,
1313 1084 1523 1154 imaginatirasi
1538 1085 1652 1156 eripitur
1664 1085 1811 1141 sensitivne
1822 1094 1902 1139 mans·

556 1164 694 1234 ferturque
712 1164 747 1220 ad
765 1163 990 1232 intellectualem,
1019 1180 1115 1221 sensus
1134 1182 1189 1220 non
1208 1171 1288 1220 erunt
1303 1163 1422 1233 animae,
1441 1163 1492 1222 sed
1508 1180 1598 1235 merae
1614 1165 1760 1235 passiones
1777 1163 1902 1232 corporis.

554 1242 666 1306 Deinde,
684 1252 714 1298 ut
732 1244 853 1299 omittam
871 1240 936 1311 alia,
956 1240 1025 1297 duae
1046 1243 1184 1300 discursus
1204 1242 1309 1313 species
1327 1247 1403 1311 sunt,
1424 1241 1544 1311 opinatio
1563 1251 1591 1298 et
1607 1243 1797 1307 ratiocinatio,
1815 1251 1844 1296 et
1860 1258 1902 1295 eae

553 1322 663 1392 quidem
681 1320 888 1389 subordinatas,
913 1336 966 1377 non
992 1324 1129 1391 expressis
1153 1324 1295 1393 limitibus,
1320 1321 1421 1388 nedum
1444 1321 1653 1391 quantitatibus,
1680 1332 1712 1377 nt
1736 1322 1904 1381 harmonicae

548 1402 742 1485 proportiones
760 1402 918 1468 distinctae;
937 1399 1005 1455 adeo
1025 1408 1052 1456 et
1074 1402 1195 1471 opinatio
1213 1402 1241 1456 in
1259 1402 1324 1457 vitio
1343 1406 1393 1470 est,
1412 1398 1481 1454 adeo
1500 1407 1528 1457 et
1539 1401 1671 1470 perfectio
1682 1400 1903 1468 ratiocinationis,

554 1488 585 1536 ιι
602 1480 736 1551 opinionis
755 1479 875 1538 scientia
910 1474 1047 1534 Differunt
1065 1480 1119 1535 iste
1138 1483 1287 1537 secundum
1305 1479 1389 1548 magis
1408 1480 1544 1549 etminus,
1559 1479 1658 1549 ,logicis
1669 1478 1764 1549 potius
1781 1486 1812 1532 et
1823 1494 1903 1547 vam

554 1561 659 1616 maticis
677 1558 870 1640 vocabulorum
888 1556 1138 1633 significationibus,
1158 1575 1238 1628 quam
1255 1576 1346 1615 rarum
1363 1554 1484 1629 ipsarum
1499 1558 1600 1615 tinibus
1613 1558 1770 1628 conspicuis
1782 1567 1813 1612 et
1823 1558 1902 1612 facul·

553 1640 842 1699 tatibusnatnralibus
861 1640 996 1698 distincta.
1033 1638 1087 1694 Cur
1109 1656 1165 1695 non
1187 1639 1258 1694 inter
1275 1638 1421 1695 facultates
1444 1647 1569 1695 recenset
1591 1638 1674 1693 etiam
1698 1629 1903 1701 stultitiam&

553 1720 593 1774 ita
610 1717 686 1773 vult?

640 1799 712 1853 Nota
729 1798 777 1854 11.
814 1799 886 1853 Dum
910 1814 973 1854 vero
997 1795 1094 1853 transit
1118 1795 1153 1851 ad
1171 1795 1340 1854 Platonicam
1365 1798 1470 1852 animae
1493 1790 1728 1861 distributionem,
1757 1810 1829 1864 quse
1852 1794 1904 1849 fere

552 1874 641 1947 possit
662 1876 757 1935 baberi
800 1893 830 1931 ro
855 1874 1038 1945 subdivisione
1062 1874 1172 1929 moralis
1196 1873 1335 1930 facultatis
1358 1891 1407 1931 sen
1430 1872 1591 1945 voluntatis,
1618 1888 1653 1929 ex
1674 1874 1783 1929 intento
1801 1873 1905 1943 quidem

552 1954 689 2024 Platonis,
717 1955 768 2011 etsi
781 1893 959 2011 {tolomaeus
978 1954 1074 2008 miscet
1096 1968 1170 2009 mere
1187 1952 1397 2023 intellectualia,
1423 1955 1540 2024 primurn
1562 1969 1597 2037 ne
1616 1969 1649 2009 ea
1670 1952 1783 2023 quidem
1801 1953 1905 2021 allegat

553 2046 623 2101 quae
641 2049 692 2088 nos
717 2048 801 2103 supra
823 2048 857 2087 ex
880 2032 1008 2102 Platone,
1032 2033 1130 2089 deinde
1154 2034 1273 2103 explicat
1294 2034 1323 2089 in
1340 2039 1431 2103 parte,
1460 2032 1534 2103 qnod
1559 2040 1602 2086 est
1622 2030 1749 2087 omnibns
1766 2043 1905 2087 commune

550 2110 791 2168 'distributionibus
810 2111 904 2177 animi,
932 2110 1005 2180 qnod
1024 2111 1138 2166 virtutes
1155 2104 1340 2181 respondeant
1363 2112 1515 2182 concinnis,
1543 2111 1609 2165 vitia
1625 2111 1812 2179 inconcinnis;
1840 2124 1905 2179 qnae

554 2191 757 2263 generalissima
773 2190 905 2255 omniurn,
924 2189 987 2267 boni
1005 2206 1043 2246 sc.
1063 2196 1091 2244 et
1111 2188 1176 2244 mali
1194 2191 1375 2259 comparatio,
1392 2198 1435 2247 est
1452 2207 1487 2246 ex
1505 2198 1622 2259 utroque
1638 2206 1748 2259 genere.

640 2270 713 2326 Nota
730 2266 791 2326 XII.
827 2266 901 2337 Quas
926 2283 989 2322 varo
1016 2267 1193 2325 facultatibus
1219 2268 1349 2324 irascibili
1372 2276 1402 2335 et,
1422 2269 1624 2340 concupiscibili
1648 2271 1770 2339 assignat
1794 2272 1906 2344 species,

554 2366 615 2416 eae,
633 2350 661 2404 in
679 2354 810 2417 qnantum
829 2345 863 2400 ad
881 2346 955 2415 ipsas
973 2346 1119 2417 pertinent,
1137 2353 1227 2401 motus
1246 2354 1324 2416 sunt,
1343 2350 1492 2409 monnone
1510 2366 1578 2418 quos
1593 2350 1754 2418 agnoscitur
1770 2347 1907 2419 quaelibet

553 2428 683 2499 facultas,
706 2434 737 2482 ut
754 2442 817 2491 vcro
836 2423 880 2478 hic
898 2424 1102 2493 describuntur,
1128 2433 1193 2480 aunt
1215 2427 1307 2497 petius
1334 2430 1448 2500 virtutes
1471 2416 1581 2485 animae
1596 2428 1744 2485 rationalia
1766 2430 1844 2485 cirea
1865 2428 1907 2483 do

552 2510 665 2565 mundos
684 2514 712 2562 et
729 2505 863 2575 regendos
880 2504 931 2559 hos
948 2510 1052 2571 motus,
1078 2521 1139 2561 cnm
1156 2512 1247 2561 ιιιιιιι
1271 2505 1300 2560 in
1322 2506 1374 2562 boc
1393 2508 1481 2578 capite
1498 2507 1671 2564 Ptolemaeus
1689 2505 1779 2561 adbuc
1803 2514 1906 2561 tantun

553 2587 671 2656 deipsis
691 2583 867 2640 facultatibus
885 2584 957 2652 agat.
994 2583 1055 2637 Etsi
1077 2583 1149 2637 enim
1165 2584 1252 2639 utitur
1269 2584 1371 2641 voculis
1390 2584 1483 2657 ἅρπη,
1511 2607 1601 2656 mua,
1625 2584 1797 2655 intelligendi
1820 2594 1906 2640 ιιιιιι

554 2674 618 2723 ιιιι
635 2682 690 2741 ιιι
708 2663 817 2719 habitus
835 2661 1030 2718 exercitatione
1048 2660 1206 2731 comparati,
1225 2659 1273 2715 sed
1291 2662 1425 2734 principia
1442 2666 1535 2734 potius
1554 2665 1589 2721 ad
1606 2664 1682 2732 illos,
1700 2663 1843 2721 naturales
1861 2663 1906 2716 sci

555 2745 619 2801 licet
644 2734 784 2815 potentiae
806 2749 834 2797 et
854 2738 1038 2809 impotentiae.
1074 2738 1151 2803 llaec
1176 2741 1217 2794 vis
1244 2749 1286 2796 est
1311 2741 1468 2799 Graecismi.
1504 2744 1559 2801 Sed
1582 2742 1672 2801 &men
1694 2744 1803 2799 videon
1821 2740 1907 2797 Ptole

553 2838 647 2878 maeus
664 2823 717 2878 bac
734 2818 956 2891 aequivocatione
975 2834 1004 2872 sc
1022 2818 1112 2887 ipsum
1131 2819 1307 2876 ιοιιιιιιιιιι.
1344 2821 1568 2891 concupiscibilis
1584 2832 1657 2879 certe
1670 2840 1725 2878 non
1737 2828 1841 2892 potest,
1858 2833 1908 2889 qna

552 2900 625 2973 talis,
643 2918 698 2957 non
715 2906 806 2971 potest
824 2894 876 2951 nisl
894 2896 971 2966 sequi
989 2896 1161 2969 voluptates;
1180 2900 1254 2970 qnod
1272 2901 1295 2955 si
1314 2900 1425 2964 desinat
1439 2901 1543 2964 facere,
1566 2902 1805 2973 concupiscibilem
1825 2897 1906 2954 facul·

551 2988 635 3037 tatem
654 2980 752 3036 desinit
770 2988 906 3044 exercere,
925 2988 975 3029 nec
992 2974 1075 3030 babet
1090 2976 1232 3047 judicium,
1251 2996 1306 3049 qua
1324 2978 1402 3050 talis,
1421 2980 1485 3048 quid
1505 2988 1585 3051 turpe
1603 2984 1652 3049 sit,
1669 2982 1735 3051 quid
1752 2980 1908 3047 honestum,

553 3056 601 3115 sed
620 3058 709 3115 solum
726 3056 791 3126 quid
810 3070 901 3122 tuave,
917 3052 985 3121 'quid
1002 3054 1188 3123 injucundum.
1225 3058 1264 3113 Et
1281 3058 1377 3126 virtus,
1395 3075 1466 3129 quae
1483 3060 1648 3120 verecundie
1665 3060 1707 3115 vd
1724 3075 1794 3130 qnae
1807 3067 1907 3125 tempe

552 3138 641 3193 tantia
658 3136 765 3207 dicitnr,
783 3135 910 3192 definitur
926 3148 956 3187 re
973 3141 1088 3203 utraque
1111 3142 1139 3190 et
1155 3136 1291 3204 positione
1309 3136 1465 3208 cupiditatis
1490 3145 1517 3193 et
1536 3138 1597 3207 eins
1615 3138 1799 3195 dominatione
1824 3145 1855 3191 et
1870 3149 1908 3187 re

552 3218 650 3286 puina
674 3210 822 3271 secundnm
844 3218 946 3267 rectam
965 3210 1105 3269 rationem.
1141 3214 1263 3271 Laborat
1287 3223 1314 3274 et
1339 3218 1473 3274 ternarius
1492 3218 1571 3279 vitio,
1592 3218 1665 3288 quod
1691 3217 1853 3287 plerumque
1870 3213 1907 3268 aa

554 3298 578 3355 si
601 3295 825 3353 constitutionem
851 3308 941 3348 rerum
961 3293 1183 3361 comparabilium
1206 3294 1267 3363 ipsa
1289 3294 1464 3364 comparandi
1483 3294 1618 3366 cupiditas
1635 3302 1796 3351 antevertat
1833 3293 1909 3346 Duae

552 3374 661 3447 quidem
683 3382 747 3430 sunt
769 3372 871 3428 classes
896 3366 1087 3444 cupiditatum,
1112 3388 1202 3427 renus
1223 3379 1252 3427 ct
1273 3372 1345 3444 gula,
1368 3381 1396 3427 et
1412 3372 1575 3430 verecundia
1597 3374 1702 3442 veneri,
1728 3370 1908 3441 temperantia

552 3452 634 3523 galae
656 3462 730 3508 recta
752 3450 920 3523 praeficitur,
944 3446 992 3501 scd
1016 3447 1040 3501 ei
1062 3465 1119 3505 non
1141 3449 1261 3519 legitime
1286 3450 1443 3521 aojmgitm
1465 3452 1601 3521 patientia·
1621 3450 1664 3505 vel
1687 3450 1859 3507 continentia
1883 3450 1908 3502 in

552 3531 729 3593 nesaitatibas
752 3546 801 3585 sen
825 3528 896 3585 fame
920 3534 947 3583 et
969 3524 1022 3580 siti.
1058 3526 1129 3583 Nam
1153 3545 1188 3584 ex
1210 3547 1265 3591 nna
1289 3530 1358 3586 dnae
1382 3529 1452 3585 fiunt
1474 3531 1623 3587 secundum
1650 3530 1737 3598 magis
1759 3537 1787 3584 et
1811 3530 1906 3588 minua

552 3616 707 3680 temperant
726 3624 763 3664 sc.
781 3609 879 3665 fruitur
896 3610 1015 3682 modice,
1039 3610 1162 3665 asturicae
1180 3625 1244 3669 sero
1268 3618 1296 3665 et
1313 3611 1408 3665 sitiens
1427 3626 1481 3665 non
1499 3609 1612 3679 fruitur,
1636 3616 1757 3664 autnon
1775 3614 1908 3675 qnantum

553 3703 622 3760 opus
640 3687 731 3744 habet.
767 3689 804 3743 Et
821 3695 886 3743 tunc
909 3704 939 3744 se
962 3690 1119 3760 despectam
1141 3687 1214 3767 dicet
1230 3688 1325 3745 Venus
1342 3688 1559 3759 indignabunda,
1584 3687 1627 3743 cui
1650 3694 1760 3759 praeter
1778 3701 1908 3739 verecun-

553 3767 625 3829 diam
642 3768 738 3824 eodem
753 3767 815 3835 jure
834 3767 927 3824 debuit
945 3768 1057 3839 adjrmgi
1074 3767 1224 3839 virginitas,
1242 3766 1361 3835 castitas,
1380 3766 1546 3823 continentia
1562 3765 1694 3821 maritalis
1710 3771 1763 3819 etc.
1798 3764 1845 3817 Ita
1863 3762 1908 3816 fiet

552 3848 741 3918 quaternarias
759 3864 808 3915 pro
827 3850 953 3903 ternario.
989 3848 1026 3905 Ut
1044 3864 1098 3903 non
1117 3847 1215 3915 dicam,
1233 3846 1307 3917 qnod
1324 3862 1410 3915 genus
1435 3845 1659 3908 transscenditnr‚
1678 3844 1743 3899 dum
1760 3842 1794 3898 de
1813 3842 1909 3911 volup

551 3925 652 3991 tatibm
672 3924 835 3995 specialibus
851 3928 964 3997 agimus,
983 3934 1011 3982 ct
1027 3926 1135 3983 interim
1149 3926 1184 3985 ad
1197 3926 1320 3984 dolorem
1332 3926 1493 3997 generalem,
1513 3926 1559 3994 qni
1570 3924 1782 4001 destructionem
1792 3931 1908 3977 naturae

552 4004 681 4075 continet,
704 4005 863 4060 transimus.
899 4006 1024 4076 Denique
1051 4022 1107 4062 non
1131 4006 1188 4062 tria
1202 4005 1373 4062 diatessaron
1396 4006 1540 4063 intervalla
1561 4005 1667 4060 faciant
1688 4017 1791 4079 genera
1808 4002 1904 4071 volup

553 4084 618 4137 tatis
636 4091 664 4139 et
682 4082 798 4154 doloris,
823 4086 872 4141 sed
894 4086 956 4154 ipsa
974 4093 1075 4141 natura
1093 4084 1227 4155 corporis.
1261 4085 1332 4141 Nam
1355 4084 1390 4141 ad
1412 4085 1621 4143 sustentandum
1652 4082 1681 4137 id
1704 4082 1769 4151 gnla
1790 4088 1849 4149 est,
1873 4078 1907 4133 sd

551 4158 746 4235 speciem'ejus
762 4163 967 4234 propagandam
986 4180 1079 4223 venus.
1115 4166 1178 4223 Duo
1200 4165 1255 4221 ista
1280 4181 1441 4221 conservare
1459 4180 1559 4238 corpus
1582 4171 1611 4220 et
1628 4162 1747 4237 speciem
1766 4161 1827 4229 ejns
1845 4174 1906 4229 pro

551 4260 652 4317 pagare
670 4259 725 4300 non
743 4244 874 4299 desumsit
890 4252 996 4301 cremor
1014 4262 1049 4300 ex
1066 4245 1224 4313 hermomis,
1242 4253 1334 4300 essent
1351 4245 1423 4302 enim
1440 4245 1520 4314 plura
1536 4257 1663 4310 numero,
1681 4248 1713 4295 ut
1730 4248 1797 4295 snnt
1812 4237 1907 4309 plnres

551 4322 716 4393 barmoniae,
730 4321 778 4378 sed
791 4338 826 4377 ex
838 4322 898 4391 ipsa
908 4338 997 4377 rerum
1011 4322 1167 4379 conditione
1175 4322 1402 4393 mortalitatisque
1414 4322 1614 4377 consociatione
1623 4334 1685 4376 cum
1693 4317 1907 4374 immortalitate·

637 4404 712 4459 Nota
728 4402 803 4458 1111.
838 4400 871 4457 ln
888 4410 1005 4472 quatuor
1021 4401 1165 4457 nascibilis
1183 4401 1328 4457 virtutibus
1340 4417 1390 4457 sen
1402 4401 1551 4456 secundum
1563 4415 1606 4453 me
1619 4396 1805 4465 facnltatibns,
1826 4410 1906 4465 prae·

551 4492 675 4557 tanquam
698 4482 772 4553 quod
790 4481 884 4537 eadem
902 4481 956 4536 dici
972 4486 1089 4550 possunt
1108 4478 1212 4547 deira,
1231 4486 1314 4547 metu,
1331 4479 1441 4549 timore,
1464 4478 1573 4545 dolore,
1598 4475 1668 4555 adde
1693 4482 1721 4531 et
1743 4472 1908 4531 ιιιιιιιιιι

551 4579 601 4619 ιιι
617 4562 721 4634 pudore
739 4576 886 4631 eommqutl
904 4558 1017 4615 sestrice
1035 4557 1149 4626 radone,
1167 4554 1235 4611 illud
1251 4573 1360 4612 rursum
1379 4560 1513 4624 occurrit,
1532 4556 1620 4629 quod,
1639 4570 1711 4625 quae
1729 4562 1793 4611 sunt
1809 4568 1906 4620 ιιιιιιι,

552 4638 638 4696 divisa
654 4641 700 4695 hic
718 4646 865 4710 apparent.
897 4636 1081 4692 Tolerantiam
1099 4634 1170 4693 cun
1188 4634 1312 4689 laborum
1336 4635 1381 4691 hic
1398 4638 1481 4699 infert
1503 4644 1530 4694 ct
1548 4652 1631 4707 supra
1647 4635 1806 4706 patientiam
1830 4633 1907 4689 dolo

551 4736 624 4790 rum,
647 4735 708 4775 cum
725 4718 802 4774 labor
818 4733 873 4772 non
892 4716 971 4773 aliam
991 4716 1101 4772 obrem
1119 4713 1278 4769 tolerandus
1296 4713 1415 4786 dicatur,
1437 4733 1518 4786 qnam
1541 4716 1606 4787 quia
1628 4713 1711 4769 dolet
1747 4714 1786 4768 Et
1800 4730 1860 4784 qua
1876 4728 1907 4767 re

554 4796 644 4854 differt
660 4796 792 4852 fortitudo
811 4797 845 4852 ab
863 4797 1043 4865 animositate,
1061 4796 1114 4853 nisi
1132 4809 1174 4862 eo,
1192 4792 1267 4861 quod
1283 4790 1384 4847 malum
1402 4795 1544 4851 imminens
1561 4794 1606 4849 hic
1623 4793 1757 4849 incertum
1774 4801 1830 4858 ast,
1849 4790 1908 4846 illic

552 4884 669 4945 certum;
687 4876 800 4931 adderet
818 4874 916 4945 aliquis
933 4875 979 4933 hic
996 4876 1118 4932 futurum
1136 4871 1191 4927 illic
1208 4885 1346 4940 praesens,
1364 4872 1409 4929 hic
1427 4874 1542 4930 militare
1559 4873 1616 4932 illic
1628 4870 1715 4943 civile,
1733 4886 1801 4941 qnae
1812 4870 1907 4925 omnis

552 4954 789 5011 distinctiunculae
808 4963 883 5017 sunt,
906 4954 1024 5024 speciem
1043 4956 1130 5025 ipsam
1147 4967 1197 5008 seu
1214 4949 1373 5006 facultatem
1395 4970 1451 5007 non
1472 4954 1634 5024 alterantes,
1656 4959 1690 5008 ut
1705 4965 1760 5006 non
1776 4950 1905 5005 invemu

546 5034 698 5107 ,facultates
716 5041 856 5103 comparet
872 5042 981 5101 auctor,
1004 5032 1053 5089 sed
1071 5038 1186 5102 quaerat
1202 5030 1295 5100 potius
1313 5028 1429 5088 sollicite
1441 5042 1469 5090 et
1485 5034 1567 5104 plane
1580 5032 1807 5095 comminiscetur,
1828 5026 1905 5097 qnod

552 5126 708 5183 comparare
725 5112 820 5182 possit.
856 5114 895 5169 Et
909 5110 1044 5168 ιιιιιιιι
1062 5110 1205 5166 facultates
1222 5109 1294 5181 illae,
1312 5127 1383 5181 quse
1399 5121 1542 5170 versantur
1559 5114 1633 5169 circa
1649 5110 1765 5167 morales
1776 5107 1902 5163 virtutes.
