4467 6192
852 658 935 722 biber
951 661 1001 721 ΙΙΙ.
1021 663 1110 735 Caput
1128 655 1176 720 Ili.
1634 659 1700 736 dit

404 842 483 899 biota
499 844 532 900 V.
568 843 600 898 ln
619 857 685 898 voce
703 839 962 898 accuratissime
979 840 1051 896 inest
1069 839 1110 896 sia
1128 840 1281 908 argumenti
1298 839 1371 898 telis.
1390 839 1463 908 quali
1483 854 1543 912 cap.
1557 845 1578 898 1.
1593 844 1696 902 116111.

332 921 455 979 Procius
473 939 542 979 usus
560 930 604 978 εει
620 922 654 976 sd
672 919 854 991 probandum,
883 921 989 990 specics
1015 917 1223 974 mathematicas
1247 933 1308 974 esse
1335 925 1474 987 separatas
1502 915 1528 974 ε’
1541 921 1697 979 εεεε1111ιεε.

332 1001 407 1054 biam
424 1002 456 1056 in
473 1002 592 1056 mixtura
609 1002 804 1056 elementorum
822 998 896 1052 uuila
914 1004 958 1052 est
969 1007 1067 1053 exacta
1084 996 1163 1052 ratio.
1182 995 1337 1065 operantur
1355 997 1427 1050 euim
1443 998 1530 1054 mixta
1549 1004 1698 1059 secundnm

332 1083 424 1149 magis
442 1088 472 1136 et
489 1083 587 1152 minus,
605 1084 689 1150 prout
699 1079 783 1134 fuerit
794 1077 898 1142 mixtio,
915 1077 1009 1146 itaque
1025 1077 1222 1132 elementorum
1234 1077 1353 1130 mixtura
1372 1082 1415 1131 est
1432 1075 1542 1132 affectio
1560 1082 1698 1152 materiae,

332 1174 392 1214 nec·
403 1159 520 1214 rationis
538 1159 621 1214 ullam
637 1165 763 1215 naturam
781 1157 910 1212 imitatur.
946 1157 983 1212 at
999 1156 1026 1210 lu
1043 1154 1201 1210 harmonica
1217 1152 1348 1209 facultate
1372 1158 1577 1214 accuratissima
1594 1167 1639 1216 εει
1657 1161 1697 1217 di·

333 1238 450 1293 atinctio
476 1254 586 1304 rerum,
612 1251 737 1306 quasque
763 1233 892 1293 materiae
919 1250 1039 1308 ormnem
1066 1242 1191 1291 naturam
1218 1233 1368 1290 subtilitate
1395 1235 1550 1305 longissime
1579 1248 1698 1309 superat.

334 1316 427 1373 Verbi
442 1331 539 1372 causa:
558 1317 614 1370 sint
631 1315 701 1370 dnae
720 1312 840 1384 chordae
858 1312 990 1368 tensionis
1010 1311 1141 1381 ejusdem,
1160 1313 1316 1369 alteratio
1336 1319 1429 1382 partes
1441 1315 1528 1382 longa,
1548 1316 1634 1372 altera
1651 1319 1699 1373 mi-

334 1403 442 1450 nuatur
458 1394 595 1461 continue,
614 1395 701 1450 donec
718 1393 766 1448 fiat
783 1395 826 1461 60,
846 1394 881 1448 to
898 1400 949 1448 cic.
976 1393 1028 1447 Hic
1046 1393 1070 1447 si
1088 1391 1266 1448 consonantia
1283 1389 1398 1448 haberet
1416 1401 1541 1448 naturam
1558 1395 1699 1452 mixtionis

335 1472 522 1540 elementaris,
541 1478 679 1540 oporteret
691 1470 821 1526 chordam
835 1470 1037 1528 decrescentem
1050 1469 1166 1525 subinde
1178 1471 1417 1542 magiamagisqnc
1436 1487 1593 1543 consonare,
1613 1475 1699 1532 donec

334 1549 418 1605 fieret
435 1552 479 1618 60,
497 1556 563 1605 tuuc
580 1556 719 1620 oporteret
736 1550 940 1605 consonantiam
959 1563 1020 1606 esse
1047 1545 1287 1619 perfectissimam,
1314 1550 1432 1619 indeque
1464 1551 1561 1617 iterum
1589 1553 1700 1609 decres-

335 1641 401 1683 cere
422 1629 635 1701 consonautiam.
671 1631 708 1683 At
726 1628 778 1681 hoc
796 1644 850 1682 non
873 1626 918 1682 iit:
946 1643 1007 1682 nam
1026 1627 1049 1682 si
1068 1638 1110 1682 cst
1127 1625 1209 1695 longa
1226 1624 1275 1691 63,
1301 1628 1351 1696 62,
1380 1631 1411 1683 61
1448 1637 1553 1696 partes,
1581 1632 1700 1688 nondum

335 1717 489 1771 consonat,
507 1717 535 1762 at
555 1705 578 1762 si
596 1709 647 1776 60,
665 1707 772 1776 inipso
790 1705 844 1761 hoc
861 1716 964 1776 puncto
983 1714 1131 1771 consonat,
1147 1706 1211 1762 iude
1230 1706 1253 1760 si
1271 1704 1320 1760 liat
1338 1705 1388 1774 69,
1406 1705 1504 1762 iterum
1523 1708 1653 1780 dissonat,
1672 1717 1702 1764 ιιι

335 1802 393 1839 non
411 1786 500 1854 magis
518 1787 674 1855 magisque,
699 1787 765 1855 quin
783 1785 874 1855 potins
892 1786 916 1841 si
933 1785 980 1841 fiat
998 1786 1108 1841 tandem
1128 1787 1179 1856 to,
1206 1785 1235 1839 in
1253 1784 1305 1839 hoc
1323 1790 1425 1854 puncto
1444 1783 1543 1840 iterum
1570 1795 1702 1844 consonat
1766 1793 1772 1800 '

336 1874 365 1917 et
384 1863 414 1917 in
434 1863 469 1919 30
487 1879 595 1918 rursum
613 1864 754 1924 dissonare
770 1865 875 1934 incipit.
914 1867 957 1922 Ita
974 1865 1153 1922 consonantia
1170 1869 1271 1934 puncta
1289 1863 1384 1918 suain
1397 1865 1440 1930 60,
1457 1865 1556 1922 dOetc.
1575 1867 1701 1924 observat

336 1943 555 1998 accuratissime.
582 1941 641 1996 lioc
659 1950 749 1996 autern
770 1952 811 1997 εει
829 1944 942 1997 rationis
961 1960 1038 2012 opus.
1073 1940 1150 2010 Ergo
1178 1942 1294 1997 facultas
1313 1942 1471 1998 harmonica
1488 1951 1530 2000 εει
1548 1945 1700 2002 rationalia·

337 2024 417 2076 sima
435 2023 497 2091 Ego
515 2023 568 2078 hoc
585 2029 773 2090 argumentum
791 2023 942 2078 evidentius
960 2024 1098 2096 proposui,
1117 2021 1190 2091 qnod
1203 2022 1397 2078 consonantiae
1408 2021 1529 2078 existunt
1546 2023 1573 2090 ip
1591 2021 1700 2092 punctis

337 2099 444 2169 είιεειι,
463 2116 480 2155 a
498 2101 586 2171 figura
602 2100 720 2167 regulari
739 2100 943 2170 demonstrabili
961 2101 1050 2158 iactis.
1085 2101 1147 2156 Jam
1166 2099 1378 2164 demonstrabile
1404 2101 1470 2172 quid
1488 2101 1540 2172 sit,
1567 2119 1622 2159 εεε
1649 2101 1701 2158 nisi

336 2186 432 2233 mente
451 2181 581 2247 noscitur,
600 2194 649 2232 eeu
667 2178 781 2255 rationis
798 2197 858 2234 usu.
895 2180 969 2247 Ergo
988 2179 1035 2234 iila
1051 2187 1157 2247 natura,
1175 2196 1246 2249 quae
1264 2179 1418 2236 delectatur
1435 2181 1592 2240 harmonico
1611 2189 1701 2252 cantu,
1729 2201 1731 2204 ·

339 2256 426 2313 debet
445 2272 507 2313 esse
525 2258 640 2313 rationis
657 2259 796 2329 particeps
816 2259 1070 2330 quomodocunque,
1356 2265 1358 2269 ‘

427 2357 503 2412 Nota
519 2357 568 2412 VI.
604 2356 712 2411 Genera
729 2371 819 2412 rerum
844 2371 914 2426 qnae
931 2354 1019 2426 dicat,
1046 2354 1276 2425 exsequentibus
1294 2363 1385 2426 patet,
1403 2365 1485 2426 puts,
1509 2371 1575 2414 num
1594 2357 1629 2414 sit
1646 2375 1701 2414 ma·

340 2433 411 2489 teria
429 2452 466 2490 nn
484 2435 589 2503 torma,
617 2433 738 2490 efficiens
757 2451 793 2489 an
810 2433 889 2503 finis,
916 2451 982 2490 unm
999 2434 1035 2490 sit
1060 2435 1151 2490 anima
1168 2449 1202 2488 an
1221 2450 1321 2504 corpus
1341 2443 1392 2491 etc.
1428 2436 1550 2494 Pertinet
1567 2436 1650 2506 igitur
1666 2438 1702 2494 ad

339 2511 529 2568 definitionem
547 2511 748 2584 quodammodo
766 2514 834 2571 baec
854 2515 987 2582 quaestio,
1006 2529 1061 2568 nou
1079 2513 1114 2569 ad
1134 2513 1295 2582 subiectum.
1309 2495 1396 2580 ,bam
1415 2515 1448 2570 sd
1467 2515 1520 2570 hoc
1538 2516 1623 2585 magn
1641 2531 1702 2585 per·

339 2589 429 2646 tinere
448 2591 574 2647 ridentur
592 2592 736 2661 sequentia
753 2593 848 2649 rerba:
867 2593 951 2648 Num
968 2608 1033 2663 qus
1051 2593 1123 2648 siut
1141 2591 1222 2662 alia,
1242 2606 1401 2648 connexa
1419 2592 1622 2649 harmoniis.
1648 2593 1703 2649 Sed

341 2669 377 2726 de
394 2671 440 2725 bis
458 2687 523 2725 mox
542 2671 629 2743 plura

430 2752 517 2818 Hanc
540 2759 627 2834 igitur
649 2755 859 2834 speculationis
884 2756 1054 2833 propositae
1083 2761 1197 2831 partem
1221 2753 1368 2815 residuam
1401 2755 1554 2833 deinceps,
1590 2763 1702 2831 quanta

340 2843 455 2918 poterit
474 2842 537 2902 lieri
561 2845 715 2918 brevitate,
738 2843 1012 2934 ueluti'summaria
1034 2845 1145 2901 ratione
1168 2843 1346 2918 subjungere
1370 2844 1557 2904 conabimur:
1591 2850 1624 2902 ut
1646 2843 1703 2903 boc

340 2936 432 3005 pacto
463 2929 634 3008 magnitudo
666 2941 696 2991 ει
718 2929 894 2992 excellentia
926 2929 1014 3006 hujus
1047 2928 1229 3004 admirabilis
1260 2929 1408 2990 facultatis
1432 2931 1596 2992 evidentius
1620 2946 1703 2990 com-

343 3017 495 3093 probetur.
1748 3075 1751 3082 ⁴

431 3104 492 3174 Res
515 3109 670 3167 universae
692 3107 841 3183 principiis
864 3112 983 3165 utuntur
1006 3104 1101 3164 lriecm
1126 3106 1258 3179 materia,
1282 3112 1363 3164 motu
1387 3113 1415 3163 et
1438 3105 1558 3186 specis3
1581 3104 1704 3164 materia

347 3203 380 3250 ιιι
403 3193 540 3267 subjecto
563 3202 594 3252 ει
614 3211 660 3253 ει.
674 3211 753 3270 quo,
777 3201 858 3253 motu
880 3199 915 3251 ut
937 3198 1028 3253 causa
1050 3200 1081 3252 ει
1103 3210 1123 3250 a
1145 3209 1220 3269 qno,
1243 3194 1341 3268 specie
1372 3199 1404 3251 nt
1426 3191 1482 3250 iius
1505 3198 1534 3250 ει
1557 3193 1596 3250 ob
1621 3187 1701 3269 quod

344 3279 395 3337 rel
418 3278 504 3354 cujus
527 3298 627 3340 cause.
654 3277 713 3356 vu)

433 3380 509 3435 Note
527 3381 586 3435 vll.
621 3380 796 3435 Ptolemaeus
812 3380 884 3434 iuter
902 3395 999 3435 causas
1025 3377 1070 3434 bic
1088 3393 1142 3432 εεε
1160 3377 1282 3432 meminit
1300 3377 1402 3434 formae
1425 3377 1512 3447 ipsius
1534 3395 1584 3448 per
1602 3395 1645 3438 se,
1673 3385 1704 3434 ut

343 3459 419 3526 talis,
437 3457 509 3512 forte
527 3458 592 3527 qnia
613 3462 636 3517 1)
653 3458 768 3514 formam
784 3458 825 3513 rei
842 3457 926 3512 lrabet
943 3471 993 3527 pro
1011 3457 1073 3527 ipsa
1090 3472 1132 3522 rs,
1160 3456 1300 3512 materiam
1317 3473 1397 3526 vero,
1428 3463 1459 3511 ut
1477 3456 1611 3512 diversum
1628 3459 1703 3530 quid,

344 3554 363 3590 a
379 3552 411 3590 re
429 3537 493 3605 ipsa
511 3536 666 3605 distinguit3
693 3537 721 3603 2)
738 3542 787 3590 aut
804 3536 877 3605 quod
896 3535 1011 3605 species,
1029 3550 1090 3590 curu
1109 3536 1194 3590 sitin
1211 3544 1315 3590 certum
1333 3535 1414 3591 finem
1433 3536 1576 3605 destinata,
1596 3537 1704 3604 coufor-

343 3616 493 3670 mstiouem
512 3631 588 3670 suam
607 3629 622 3669 e
640 3616 695 3670 fine
712 3615 821 3670 babeat
859 3617 944 3670 Voces
964 3614 1073 3683 quidem
1098 3622 1128 3669 et
1154 3621 1250 3670 cautus
1277 3615 1392 3676 materia
1418 3619 1446 3668 ει
1470 3615 1622 3683 subjectum
1641 3623 1706 3672 sunt

343 3695 515 3764 barmoniae,
533 3710 603 3763 ques
621 3694 650 3748 iu
667 3695 736 3763 ipsis
754 3697 826 3750 inest
842 3702 874 3750 ει
891 3692 1026 3749 diuersum
1044 3692 1111 3765 qnid
1128 3695 1163 3750 ab
1181 3692 1244 3748 illis.
1272 3694 1297 3755 3)
1315 3696 1370 3750 Aut
1387 3693 1445 3749 vult
1463 3693 1553 3748 dicere
1570 3694 1703 3763 fortassis,

345 3774 416 3828 baec
434 3773 487 3827 sibi
505 3773 571 3842 ipsis
590 3771 671 3829 finem
689 3789 759 3844 csse,
777 3790 829 3828 nec
846 3782 959 3843 propter
978 3775 1052 3830 aliud
1070 3773 1145 3843 quid,
1163 3772 1212 3828 sed
1230 3780 1340 3828 tautum
1354 3779 1467 3842 propter
1485 3787 1515 3826 se
1534 3772 1634 3841 expeti.
1664 3772 1705 3828 Si·

345 3861 394 3907 εει
412 3851 557 3906 Aristoteli
574 3849 662 3906 forma
680 3853 779 3910 dicitur
796 3853 858 3918 finis
876 3870 946 3922 quo,
973 3870 1027 3922 quo
1055 3853 1158 3908 scilicet
1185 3859 1213 3906 et
1238 3852 1350 3906 finiatur
1376 3867 1425 3906 sen
1443 3850 1603 3904 terminetur
1622 3856 1649 3905 et
1666 3851 1705 3906 sic

345 3931 534 3986 conformetur
561 3945 622 3985 res:
650 3929 700 3985 sed
716 3926 891 3986 Ptolemaeus
918 3930 1063 3986 manifeste
1082 3931 1204 4000 loquitur
1223 3931 1260 3986 de
1286 3929 1299 3983 1
1304 3929 1358 3984 ine
1383 3928 1484 3998 cajus
1503 3944 1624 3984 causa.
1660 3928 1705 3986 vt·

345 4011 450 4065 dentur
468 4017 559 4064 nartem
576 4010 631 4065 ista
648 4007 774 4064 desumto
792 4025 826 4063 err
843 4009 1007 4077 anatomia,
1036 4008 1116 4076 cujus
1135 4009 1203 4062 haec
1231 4015 1295 4062 εεει
1313 4007 1406 4062 verba:
1444 4008 1508 4062 Met.
1528 4004 1576 4060 XI.
1597 4005 1660 4074 Gap.
1679 4005 1704 4062 3.

344 4107 403 4144 xcv
418 4091 575 4158 μεταβαλλει
591 4109 622 4156 ιι,
642 4109 684 4141 aar
701 4089 752 4142 ὑπο
769 4107 846 4155 τινες,
865 4109 908 4142 aar
925 4088 975 4143 εἐιι
992 4085 1036 4151 ὑφ’
1055 4087 1086 4141 οὗ
1098 4109 1153 4155 μιν,
1172 4107 1218 4139 too
1230 4095 1333 4155 aporos
1352 4085 1495 4150 narboncas
1515 4083 1547 4139 οὗ
1557 4089 1594 4154 de,
1611 4084 1626 4154 ἢ
1645 4084 1704 4154 laq,

345 4169 366 4222 6
385 4173 424 4235 ιε,
442 4188 474 4222 τε
491 4166 568 4230 sidua
604 4166 997 4236 οε11ιεειεε111εΑεὶειοιε1εε
1019 4166 1174 4221 111εεειεει
1193 4163 1368 4235 perstringit,
1395 4175 1464 4232 quse
1481 4162 1625 4236 mutationi
1642 4167 1706 4216 suut

346 4247 484 4314 obnoxia;
501 4246 619 4315 primunr
636 4254 768 4302 motorum
786 4246 947 4315 excipiant
965 4261 1046 4314 quem
1064 4261 1098 4298 ex
1117 4246 1177 4314 ipsa
1194 4243 1345 4298 mutatione
1363 4259 1453 4297 rerum
1471 4239 1578 4297 educit.

438 4349 484 4408 De
507 4349 661 4409 barmorria
681 4365 778 4425 usque
801 4356 835 4406 ει
857 4349 893 4408 de
914 4347 1048 4423 subjecto
1065 4344 1276 4423 disputandum
1298 4350 1356 4416 εει,
1381 4345 1510 4404 activum
1534 4343 1610 4400 euim
1634 4339 1706 4417 qnid

346 4447 396 4498 εει
416 4439 597 4514 minimeque
618 4439 770 4514 passivum
801 4432 884 4516 vm),
919 4448 1015 4511 neque
1038 4442 1071 4492 ut
1093 4434 1129 4494 de
1152 4434 1208 4494 flue
1232 4430 1298 4512 ¹¹),
1331 4433 1397 4508 ipsa
1421 4433 1498 4490 euim
1521 4445 1536 4488 ε
1560 4429 1704 4488 εεειιειίο

345 4525 437 4586 tinem
472 4527 639 4602 qnempiam
672 4523 790 4582 conficit
818 4520 866 4603 ¹),
896 4523 977 4583 verbi
1010 4539 1101 4582 causa
1131 4523 1372 4592 concinnitatem,
1397 4513 1599 4596 aptitudinem,
1624 4515 1706 4575 ordi-

346 4631 427 4686 nem,
453 4611 633 4688 decentiam3
667 4609 719 4671 sed
743 4619 786 4670 εει
808 4615 884 4671 ιειει
907 4626 1011 4670 causan
1045 4607 1191 4670 censenda
1213 4603 1281 4690 ¹1),
1314 4608 1384 4682 quia
1406 4606 1472 4681 ipsa
1494 4603 1627 4680 subjecto
1650 4619 1705 4664 suo

347 4700 490 4761 conciliat
514 4702 641 4777 speciem
665 4701 887 4760 convenientem
910 4709 940 4758 ει
961 4700 1117 4775 propriam.

438 4809 513 4864 Nota
529 4809 603 4863 VIII.
639 4807 811 4864 Ptolemaeus
829 4805 1043 4877 praesupponit,
1070 4805 1099 4860 id
1126 4804 1160 4861 de
1178 4819 1232 4873 quo
1250 4802 1384 4872 quaesivit
1412 4815 1468 4855 non
1489 4799 1547 4870 iam
1573 4800 1644 4856 inter
1661 4815 1706 4857 rsa

345 4889 426 4958 ipsas
446 4887 647 4955 quaerendum,
676 4887 725 4943 sed
743 4888 814 4942 inter
831 4885 964 4958 principis
981 4900 1081 4939 rerum.
1115 4883 1197 4938 Patet
1220 4890 1328 4948 autem,
1356 4894 1463 4948 semper
1488 4879 1591 4948 aliquid
1619 4879 1705 4948 primo

345 4969 442 5037 ipsum
460 4982 512 5036 per
527 4981 560 5020 se
577 4981 638 5021 esse
656 4964 772 5034 aliquid,
801 4963 899 5022 deinde
915 4964 987 5017 idem
997 4977 1068 5025 Ιεεεε
1085 4961 1140 5018 alio
1158 4961 1240 5016 alicui
1257 4959 1418 5016 efficientem
1437 4963 1485 5014 snt
1501 4958 1642 5014 materiam
1659 4966 1708 5014 aut

348 5045 445 5100 tinem.
480 5045 551 5100 ilani
569 5042 727 5101 faculatem
745 5042 912 5112 dijudicandi
929 5040 1088 5097 harmonica
1105 5047 1134 5095 et
1146 5041 1179 5095 ad
1199 5055 1231 5102 ea
1249 5038 1470 5095 accommodandi
1488 5037 1638 5108 rumentum
1658 5037 1706 5092 ali·

349 5123 428 5195 qnod
456 5137 517 5178 ease
535 5120 725 5191 surrentina,
740 5122 840 5182 menne
858 5119 964 5178 scilicet
979 5119 1153 5190 facultatem,
1172 5118 1200 5176 id
1217 5119 1324 5176 ridant
1341 5119 1386 5176 bic
1403 5130 1625 5191 praesupponers
1635 5116 1705 5174 Pte·

408 5229 503 5285 marr
515 5229 630 5291 meas.
1507 5213 1546 5270 22
