4467 6192
545 642 607 708 ddi
1055 636 1206 700 Ptolemaei
1221 640 1377 698 Harmonia

543 817 693 887 sonantius)
712 804 786 887 esse,
812 820 840 872 et
857 818 1001 873 coelestem
1019 820 1150 888 animam,
1176 833 1230 886 que
1247 817 1381 890 animatur
1398 816 1572 888 universitas,
1590 814 1721 888 originem
1738 834 1773 873 ex
1789 817 1884 875 mns'ce

541 898 678 953 sumsisse.
1505 941 1509 945 .

628 978 673 1035 Its
691 978 771 1033 etiam
790 978 900 1033 Timaeo
918 977 1073 1034 harmoniae
1091 986 1120 1033 et
1137 979 1227 1032 anima
1243 978 1337 1031 mnndi
1354 992 1389 1030 cx
1407 977 1502 1031 eadem
1514 976 1805 1045 numerorumoriginc
1823 986 1883 1033 eum

542 1057 583 1111 De
607 1058 702 1113 animis
725 1074 788 1113 vero
807 1058 904 1112 ceteris
923 1057 1049 1111 Timaeus
1072 1058 1125 1112 iate
1143 1073 1197 1111 non
1216 1057 1304 1111 minus
1323 1072 1385 1109 curn
1401 1055 1529 1136 Hermete
1553 1056 1661 1111 ridetur
1677 1056 1796 1123 oentirc,
1821 1056 1884 1123 qnod

542 1144 689 1190 creatorem
706 1137 795 1191 Deum
811 1135 974 1205 introduxit,
1000 1137 1122 1192 infinitos
1140 1137 1290 1192 animarum
1308 1134 1455 1203 exercitus,
1478 1151 1513 1190 ex
1529 1135 1578 1191 illa
1596 1152 1770 1193 numerorum
1787 1135 1884 1190 hermo

541 1212 664 1269 nieorum
680 1230 770 1271 messa
787 1214 888 1282 lectos,
912 1214 1119 1270 distribuentem
1136 1216 1207 1270 inter
1225 1214 1349 1283 planetas
1374 1222 1402 1268 et
1419 1213 1513 1270 stelles
1530 1216 1614 1286 fixas,
1638 1216 1758 1271 velutin
1775 1216 1884 1285 quadan

537 1293 734 1363 reconditoria,
763 1293 834 1348 unde
851 1292 914 1346 illae
941 1292 997 1347 suis
1017 1293 1141 1363 singulae
1159 1293 1328 1362 temporibus
1346 1292 1374 1348 in
1392 1309 1508 1362 corpora
1525 1296 1701 1351 animantium
1719 1296 1885 1351 densitteren

540 1383 592 1429 tur.
629 1376 683 1429 (lar
700 1375 739 1429 ita
757 1387 890 1439 censeam,
909 1372 977 1426 haec
995 1388 1057 1428 cnm
1074 1374 1237 1427 Hermeticia
1255 1373 1407 1440 convenire,
1425 1387 1509 1429 cansa
1526 1382 1576 1442 cst,
1594 1375 1747 1443 quodcum
1764 1374 1885 1444 planetm

541 1458 645 1521 septem
664 1452 879 1522 celebrarentur,
904 1452 1283 1521 fixarumsphaera‘ootara.
1305 1450 1432 1505 Timaeus
1453 1452 1536 1521 igitur
1561 1453 1730 1508 ocwnsnum
1748 1452 1884 1519 quendem

540 1546 597 1587 non
612 1532 788 1601 abstractum,
807 1532 856 1587 sed
874 1537 1030 1586 concretum
1048 1532 1173 1602 sphaeris
1194 1531 1336 1585 mundanis
1356 1529 1480 1599 designat
1491 1531 1642 1585 animarum
1652 1530 1819 1585 habitaculis
1831 1539 1885 1584 ante

539 1610 736 1664 immersionem
756 1626 847 1665 earum
864 1611 892 1664 in
911 1624 1041 1678 corpora;
1058 1611 1114 1679 jum
1134 1626 1197 1665 vero
1216 1617 1244 1663 et
1261 1608 1396 1663 Hernretis
1414 1606 1565 1676 discipulus
1582 1607 1739 1677 profitetur,
1758 1622 1789 1661 se
1807 1608 1885 1676 prin·

545 1702 624 1755 qnam
651 1695 810 1743 nasceretur
836 1689 919 1745 lusisse
947 1694 975 1747 iu
1001 1690 1149 1743 octonario.
1185 1688 1341 1743 Macrobius
1367 1688 1489 1756 quidem,
1516 1687 1656 1757 explicans
1673 1687 1741 1742 illud
1760 1687 1886 1755 Scipionis

541 1767 708 1825 Ciceroniani
734 1769 813 1823 »hinc
838 1772 968 1842 proiecti,
994 1767 1049 1825 huc
1073 1773 1277 1834 revertuntur«,
1304 1765 1373 1820 haec
1397 1764 1487 1821 omnia
1511 1765 1611 1821 clarius
1638 1774 1668 1821 et
1691 1766 1782 1821 insius
1809 1764 1886 1834 expli·

540 1852 591 1900 cet.
627 1846 665 1901 Et
687 1848 780 1902 mnndi
805 1849 912 1916 quidem
938 1851 1053 1906 animam
1076 1847 1180 1903 sontem
1204 1845 1327 1915 appellat
1350 1844 1499 1899 animarum
1523 1850 1551 1897 et
1575 1845 1711 1913 quomodo
1737 1844 1774 1897 sit
1798 1841 1885 1896 animia

539 1925 731 1981 habitaculum·
745 1927 772 1981 in
791 1928 835 1982 ria
852 1929 953 1998 lactea,
977 1936 1123 1996 antequam
1147 1926 1176 1979 in
1200 1939 1315 1993 corpora
1340 1923 1409 1977 velle
1432 1922 1531 1977 reverti
1549 1923 1695 1993 incipient,
1719 1922 1842 1992 explicet
1857 1938 1886 1975 ex

539 2004 706 2073 Pythagora,
724 2014 840 2074 atquae
858 2008 942 2063 serias
962 2008 997 2062 sit
1019 2006 1170 2060 descensus
1189 2019 1282 2063 earnm
1299 2017 1349 2071 per
1367 2000 1455 2069 signa,
1473 2000 1549 2055 initio
1565 2000 1640 2056 lacto
1658 2017 1676 2060 a
1693 2002 1815 2071 Cancro,
1834 2016 1886 2070 pcr-

540 2096 592 2149 que
617 2082 748 2150 sphaeras
773 2099 878 2155 omnes,
905 2093 933 2140 et
956 2082 1090 2154 quomodo
1114 2096 1163 2151 per
1186 2096 1311 2145 numeros
1335 2078 1506 2135 harmonicus
1527 2080 1644 2135 innexae
1662 2080 1840 2149 corporibus,
1859 2081 1887 2134 iis

540 2160 658 2216 numeris
682 2157 840 2219 disturbatis
866 2166 1005 2221 solventur
1027 2161 1179 2228 eodemque
1195 2161 1319 2227 redeant,
1342 2158 1413 2214 unde
1436 2157 1575 2226 protectae
1593 2167 1665 2215 aunt.
1701 2160 1780 2213 Idem
1803 2166 1888 2213 umes

539 2236 675 2295 Hermetis
692 2256 747 2295 non
764 2244 893 2311 meminit,
913 2260 973 2299 cunr
991 2241 1092 2297 Plotini
1111 2247 1138 2294 et
1155 2240 1282 2295 Numenii
1300 2247 1327 2294 et
1342 2238 1486 2307 Porphyrii
1504 2246 1712 2307 ceterorumque
1729 2238 1888 2300 memineritc

540 2314 667 2373 videntur
683 2318 765 2387 igitur
783 2323 923 2379 coaetanei
941 2323 1034 2377 fuisse.
1071 2320 1131 2389 Ego
1144 2320 1196 2374 uisi
1207 2327 1303 2377 auctor
1320 2334 1407 2376 essem
1425 2318 1484 2387 ipse
1497 2318 1593 2387 cepitis
1607 2320 1649 2386 10,
1668 2319 1742 2387 qnod
1756 2320 1887 2390 epilogum

539 2396 604 2451 lecit
621 2397 683 2453 libri
700 2400 753 2453 mci
771 2402 803 2456 V.
822 2402 1055 2467 Harmonicorum,
1075 2408 1102 2453 et
1120 2399 1172 2453 nisi
1190 2414 1234 2453 me
1252 2399 1328 2466 prius
1340 2397 1408 2451 illud
1419 2396 1562 2465 scripsisse
1571 2397 1675 2465 liquido
1687 2397 1796 2466 scirem,
1814 2415 1888 2467 quun

538 2474 618 2531 istam
635 2475 860 2547 philosophorum
877 2480 948 2536 inter
967 2496 997 2534 se
1015 2477 1188 2534 collationem
1205 2475 1383 2543 instituerem,
1398 2474 1536 2545 intersim,
1555 2477 1593 2535 ihi
1605 2475 1704 2544 corrigi
1721 2476 1797 2529 hanc
1807 2476 1888 2544 philo·

539 2553 662 2622 sophiam
685 2557 843 2627 animasque
867 2576 921 2615 non
940 2556 1154 2616 disseminandas
1178 2557 1249 2610 inter
1273 2555 1397 2625 planetas
1419 2561 1449 2615 et
1465 2554 1558 2611 stelles
1580 2556 1663 2623 fixas,
1685 2553 1735 2611 sed
1755 2557 1888 2623 cogendas

538 2632 566 2687 in
584 2632 668 2687 fixum
687 2636 714 2689 in
733 2638 833 2704 gremio
851 2639 945 2695 mnndi
963 2639 1033 2695 Solis
1052 2635 1177 2705 globum,
1200 2635 1361 2703 interimque
1379 2634 1442 2689 dum
1460 2643 1641 2705 corporentur
1658 2633 1813 2705 pascendas
1832 2635 1887 2688 her·

538 2710 634 2765 moniis
652 2720 783 2785 motuum,
806 2734 839 2771 ea
863 2700 980 2787 ple'netis
1006 2715 1130 2775 omnibus
1154 2715 1182 2769 in
1201 2715 1290 2769 Solem
1312 2713 1495 2782 illabentium,
1523 2714 1628 2769 occulte
1652 2712 1794 2771 insinuari.
1833 2713 1888 2769 Huc

539 2789 609 2843 enim
628 2791 706 2847 valde
723 2793 903 2864 plausibiliter
921 2797 1076 2853 traheretur
1093 2794 1209 2864 hymnus
1227 2793 1272 2847 llle
1289 2792 1387 2858 Procli,
1407 2792 1441 2847 eri
1460 2792 1555 2849 eodem
1575 2810 1612 2849 sc.
1632 2811 1706 2865 penu
1723 2798 1888 2868 depromtna

539 2886 601 2925 oum
619 2869 774 2927 Platonicus
798 2880 827 2928 et
844 2867 1040 2945 Pythagoricus
1059 2873 1142 2928 luerit
1160 2872 1352 2943 philosophus,
1378 2871 1405 2925 in
1424 2888 1478 2940 quo
1495 2872 1608 2941 hymno,
1635 2882 1782 2945 postquam
1803 2876 1889 2931 Solem

539 2948 718 3019 philosophus
737 2951 884 3007 salutasset
901 2970 993 3025 regem
1010 2956 1083 3027 ipsas
1101 2954 1226 3009 merulis
1244 2959 1270 3006 et
1289 2950 1427 3006 dominnm
1444 2952 1545 3021 deifici
1560 2952 1659 3021 foetu,
1677 2950 1825 3026 eidemque
1841 2955 1888 3009 cla·

540 3045 586 3085 ves
606 3028 640 3083 sd
658 3028 772 3085 mundos
791 3032 958 3100 materiales,
986 3032 1113 3091 vitasse.
1133 3033 1247 3101 indigos,
1266 3031 1442 3095 credidisset,
1468 3030 1560 3084 subdit
1578 3030 1651 3086 huno
1673 3049 1796 3089 versum:
1821 3037 1890 3100 Tse

538 3114 588 3165 ess
600 3110 726 3175 ἁρμονιιις
741 3109 814 3181 (ivea
826 3112 949 3166 stanneos
967 3110 1135 3182 brazaccum,
1154 3110 1317 3179 intelligens,
1336 3110 1364 3164 ni
1377 3109 1458 3166 fallor
1466 3115 1481 3178 ‚⁴
1492 3111 1643 3169 animarum
1654 3112 1758 3167 rivulos
1770 3130 1822 3183 per
1833 3114 1890 3169 har·

540 3188 656 3243 moniam
681 3188 710 3243 in
733 3189 890 3246 sublunaris
914 3190 1080 3259 defluentes,
1105 3193 1141 3247 de
1163 3191 1260 3261 quibos
1279 3189 1423 3259 Virgilius,
1452 3204 1487 3247 ex
1513 3189 1784 3257 eademsc.1telioa
1806 3194 1888 3265 philo

540 3266 648 3338 sophia,
667 3275 698 3323 nt
715 3267 877 3326 Aristoteles
895 3271 1031 3340 appellat,
1432 3301 1437 3312 ·

1102 3392 1108 3404 .
1145 3389 1151 3403 .
1169 3389 1196 3411 ,.
1233 3390 1240 3404 .
1277 3391 1284 3403 .
1319 3366 1395 3405 umas
1412 3349 1500 3419 witot
1517 3349 1614 3402 molem

780 3427 852 3482 Indo
869 3428 1009 3483 bominum
1022 3430 1210 3499 paucumque
1225 3446 1323 3500 penus,
1342 3429 1465 3498 citoque
1482 3428 1623 3485 sommam

780 3504 884 3575 Ipnous
902 3512 941 3561 eat
958 3508 1014 3562 tilis
1030 3509 1108 3579 cipor
1126 3514 1152 3563 ct
1169 3508 1290 3563 coelestis
1308 3507 1386 3575 oripo

783 3582 947 3639 Seminibus.

627 3676 732 3731 Eudenr
749 3677 850 3733 referet
867 3679 1027 3749 Apollinem,
1046 3678 1159 3749 cythera
1175 3678 1339 3735 mulcentem
1357 3680 1508 3735 saevientes
1525 3684 1731 3749 tempestuosae
1752 3684 1892 3751 geniturae

540 3753 650 3821 fluctus,
668 3762 695 3812 et
708 3773 812 3827 paeana
824 3758 966 3815 arconem
977 3759 1082 3814 Titanis
1093 3766 1124 3813 et
1134 3760 1238 3814 Phoebi
1251 3760 1386 3827 sodalitio,
1400 3760 1446 3827 qni
1457 3759 1558 3814 simbus
1575 3767 1604 3814 ct
1614 3761 1731 3816 victoria
1740 3762 1891 3827 exsultans,

540 3835 652 3903 impleat
668 3836 828 3893 barmoniae
845 3843 953 3895 vacam
970 3838 1112 3895 dakedioe
1130 3840 1273 3907 mnodum
1294 3855 1373 3907 quae,
1392 3840 1515 3908 quemvis
1531 3841 1648 3909 poetica,
1669 3840 1787 3897 Procius
1803 3850 1892 3895 menen

539 3912 719 3983 philosophus
743 3917 778 3972 ad
796 3916 935 3971 victoriam
952 3917 1124 3973 animationis
1147 3918 1244 3985 trahit,
1272 3934 1327 3986 qua
1343 3918 1458 3985 factum,
1482 3926 1513 3971 ut
1536 3919 1688 3974 contumaci
1710 3921 1827 3975 materia
1843 3919 1893 3974 aab

536 3993 634 4063 jugum
652 3994 822 4051 informantis
840 3996 945 4051 animae
963 3996 1056 4066 missa,
1075 4005 1223 4052 concentus
1242 3998 1373 4052 existeret
1387 3997 1529 4053 suavitatis
1546 3998 1703 4061 ineffabilis,
1728 4015 1764 4053 ex
1782 4007 1894 4055 natum

540 4074 645 4129 scilicet
661 4090 743 4131 cursu
760 4092 815 4131 non
832 4075 969 4144 impedito.
1007 4076 1076 4131 Sunt
1094 4082 1184 4131 autem
1202 4077 1292 4132 omnia
1309 4076 1470 4131 Hermetica
1506 4077 1575 4131 Nem
1587 4076 1763 4133 Poemander
1783 4079 1892 4133 undem

542 4152 704 4207 suavitatem
722 4154 938 4222 repraesentavit
953 4152 1069 4221 imagine
1088 4154 1177 4211 coitus
1195 4155 1295 4209 mentis
1312 4172 1373 4211 curn
1386 4163 1493 4210 nature.
1528 4156 1594 4210 Fuit
1611 4163 1641 4209 et
1653 4157 1812 4214 Aristotelis
1830 4169 1894 4215 tem·

540 4246 606 4299 pore
625 4238 701 4287 secte
718 4233 958 4303 philosophorum,
983 4248 1053 4302 quae
1072 4233 1188 4287 animem
1208 4232 1275 4288 dixit
1293 4248 1354 4289 esse
1370 4233 1547 4304 harmoniam,
1572 4235 1705 4291 definiens
1727 4236 1894 4294 hermonim

543 4311 819 4380 contemperationem
838 4320 866 4366 et
883 4312 1107 4381 compositionem
1126 4305 1337 4380 contrariorum,
1355 4319 1388 4373 nt
1406 4319 1449 4367 est
1466 4312 1536 4368 libro
1553 4316 1574 4368 l.
1593 4314 1627 4367 de
1644 4315 1751 4370 Anima

628 4389 704 4445 Haec
726 4390 811 4457 igitur
835 4390 1017 4461 Pythagorica
1040 4389 1215 4459 philosophie
1239 4388 1274 4444 de
1298 4393 1388 4446 anima
1411 4388 1472 4447 eum
1495 4407 1549 4447 non
1575 4391 1714 4449 videretur
1737 4394 1895 4450 Ptolemaeo

540 4466 669 4537 amuis,
697 4467 845 4523 absurdum
868 4468 921 4523 hoc
938 4468 1055 4535 habens,
1082 4468 1157 4535 quod
1178 4467 1283 4521 numeri
1306 4469 1436 4526 abstracti
1460 4476 1488 4525 et
1513 4470 1672 4526 harmoniae
1697 4472 1897 4541 subjicerentur

542 4549 648 4602 animae
667 4564 718 4616 pru
735 4547 867 4615 essentia,
885 4563 946 4601 cnm
964 4554 1055 4603 tamen
1073 4546 1215 4601 harmonia
1232 4548 1269 4603 sit
1285 4548 1347 4617 ipsa
1363 4550 1477 4605 allorum
1495 4550 1658 4619 aliquorum,
1683 4558 1753 4618 puta
1769 4553 1897 4607 termino
1915 4566 1923 4573 ·

540 4642 603 4681 runs
617 4627 771 4695 quantitate
795 4626 989 4694 inaequalium,
1020 4640 1113 4681 corum
1131 4641 1168 4680 ae.
1187 4625 1258 4683 inter
1275 4642 1305 4681 se
1322 4629 1533 4697 compositorum
1555 4628 1652 4683 relatio
1678 4644 1728 4685 sen
1746 4631 1896 4699 proportio,

541 4704 631 4761 enims
657 4720 720 4759 vero
744 4720 832 4775 neque
854 4705 915 4774 ipsa
942 4704 1119 4765 terminordm
1142 4703 1346 4772 (mementorum
1370 4708 1508 4777 corporis)
1532 4708 1692 4776 compositio
1714 4710 1897 4783 poscitum,

541 4796 629 4851 neque
646 4782 756 4839 illorum
773 4782 922 4852 proportio,
941 4782 1130 4850 essentialiter,
1148 4782 1268 4852 inquam,
1287 4784 1327 4841 sic
1345 4794 1376 4841 ιιι
1392 4786 1549 4841 differentes
1560 4802 1606 4840 ree
1623 4786 1679 4841 sint
1697 4788 1768 4843 etab
1781 4788 1896 4845 invice·

542 4860 686 4929 discretae,
709 4862 773 4918 hinc
791 4862 897 4919 termini
915 4862 1073 4931 comparati,
1090 4860 1155 4917 inde
1172 4861 1270 4917 anima.
1306 4863 1482 4920 Ptolemaeus·
1498 4865 1580 4933 igitur
1605 4866 1761 4923 munias
1776 4884 1831 4936 per
1848 4886 1895 4923 nn.

544 4956 632 4999 meror
652 4940 762 5009 quidem
780 4948 808 4996 et
825 4942 885 5011 ipse
903 4942 1010 5011 formet,
1029 4942 1068 4997 sic
1086 4956 1150 4996 sero
1168 4940 1298 4997 formatas
1316 4958 1372 4999 non
1389 4944 1535 5003 assentitur
1552 4943 1620 4998 iacit
1636 4946 1755 5015 mimae,
1772 4945 1826 5000 scd
1843 4946 1896 5001 sel

546 5024 601 5073 tem
619 5018 821 5081 similitudinem
841 5027 869 5074 et
887 5019 1105 5077 conformationis
1124 5022 1244 5077 meones
1262 5022 1388 5092 utrinque
1406 5031 1542 5093 cognatee

629 5098 698 5156 hiibi
716 5112 800 5157 causa
815 5098 949 5157 ualentior
966 5105 1010 5155 est
1026 5098 1210 5169 inunguendi
1226 5101 1299 5162 inter
1315 5102 1470 5161 harmonias
1487 5101 1562 5180 ipsas
1570 5117 1663 5161 rerum
1681 5101 1794 5159 accedes
1812 5101 1895 5161 intc-
