4467 6192
527 608 590 665 tat
993 548 1160 667 Appendicis
1177 597 1402 654 Harmonicomm

526 782 599 839 forte
622 780 718 839 miuus
739 785 872 837 attentus
896 777 934 836 ad
957 778 1113 837 verborum
1135 794 1265 837 meorum
1289 795 1409 837 sensam
1430 778 1506 856 fuit,
1529 782 1708 840 contemtum
1731 775 1826 853 operis
1840 776 1880 832 tui
1975 821 1976 828 ,

527 869 656 926 vicissim
680 862 830 943 exuat.“]

614 954 744 1012 Primum
767 954 842 1011 facio
866 952 1019 1011 discrimen
1044 954 1073 1009 in
1096 955 1228 1011 materia.
1274 954 1350 1013 Nam
1373 970 1440 1012 cum
1462 950 1537 1010 nihil
1556 952 1597 1009 sit
1621 952 1651 1007 in
1673 955 1739 1009 toto
1761 949 1879 1021 mundo,

527 1039 606 1119 quod
637 1044 736 1119 operis
766 1043 807 1099 tui
838 1040 1000 1117 amplitudo
1031 1056 1089 1097 non
1122 1039 1347 1117 complectatur,
1380 1040 1416 1099 dc
1439 1041 1542 1098 ceteris
1569 1038 1686 1113 quidem
1719 1040 1819 1114 operis
1840 1040 1880 1094 tui

527 1128 660 1207 partibus
690 1146 766 1186 unus
796 1145 851 1203 ego
883 1146 940 1185 non
964 1126 1112 1185 intercedo
1135 1128 1281 1204 suffragiis
1314 1137 1357 1187 tot
1379 1128 1532 1187 doctorum
1555 1129 1697 1197 uirorum,
1735 1142 1814 1200 quac
1837 1124 1880 1182 al-

526 1218 624 1290 legas3
648 1215 728 1291 quod
752 1232 822 1274 vero
844 1224 958 1291 partem
981 1214 1063 1273 illam
1087 1218 1192 1273 attinet
1214 1216 1451 1293 mathematicos,
1473 1232 1552 1290 qnae
1574 1214 1746 1271 harmonice
1769 1212 1880 1283 dicitnr,

528 1320 614 1381 spero
639 1303 783 1377 equidem,
807 1321 852 1362 me
877 1303 1120 1377 diagrammatom
1143 1319 1274 1362 meorum
1297 1321 1422 1381 operosa
1444 1300 1639 1379 suppellectili
1665 1299 1882 1358 demonstrasse

527 1390 684 1450 lectoribus
701 1393 863 1466 egregiam
894 1390 1095 1463 voluntatem,
1129 1400 1266 1450 conatum
1298 1410 1350 1451 scu
1376 1394 1495 1461 nuum,
1535 1405 1583 1448 res
1611 1392 1694 1462 ipsas
1727 1389 1881 1445 insolutas

528 1479 707 1539 obscuritate
730 1482 764 1535 in
787 1480 861 1536 lucra
883 1478 1066 1535 intellectum
1087 1479 1282 1554 proferendi,
1316 1497 1381 1537 cum
1403 1486 1435 1536 tu
1460 1478 1587 1535 vicissim
1609 1476 1784 1533 harmonica
1807 1485 1882 1534 trac-

527 1576 571 1625 tes
595 1566 683 1642 paulo
706 1566 807 1639 aliter,
838 1564 948 1639 illaque
971 1566 1186 1639 quantitatibus
1214 1564 1256 1645 (id
1280 1575 1325 1624 cst
1352 1584 1419 1625 meo
1439 1564 1553 1640 judicio
1582 1563 1647 1621 lucc
1669 1560 1739 1640 sua)
1761 1562 1881 1639 spolies.

528 1652 604 1712 Nam
627 1653 684 1711 hoc
706 1651 866 1712 secundum
886 1653 948 1727 jam
971 1660 1016 1711 est
1040 1652 1194 1711 discrimen
1215 1654 1434 1713 observandum
1457 1645 1605 1709 in'verbis
1621 1652 1702 1725 meis,
1728 1650 1812 1726 quod
1835 1649 1883 1707 ilfa

529 1758 586 1798 non
611 1740 647 1799 dc
672 1741 822 1819 profectu,
852 1740 904 1798 sed
929 1739 965 1799 de
989 1748 1095 1797 conatu
1124 1739 1293 1815 loquuntur.
1340 1740 1418 1815 Quid
1448 1741 1537 1815 igitur
1558 1738 1610 1797 tihi
1640 1738 1680 1795 sit
1711 1740 1793 1796 circa
1815 1737 1883 1796 har·

529 1831 646 1887 monica
669 1830 860 1904 propositum,
881 1827 944 1902 jam
966 1843 1054 1902 snpra
1078 1826 1186 1898 dixisti,
1210 1830 1310 1887 multa
1331 1832 1366 1886 in
1377 1844 1482 1903 pauca
1497 1844 1690 1903 concrepare,
1711 1833 1883 1883 extractam

530 1916 720 1974 harmonicas
742 1916 901 1973 essentiam
917 1914 1062 1989 colligere,
1084 1916 1291 1991 faeculentam
1305 1913 1508 1974 senitentiam
1520 1912 1740 1993 (quantitatum,
1763 1924 1798 1970 ut
1813 1915 1884 1971 infra
1975 1907 1976 1964 ζ

532 2000 672 2081 explicas)
693 2004 824 2074 rejicere,
849 2001 930 2076 quod
952 2002 1065 2061 honum
1088 2009 1130 2060 cst
1151 2006 1185 2060 in
1206 2007 1402 2079 suaproprio
1423 2002 1547 2061 vasculo
1562 1999 1641 2079 (sunt
1656 2010 1756 2059 autem
1774 2000 1883 2075 figurae
1975 1989 1976 2040 l

529 2088 785 2165 hieroglyphicae,
815 2088 871 2147 hoc
901 2094 945 2147 cst
975 2087 1155 2164 aenigmata)
1184 2092 1336 2151 collocare.
1382 2089 1447 2149 Hoc
1476 2090 1554 2147 euim
1576 2090 1631 2146 tibi
1653 2095 1699 2145 est
1728 2106 1882 2146 arcanum

527 2179 667 2235 scientiae
698 2176 844 2251 detegere,
878 2176 1028 2234 occultum
1049 2178 1255 2253 manifestare,
1278 2180 1371 2234 sirei
1390 2178 1586 2236 harmonicae
1607 2182 1726 2235 natura
1748 2178 1882 2249 interna,

528 2264 656 2324 caristus
679 2272 771 2322 cauta
794 2263 1022 2340 (quantitatum),
1053 2264 1232 2322 includatur
1252 2265 1370 2343 &urae
1390 2256 1630 2339 nuroptypnnas
1651 2270 1790 2322 naturae
1811 2281 1883 2321 suae

530 2363 581 2411 tuo
602 2351 715 2428 judicio
738 2354 836 2425 mapis
858 2358 957 2424 aptae,
981 2353 1130 2409 utinen
1153 2358 1303 2426 tanquam
1326 2354 1361 2408 in
1381 2352 1501 2426 aperitio
1526 2350 1572 2409 vel
1595 2351 1763 2426 aenigmate
1786 2353 1884 2409 sistus

531 2443 594 2511 eius
617 2439 729 2514 absque
751 2440 928 2499 circuitione
949 2438 1111 2496 uerborum
1135 2440 1229 2497 oeulis
1253 2447 1280 2497 et
1302 2442 1408 2498 animo
1423 2441 1635 2513 conspiciatur.
1683 2436 1773 2510 Quod
1797 2441 1883 2512 igitur

531 2529 700 2601 aenigmata
723 2533 787 2597 tua,
821 2524 991 2583 harmonica
1021 2526 1158 2600 inquam,
1189 2528 1346 2585 tenebrosa
1367 2525 1502 2604 appello,
1531 2525 1637 2599 loquor
1660 2541 1697 2582 ex
1716 2524 1833 2599 judicio
1855 2537 1883 2583 et
1975 2549 1976 2564 ι

531 2622 617 2689 captu
640 2630 719 2686 meo,
753 2621 782 2671 et
803 2612 900 2671 liabeo
924 2617 952 2669 tn
975 2612 1210 2688 astipulatorem,
1239 2616 1290 2689 qui
1318 2631 1424 2689 negas,
1456 2621 1537 2672 tuam
1560 2614 1753 2673 intentionem
1776 2613 1881 2687 subjici

531 2700 826 2761 demonstrationibus
848 2698 1075 2772 mathematicis,
1104 2702 1167 2757 sine
1190 2702 1297 2776 quihus
1322 2718 1378 2776 ego
1401 2718 1507 2760 coecus
1529 2717 1609 2772 sum3
1640 2700 1694 2757 tibi
1719 2708 1750 2758 tu
1777 2700 1883 2759 videris

458 2826 462 2833 -
530 2788 758 2847 luculentissime
791 2789 890 2845 omnia
920 2785 1095 2863 depingere,
1128 2786 1228 2863 figuris
1258 2789 1490 2865 hieroglyphicis·
1522 2786 1609 2846 valde
1644 2786 1881 2862 significantibus
1955 2814 1962 2828 ν

531 2875 684 2953 explicare.
729 2872 766 2932 m
788 2872 861 2932 illud
884 2873 953 2931 mihi
978 2879 1007 2931 et
1029 2875 1082 2932 tihi
1105 2873 1162 2933 hoc
1185 2875 1318 2950 videtnr3
1348 2875 1531 2934 abundemus
1559 2883 1682 2949 uterque
1705 2891 1762 2933 suo
1785 2893 1882 2947 semu,

531 2964 643 3039 judicet
664 2962 756 3022 lector
779 2970 808 3021 ct
832 2962 995 3039 composita
1017 2958 1053 3019 lis
1076 2963 1139 3020 erit.
1185 2962 1263 3021 Illud
1285 2962 1380 3022 solum
1404 2963 1473 3021 mihi
1493 2961 1684 3039 relinquatur,
1706 2960 1789 3037 quod
1804 2962 1884 3021 nulla

533 3052 641 3127 injuria
661 3066 715 3109 nec
738 3059 790 3108 tuo
812 3051 842 3106 in
865 3048 1043 3107 harmonicis
1065 3066 1155 3125 scopo
1179 3053 1362 3125 aenigmata,
1395 3066 1537 3110 necmeo
1559 3050 1676 3110 conatui
1700 3067 1798 3109 rernm
1829 3051 1883 3123 ob·

537 3155 688 3207 scararum
704 3138 1039 3214 explicationem,.quss
1062 3134 1094 3193 fit
1117 3153 1169 3211 per
1192 3138 1282 3195 verba
1304 3146 1332 3196 et
1356 3140 1544 3214 quantitates,
1567 3138 1664 3195 tribui.
1709 3136 1787 3200 Nam
1810 3136 1884 3194 illud

533 3225 569 3285 do
591 3233 643 3285 tuo
666 3242 756 3303 scopo
775 3225 838 3300 jam
862 3225 958 3281 verbis
981 3224 1039 3281 tuis
1061 3224 1154 3299 ipsius
1176 3225 1308 3299 probari,
1331 3225 1387 3285 hoc
1410 3226 1446 3284 de
1468 3242 1534 3283 nico
1551 3234 1658 3284 conatu
1679 3240 1795 3283 rursum
1821 3233 1883 3283 tute

528 3315 594 3391 ipse
617 3312 731 3390 analysl
754 3329 832 3370 nona
863 3329 893 3370 es
916 3311 1028 3381 fassus,
1060 3326 1106 3369 me
1129 3313 1335 3370 consonantias
1359 3314 1459 3385 coelo,
1492 3322 1582 3384 torre,
1615 3327 1673 3368 non
1695 3311 1808 3371 meliori
1832 3316 1882 3370 ria

534 3413 622 3475 quam
644 3399 859 3475 longitudinum
882 3399 1069 3481 proportione
1092 3397 1245 3457 enucleare
1268 3416 1364 3473 posse.
1407 3402 1445 3458 Et
1458 3403 1569 3475 passim
1587 3400 1795 3457 verbositatem
1810 3400 1881 3457 mihi
1974 3443 1976 3460 .

535 3486 652 3562 objicis,
688 3505 747 3563 qua
768 3504 799 3545 re
822 3486 1058 3561 perspicuitatem
1089 3488 1190 3560 utique
1212 3484 1340 3544 solemus
1363 3486 1512 3560 affectare,
1544 3504 1609 3545 cum
1632 3496 1664 3543 tu
1694 3491 1785 3563 ss'repe
1814 3488 1880 3547 loco

533 3568 704 3648 verborum,¹
722 3592 797 3651 quae
820 3590 954 3633 recusas.
980 3572 1120 3630 exhibeas
1141 3574 1280 3647 picturas.

608 3661 723 3738 *Neque
746 3670 845 3721 tamen
866 3660 924 3719 hoc
946 3658 1022 3717 idem
1046 3670 1105 3733 est,
1130 3676 1166 3718 ac
1188 3663 1213 3717 si
1236 3668 1264 3718 te
1288 3659 1426 3732 dixissem
1452 3660 1548 3719 celare
1569 3664 1713 3736 mysuria
1737 3670 1880 3733 aetenum

537 3748 616 3824 quod
639 3759 683 3808 cst
706 3750 857 3827 propositi.
903 3747 965 3804 Etsi
988 3747 1065 3805 enim
1089 3746 1175 3813 mihi,
1199 3750 1249 3823 qui
1273 3746 1486 3806 mathematicis
1510 3746 1808 3810 demonstrationibus
1830 3769 1881 3809 as-
1975 3811 1976 3826 ,

537 3837 633 3915 suevi,
661 3836 783 3894 nultum
813 3835 997 3894 tenebrarum
1021 3834 1176 3893 offundunt
1207 3837 1236 3892 in
1266 3834 1442 3893 harmonicis
1469 3833 1690 3911 hieroglyphica
1719 3845 1786 3910 tua,
1820 3840 1881 3897 fieri
1975 3841 1976 3916 l

536 3933 634 3982 tamen
657 3930 755 3999 potest
782 3930 811 3981 et
840 3922 948 3981 factum
964 3922 1075 3994 credo,
1109 3928 1142 3979 ut
1165 3930 1196 3980 tu
1218 3923 1451 3988 existimaveris,
1480 3927 1509 3978 te
1532 3920 1762 3985 luculentissime
1784 3930 1881 3985 omrria
1975 3977 1976 3996 ,

537 4006 755 4091 depingere.⁴·⁵)
800 4007 876 4083 Quin
900 4026 936 4067 ne
960 4009 1016 4067 hoc
1039 4008 1157 4084 quidem
1180 4026 1270 4067 ausus
1293 4009 1412 4066 fuissem
1436 4008 1548 4080 dicere,
1572 4010 1650 4084 quod
1674 4019 1706 4069 tu
1738 4032 1807 4089 pag.
1832 4016 1878 4071 ts.
1975 4001 1976 4068 ἶ

539 4098 575 4157 de
599 4106 628 4159 te
652 4095 730 4157 credi
753 4097 816 4169 vis,
846 4104 874 4155 tc
898 4097 1014 4156 occulta
1036 4113 1088 4172 pro
1110 4112 1199 4171 posse
1221 4097 1437 4168 manifestasse,
1466 4112 1535 4153 nam
1557 4095 1641 4171 plura
1663 4098 1710 4157 bic
1732 4110 1762 4159 tc
1785 4118 1878 4178 posse,
1975 4155 1976 4162 ,

443 4254 445 4263 1
539 4202 630 4261 quam
651 4204 710 4245 uua
732 4186 799 4244 vice
820 4182 907 4242 libuit
930 4191 1094 4259 praestare,
1117 4182 1217 4263 malim
1241 4184 1365 4243 credere.

626 4272 709 4347 Quas
733 4272 869 4347 deinceps
892 4278 1048 4347 praecepta
1071 4273 1236 4347 sapientum
1260 4278 1321 4329 tate
1344 4271 1398 4330 tibi
1421 4271 1479 4346 ipsi
1502 4270 1620 4345 objicis,
1633 4277 1783 4347 ,mysteria
1804 4274 1877 4349 phy-

537 4364 599 4421 sica
620 4360 773 4432 revelanti,
798 4377 834 4419 ca
857 4357 944 4416 velim
967 4376 990 4417 a
1008 4366 1037 4417 te
1052 4358 1117 4433 ipso
1133 4357 1267 4431 dissolri.
1312 4358 1448 4417 Forsitan
1466 4360 1544 4416 euim
1559 4358 1672 4432 aliquid
1688 4361 1801 4433 afferas,
1822 4378 1877 4436 qao

537 4458 567 4507 ct
589 4451 652 4525 ipsa
675 4450 748 4507 tueri
771 4465 817 4505 me
840 4448 960 4522 possim,
983 4446 1150 4505 harmonias
1173 4446 1315 4507 coelestes
1337 4447 1367 4502 in
1387 4446 1481 4504 lucem
1506 4445 1654 4519 proferens
1677 4454 1707 4503 ct
1728 4448 1876 4506 mura

535 4538 570 4593 in
592 4540 714 4595 sumita
735 4542 846 4593 asmata
868 4552 1020 4592 recusans.
1068 4533 1145 4608 Quin
1170 4535 1257 4592 etiarn
1280 4534 1333 4591 tibi
1357 4534 1413 4609 ipsi
1435 4534 1587 4607 quaerenti
1611 4540 1673 4591 tute
1696 4534 1876 4611 respondeto.

537 4640 598 4696 cur,
622 4637 687 4681 cum
708 4640 815 4681 arcana
837 4620 960 4699 physica
982 4620 1089 4679 mundo
1113 4619 1298 4697 propalatum
1322 4636 1387 4693 eas,
1421 4620 1638 4696 aenigmatibus
1669 4624 1770 4696 potius
1791 4626 1875 4680 utaris

536 4713 564 4767 in
587 4712 681 4769 vicem
703 4708 867 4769 sermonis?

626 4794 741 4872 Quaero
765 4798 893 4856 vicissim
916 4811 981 4873 ego,
1001 4812 1054 4855 cnr
1076 4810 1251 4855 succenseas
1272 4792 1353 4866 mihi,
1377 4795 1544 4870 aenigmata
1565 4795 1618 4853 tihi
1643 4795 1788 4868 tribuenti,
1815 4815 1873 4858 cnm

493 4950 499 4967 ,
537 4884 594 4943 hac
625 4886 689 4962 ipsa
710 4901 797 4960 super
825 4900 855 4943 re
877 4890 936 4941 tam
966 4900 1087 4960 operose
1110 4890 1140 4942 tc
1164 4880 1376 4942 defendendum
1399 4881 1454 4940 tibi
1485 4881 1604 4940 alinea
1631 4883 1678 4941 16.
1708 4886 1873 4960 putareris?

537 4971 642 5031 Nonne
666 4986 734 5046 crgo
757 4972 856 5030 fateris
879 4972 1045 5047 aenigmata
1066 4971 1231 5043 tenebrosa,
1254 4971 1374 5029 sirecte
1396 4986 1415 5027 s
1437 4975 1466 5027 ts
1490 4977 1632 5045 usurpata
1650 4972 1821 5046 contendis,
1848 4975 1872 5031 si

539 5058 679 5138 exemplis
701 5065 729 5117 te
752 5060 865 5137 magnis
887 5056 1006 5120 munis?
1050 5057 1170 5121 Licetne
1200 5057 1271 5119 mihi
1293 5065 1376 5120 tuum
1405 5058 1540 5142 intanta
1563 5060 1706 5118 sermonis
1738 5060 1870 5139 inemun-
