4467 6192
528 677 590 736 334
890 671 1036 740 Appendr'x
1054 671 1089 728 ed
1107 670 1204 727 librum
1222 670 1253 726 V.
1272 668 1503 726 Harmonioorum.

525 851 593 908 rias.
611 856 718 919 (xxii.)
762 848 816 910 lile
835 844 932 910 tamen
941 853 1036 928 pergit
1056 852 1094 912 ob
1106 851 1135 911 id
1150 853 1225 912 inter
1234 851 1354 911 Terram
1372 857 1402 909 et
1415 866 1523 925 aquam
1540 856 1670 909 statuere
1683 849 1874 921 diatessaron,

528 940 583 995 tria
608 950 677 994 vere
700 936 764 1011 ejus
787 939 949 1010 intervalla,
974 949 1085 1012 tonum,
1108 947 1224 1012 tonum,
1248 941 1449 1010 semitonium,
1473 938 1566 995 tribus
1589 937 1742 1013 applicare
1764 939 1878 1014 spatiis,

527 1041 649 1096 summo,
673 1024 779 1095 medio,
804 1029 877 1100 imo;
900 1043 965 1084 cum
981 1026 1023 1084 iili
1046 1035 1142 1087 certas
1163 1045 1201 1087 ex
1223 1029 1319 1086 causis
1342 1029 1402 1085 suia
1426 1027 1615 1100 quantitates,
1644 1027 1702 1086 iste
1725 1042 1763 1084 ne
1785 1032 1878 1084 metas

527 1111 646 1188 quidem
667 1128 687 1171 a
708 1122 821 1183 natura,
845 1130 996 1172 mensuras
1021 1131 1089 1174 sero
1113 1114 1272 1174 seeundum
1294 1113 1368 1172 haec
1390 1112 1610 1188 generalissima
1625 1115 1771 1189 principia
1793 1112 1879 1187 plane

527 1200 765 1259 indeterminatas
787 1199 931 1273 habeant,
960 1203 1055 1260 etsie
1082 1200 1120 1260 de
1143 1205 1255 1262 ceteris.
1301 1202 1341 1261 At
1363 1200 1433 1259 mihi
1466 1202 1593 1259 unitates
1616 1200 1786 1271 naturales,
1819 1201 1880 1257 bini

528 1304 569 1346 se.
594 1296 690 1345 motus
713 1287 896 1363 planetarum
920 1293 1041 1347 extremi
1065 1285 1134 1369 (seu
1158 1290 1251 1348 diurni
1276 1306 1329 1349 seu
1343 1288 1462 1359 horarii,
1484 1287 1556 1346 nihil
1578 1283 1727 1367 interest),
1751 1286 1878 1362 expressi

527 1381 545 1435 a
570 1385 674 1432 nutura
696 1377 724 1431 in
749 1382 842 1434 cenes
864 1392 934 1434 suas
958 1378 1145 1452 quantitates,
1169 1385 1238 1435 sunt
1252 1377 1402 1454 propositi,
1427 1376 1579 1450 inquibus
1598 1375 1769 1434 harmonias
1786 1391 1878 1449 quae·

527 1480 598 1521 ram.
619 1468 739 1530 txxlll.)
779 1461 833 1521 Ille
856 1465 885 1520 in
909 1464 1092 1524 tenebrarum
1125 1472 1154 1524 et
1177 1466 1252 1523 lucis
1273 1462 1413 1540 gradibus
1440 1464 1566 1539 quaeritr
1581 1465 1788 1539 proportiones
1811 1461 1876 1521 har·

329 1607 332 1620 ,
444 1610 448 1615 ,
532 1553 673 1623 monicae,
704 1551 787 1609 nullo
807 1562 942 1626 respectu
970 1552 1095 1627 alieujmt
1126 1561 1237 1626 motus;
1271 1568 1326 1627 ego
1356 1551 1522 1614 harmonias
1551 1553 1667 1609 nonnisi
1694 1553 1724 1607 in
1752 1549 1876 1608 motibus

526 1654 645 1714 quaero.
666 1645 785 1704 (xxiv.)
826 1637 881 1697 Ille
903 1639 1046 1714 pauculas
1069 1638 1184 1715 aliquae
1207 1638 1428 1700 concordantias
1443 1637 1685 1712 caritatemque
1709 1655 1745 1697 cr
1760 1653 1872 1695 suarum

526 1725 711 1803 pyramidum
734 1726 870 1797 mixtura,
893 1744 951 1800 qua
974 1726 1115 1786 mundum
1138 1729 1199 1802 ipse
1224 1729 1359 1802 privatim
1381 1727 1411 1790 iu
1426 1743 1480 1785 suo
1496 1726 1594 1784 auimo
1616 1727 1731 1800 pictum
1754 1727 1871 1783 circum·

528 1822 636 1890 gestat,
659 1813 741 1872 clicit
761 1830 813 1872 scu
835 1813 874 1871 ab
896 1813 948 1871 ilia
970 1817 1181 1890 repraesentari
1205 1815 1326 1890 probat;
1359 1830 1413 1889 ego
1437 1819 1530 1872 tetum
1553 1829 1658 1890 eorpus
1688 1812 1870 1872 harmonicae

533 1901 807 1977 contemperationis
830 1917 895 1959 cum
919 1902 1054 1962 omnibus
1076 1903 1210 1978 partibus
1233 1904 1261 1957 in
1285 1902 1421 1963 extremis
1444 1900 1626 1976 planetarum
1654 1900 1787 1960 motibus
1808 1917 1870 1975 pro-

527 1992 597 2064 priis
619 1987 779 2048 secundum
802 1995 896 2048 certas
919 1996 948 2047 et
971 1989 1010 2047 ab
1032 1991 1210 2048 astronomia
1234 1987 1446 2047 demonstratas
1468 1989 1735 2048 mensurasinesse
1754 1986 1869 2047 demon·

526 2080 626 2135 stravi.
673 2076 732 2151 lpsi
755 2077 855 2150 itaque
877 2083 1036 2153 conceptus
1058 2075 1270 2157 suus,mundi,
1293 2076 1365 2133 mihi
1387 2075 1512 2133 mundus
1535 2077 1596 2152 ipse
1619 2092 1674 2134 sea
1697 2077 1728 2132 in
1752 2093 1787 2134 eo
1810 2093 1868 2134 rea·

526 2164 569 2223 les
593 2165 777 2241 planetarum
797 2170 894 2221 motus
916 2173 984 2222 sunt
1006 2165 1171 2239 subiectum
1196 2163 1365 2222 harmoniae
1388 2161 1561 2225 mundanae.
1582 2166 1690 2233 (xxv.)

613 2251 724 2310 Eritis
753 2252 854 2325 paucis
882 2259 1014 2310 constare
1044 2253 1182 2322 arbitror,
1215 2253 1269 2311 etsi
1298 2250 1335 2309 ad
1360 2249 1548 2325 intelligenda
1575 2252 1717 2324 mysteria
1747 2249 1866 2309 conserta

526 2338 730 2417 phiiosophiae
754 2336 1010 2412 profundissimae,
1043 2356 1132 2414 quam
1154 2337 1242 2396 tradit
1265 2337 1425 2408 Robertus,
1455 2338 1622 2412 cognitione
1652 2339 1864 2413 proportionum

527 2428 758 2486 harmonioarum
789 2427 907 2483 omnino
937 2443 1009 2500 opus
1040 2434 1102 2498 est,
1135 2434 1233 2483 tamen
1265 2424 1363 2498 ilium,
1397 2426 1457 2501 qui·
1479 2423 1525 2482 vei
1547 2431 1650 2482 ,totum
1679 2441 1756 2500 opus
1779 2440 1864 2482 meum

529 2513 656 2587 edidicit,
680 2512 778 2572 adhuc
799 2529 818 2570 a
839 2515 985 2588 mysteriis
1008 2513 1067 2571 iilis
1089 2512 1319 2588 perplexissimia
1342 2512 1508 2571 abfuturum
1535 2509 1613 2571 haud
1636 2511 1728 2587 patrio
1749 2511 1862 2587 longius,

529 2618 567 2660 ae
599 2603 680 2679 ipsae
703 2601 742 2658 ab
764 2590 983 2662 accuratissima
1006 2600 1179 2661 certitudine
1195 2599 1473 2679 demonstrationum
1489 2597 1761 2660 mathematiearum
1782 2616 1862 2658 reeca·

527 2699 634 2749 serunt.
654 2694 765 2760 (xxvi)
806 2703 905 2756 (uenter.
918 2715 969 2754 pap.
985 2704 1017 2752 iti,
1032 2704 1070 2744 ubi
1083 2704 1189 2750 diximus,
1203 2713 1244 2749 err
1258 2703 1298 2743 ires
1312 2713 1417 2743 numeros
1431 2701 1557 2754 thxvr,
1571 2702 1682 2744 cancelii·
1695 2702 1809 2748 inclusos,
1823 2709 1859 2740 rsr·

527 2790 668 2842 unasnroer
681 2789 839 2842 mummia.)
868 2779 965 2853 Atque
988 2777 1035 2837 hic
1054 2777 1118 2853 jam
1140 2778 1228 2836 etiam
1251 2775 1420 2852 appendicis
1443 2776 1508 2834 finis
1532 2783 1606 2836 esto.
