4467 6192
786 648 870 707 uns
886 648 1231 722 muneremunere
1482 691 1492 716 .
1622 655 1684 715 ros

266 819 278 838 ”
329 826 694 905 analogiamesseind,
719 831 748 905 e,
772 831 801 902 4,
826 830 1074 905 aquenensis
1098 830 1128 903 3,
1153 834 1188 903 2,
1213 831 1248 903 4,
1274 830 1307 896 6.
1348 826 1684 890 Minimebestadt

331 925 360 976 nt
381 919 404 974 4
429 916 468 978 ed
492 920 521 977 6.
567 916 753 979 lioouuario
768 917 987 993 proportionem
1001 916 1201 977 harmonicam
1223 924 1309 993 putat
1325 918 1436 977 turbari
1450 919 1685 994 ususpositione.

329 1003 424 1076 Saue,
447 1006 474 1063 si
497 1008 718 1084 proportionem
739 1006 815 1063 inter
837 1003 911 1063 dnos
934 1007 1073 1064 terminos
1096 1004 1177 1065 solos
1200 1005 1336 1080 agnoseit
1357 1004 1484 1079 nullam,
1509 1006 1609 1066 vineit.

412 1090 501 1153 Haec
522 1101 569 1153 ost
589 1112 618 1157 n.
639 1093 846 1153 nonnullorum
868 1090 1017 1153 subtilitas
1040 1087 1193 1168 loquendi,
1223 1091 1382 1168 conjuncta
1403 1110 1470 1157 cum
1487 1110 1607 1154 summa
1630 1092 1687 1153 oh·

330 1180 486 1253 murimto,
512 1187 546 1240 ut
574 1180 605 1239 id
636 1180 716 1258 qnod
738 1179 843 1240 Graeci
867 1182 953 1259 loyes
983 1179 1149 1257 appellant,
1180 1179 1271 1239 latine
1293 1181 1437 1241 rationem
1464 1180 1557 1243 selina
1579 1180 1684 1255 dicere,

331 1269 549 1344 proportionem
571 1285 651 1343 soro,
674 1268 755 1345 qnod
779 1266 887 1327 Graeci
908 1264 1073 1347 emiseras.
1121 1266 1236 1328 Vellem
1251 1266 1388 1343 equidem
1410 1267 1440 1327 id
1461 1268 1569 1328 imitari
1587 1286 1684 1346 posse,

331 1363 360 1412 nt
378 1354 490 1415 iecisse
519 1373 565 1429 me
588 1358 707 1416 memini
738 1349 881 1416 antehac:
913 1363 945 1415 at
967 1356 1050 1433 loyce
1073 1352 1197 1415 Graecia
1223 1372 1374 1431 nunqnam
1402 1357 1431 1413 in
1460 1357 1607 1415 communi
1630 1370 1686 1415 usu

330 1440 470 1517 loquendi
493 1446 618 1503 sumitur
639 1459 693 1521 pro
716 1460 790 1503 voco
812 1441 912 1514 nister,
936 1441 1051 1501 Latinis
1074 1459 1145 1502 vero
1166 1444 1242 1529 ratio
1266 1443 1437 1503 creberrime
1456 1450 1542 1504 sonat
1565 1460 1685 1504 oausam

333 1528 378 1589 rel
400 1529 536 1590 modum.
580 1529 705 1608 Oportet
726 1532 816 1607 igitur
837 1536 936 1590 tenere
959 1545 1069 1589 morem
1091 1547 1118 1589 a·
1133 1529 1266 1589 barbaris
1281 1528 1460 1593 Graecorum
1475 1530 1686 1591 elementorum

331 1618 537 1694 interpretibus
560 1618 758 1679 introductum
780 1625 810 1677 et
830 1619 1029 1693 proportionis
1053 1634 1155 1677 vocem
1173 1627 1238 1683 ,tam
1261 1636 1313 1695 pro
1337 1621 1411 1697 leym
1434 1635 1522 1695 quam
1543 1631 1597 1696 pro
1610 1617 1686 1679 a'ui·

332 1707 411 1784 loyrq
435 1722 571 1784 sumne,
593 1705 674 1783 quod
696 1713 760 1766 toto
782 1704 839 1764 hoc
860 1704 936 1765 libro
959 1702 1061 1765 crebro
1082 1703 1169 1765 isoio.
1433 1776 1437 1784 Ι

413 1791 488 1853 Jam
509 1794 599 1869 igitur
622 1792 759 1865 distincta
780 1798 849 1853 eunt
869 1794 1022 1870 proportio
1044 1790 1326 1865 soconcordantia„
1340 1801 1369 1853 et
1391 1790 1466 1853 haec
1488 1790 1568 1853 illius
1591 1792 1684 1853 veluti

332 1877 463 1954 qualitas
485 1879 631 1956 quaedem
660 1881 770 1958 illaque
793 1880 882 1956 bajus
903 1880 1079 1958 subjectum.
1123 1878 1340 1941 Concordsntis
1361 1896 1431 1940 sero
1464 1881 1541 1941 inest
1561 1897 1687 1958 propor-

332 1967 463 2027 tionibus
485 1970 580 2045 primo
604 1976 633 2028 et
654 1986 707 2045 per
728 1986 771 2042 se,
795 1974 941 2044 quotenne
964 1969 1034 2027 iliae
1055 1975 1126 2027 sunt
1148 1969 1223 2029 inter
1246 1966 1320 2028 duos
1339 1969 1497 2041 terminos,
1528 1986 1586 2027 non
1610 1986 1686 2045 qna-

330 2060 414 2114 tenus
444 2064 491 2115 eat
516 2058 593 2115 inter
623 2055 722 2133 plures
754 2058 892 2115 terminos
922 2056 1101 2115 continuitas
1132 2054 1277 2131 quaedam
1302 2056 1507 2133 proportionis
1553 2056 1592 2115 lit
1614 2072 1686 2117 oon-

331 2150 440 2201 sonant
460 2142 521 2203 dno
542 2144 740 2221 proportionis
771 2144 884 2203 termini
906 2160 965 2202 non
989 2160 1079 2204 cansa
1099 2144 1190 2217 situs,
1223 2145 1251 2201 in
1274 2160 1333 2219 qno
1355 2145 1435 2219 prius
1459 2150 1503 2203 est
1533 2150 1563 2202 et
1584 2152 1686 2220 posta-

330 2230 395 2304 rius,
421 2229 477 2291 sed
492 2240 646 2308 ‘qnatenus
669 2229 757 2290 simui
778 2232 934 2308 pulsantur
956 2230 1060 2291 eodem
1083 2238 1213 2307 tempore
1237 2229 1313 2291 dnus
1336 2228 1482 2304 chordae,
1512 2246 1566 2291 nec
1587 2238 1686 2291 muts·

332 2325 373 2375 tnr
396 2316 474 2379 haec
496 2318 705 2379 concordantia
732 2325 845 2379 mutato
866 2318 924 2377 situ
947 2318 1147 2379 charactemm
1178 2319 1374 2394 inscriptura
1401 2326 1456 2377 aut
1484 2318 1513 2377 in
1538 2319 1684 2379 testudine
1716 2384 1717 2389 γ

331 2421 445 2464 eversa
493 2405 679 2484 Proportioni
702 2424 782 2481 sero,
806 2423 882 2483 quae
904 2413 950 2466 est
971 2409 1047 2466 inter
1063 2417 1120 2465 tres
1135 2404 1184 2465 rel
1202 2404 1298 2483 piures
1313 2406 1461 2479 terminos,
1487 2406 1594 2467 accidit
1615 2422 1688 2467 oon-

331 2491 483 2558 oordantia
510 2493 700 2568 secundario,
728 2501 847 2571 propter
873 2494 1037 2569 singulares
1070 2494 1258 2553 terminorum
1293 2494 1390 2569 bigas,
1426 2494 1466 2551 in·
1488 2494 1596 2569 quibus
1631 2495 1687 2555 etsi

330 2580 435 2639 mutari
458 2587 559 2656 potest
579 2589 693 2641 mutato
715 2585 774 2642 situ
796 2580 946 2659 analogia,
969 2581 999 2641 id
1014 2598 1128 2657 nempe,
1152 2580 1231 2657 qnod
1254 2582 1284 2639 in
1306 2580 1366 2641 iliis
1388 2589 1433 2641 est
1456 2578 1492 2641 de
1508 2583 1688 2658 geometrica

330 2669 519 2744 proportione
539 2667 713 2743 admixtum,
735 2677 950 2745 neque-tamen
972 2670 1060 2729 simui
1083 2670 1190 2728 mutari
1213 2668 1341 2745 qualitas
1362 2666 1541 2729 harmonica.
1589 2666 1686 2743 Quare

332 2754 407 2830 quod
430 2754 566 2832 disputat
590 2756 729 2831 Rudinus,
753 2765 880 2833 quatuor
901 2758 974 2831 ista,
998 2756 1103 2834 legem,
1126 2754 1200 2833 legis
1223 2758 1385 2829 actionem,
1407 2758 1597 2833 aequitatem,
1620 2775 1687 2817 ms·

330 2844 502 2917 matum,
535 2847 698 2922 comparari
729 2852 856 2921 quatuor
885 2846 1028 2920 numeris,
1064 2843 1235 2903 harmonica
1256 2846 1442 2921 proportione
1466 2842 1623 2921 colligatis,
1655 2852 1686 2905 ot

331 2929 577 3005 quemadmodum
601 2934 788 3009 transpositis
808 2932 937 2991 numeris
960 2938 1250 3008 pereat-concentus,
1275 2933 1316 2991 ita
1337 2932 1363 2991 si
1386 2946 1541 3007 processus
1555 2930 1686 2993 forenses
1802 2990 1809 3001 ‚

331 3025 357 3076 st
378 3020 532 3078 exsecnu'o
554 3020 684 3095 potiores
706 3019 870 3080 habeantur
890 3018 1021 3096 legibus,
1053 3020 1079 3079 si
1099 3022 1290 3095 magistratus
1317 3020 1396 3095 prior
1413 3020 1578 3096 aequitate,
1610 3020 1686 3079 civi-

331 3107 396 3163 tutis
419 3104 604 3165 harmoniam
628 3107 754 3167 turbari:
783 3107 813 3166 id
836 3106 953 3183 quidem
978 3106 1057 3167 nulin
1080 3109 1193 3166 ratione
1218 3106 1253 3164 ad
1275 3105 1320 3178 id,
1357 3105 1495 3181 quodie
1518 3107 1686 3183 proportio-

330 3192 415 3252 nibus
440 3201 488 3252 est
508 3192 720 3267 harmonicum,
743 3192 796 3254 sed
818 3194 989 3270 simpliciter
1011 3193 1049 3253 ad
1072 3195 1202 3270 ipsarum
1217 3195 1439 3271 proportionum
1460 3200 1603 3267 naturam,
1626 3210 1686 3270 qua

330 3283 538 3355 geometricam
567 3299 627 3357 qna
656 3282 885 3355 arithmeticam,
919 3290 965 3341 ost
986 3280 1183 3354 referendum,
1216 3280 1272 3342 boc
1294 3290 1338 3342 est
1368 3279 1458 3341 adid
1488 3281 1685 3358 proportionis

330 3384 431 3442 genus,
455 3366 536 3445 qnod
559 3386 596 3428 ex
618 3376 743 3446 utraque
764 3375 958 3445 temperatum
980 3378 1095 3431 veteres
1117 3370 1306 3444 persuasione
1330 3366 1458 3445 qrrudsm
1480 3369 1595 3429 infirma
1615 3368 1685 3429 har-

329 3456 480 3515 monicum
506 3455 713 3538 appellamus·
746 3457 907 3517 Commune
937 3459 1014 3516 euim
1041 3456 1099 3516 hoc
1130 3464 1173 3517 est
1195 3456 1331 3517 omaibns
1359 3454 1503 3533 analogiis
1524 3459 1589 3516 sive
1611 3456 1685 3517 sim·

328 3542 456 3618 plicibus
477 3545 544 3603 sive
566 3544 678 3619 mixtis,
700 3553 913 3620 contraquam
935 3545 1025 3603 tradit
1046 3542 1191 3618 Bodinns,
1222 3552 1254 3602 nt
1277 3543 1327 3604 vel
1347 3552 1496 3605 mutentur
1517 3545 1547 3603 in
1570 3546 1686 3622 spectes

327 3628 402 3689 alias
432 3633 621 3707 transpositis
647 3634 792 3706 terminis,
810 3630 873 3691 ‘vel
900 3631 988 3708 plane
1017 3632 1213 3691 destruantur.
1258 3630 1319 3691 Sed
1350 3630 1399 3691 ad.
1418 3649 1478 3692 rem
1509 3632 1606 3693 redeo.
1652 3632 1685 3693 st

328 3733 438 3776 merum
462 3718 615 3777 arbitrium
637 3719 728 3779 babet
748 3721 937 3796 magistratus
960 3719 1141 3796 gubsmandi
1166 3720 1229 3778 sine
1252 3719 1377 3795 legibus,
1399 3736 1495 3795 nequo
1510 3720 1606 3797 legem
1629 3720 1685 3779 oh·

325 3818 427 3865 servat
449 3814 583 3879 naturae,
606 3824 704 3883 neque
724 3807 794 3865 boni
817 3815 848 3866 et
869 3808 1033 3867 innocentia
1056 3808 1110 3866 siri
1135 3806 1231 3867 officio
1254 3803 1395 3882 iungitur,
1418 3822 1477 3867 non
1497 3810 1685 3885 magistratus

328 3892 390 3965 erit,
415 3891 469 3951 sod
492 3899 643 3971 tyrannus.
688 3893 822 3971 Cumque
845 3894 988 3953 bonomm
1008 3896 1175 3981 principum
1195 3910 1333 3953 numerus
1358 3893 1467 3970 oppido
1489 3912 1598 3971 porrus
1620 3896 1686 3955 cai-

326 3987 403 4053 stat,
433 3997 495 4039 non
517 3989 563 4041 est
584 3980 750 4042 consultum
772 3981 968 4059 reipublicae,
997 3999 1061 4043 sese
1089 3982 1160 4041 huic
1182 3980 1313 4058 periculo
1342 3984 1538 4058 committere,
1570 3984 1686 4060 quoties

327 4076 486 4127 renovatur
507 4070 708 4143 magistratus.
754 4069 816 4129 Etsi
841 4086 910 4127 vero
933 4072 1085 4145 contingat
1106 4068 1150 4127 ilii
1174 4069 1268 4128 bonus
1291 4068 1469 4146 quandoque
1487 4072 1684 4148 magistratus,

326 4152 481 4214 diuturnus
503 4164 602 4215 tannen
623 4174 689 4217 osse
710 4164 806 4217 status
829 4158 884 4217 isto
906 4158 1021 4233 nequit3
1052 4165 1083 4216 nt
1104 4173 1160 4217 neo
1182 4156 1320 4216 salutaris
1341 4157 1537 4233 reipublicae,
1561 4159 1632 4233 qnia
1654 4164 1687 4217 ut

326 4240 423 4301 bouus
444 4244 484 4302 sit
506 4242 681 4317 moderator,
703 4244 831 4321 prudens
845 4245 920 4303 sutis
933 4261 992 4303 non
1006 4261 1122 4320 semper
1137 4246 1200 4316 erit,
1224 4245 1284 4320 qni,
1308 4242 1378 4389 guid
1402 4262 1528 4321 aequum
1551 4246 1599 4318 sit,
1622 4245 1685 4305 sine

326 4327 428 4405 legum
449 4345 554 4389 norma
575 4330 689 4410 rideat,
710 4341 741 4391 et
761 4339 796 4389 nt
817 4333 880 4407 ipse
903 4329 1005 4390 videat
1026 4339 1226 4407 sequaturque
1249 4348 1307 4408 qno

326 4415 584 4476 calumniabuntur
606 4420 696 4479 etiam
715 4422 845 4495 optima,
876 4420 931 4477 nisi
955 4417 1036 4495 leges
1058 4420 1133 4492 sint,
1163 4419 1270 4495 quibus
1294 4418 1347 4479 ilie
1365 4418 1444 4479 lacta
1472 4435 1527 4478 sna
1549 4420 1623 4479 tueri
1646 4417 1685 4477 ad

326 4503 471 4581 populum
498 4507 608 4581 possit;
638 4508 719 4566 eires
747 4507 846 4582 logum
877 4504 1031 4583 disciplina
1059 4515 1129 4567 sunt
1157 4505 1322 4578 erudiendi,
1355 4522 1515 4581 poenrnnm
1545 4506 1684 4582 imagine,

327 4608 406 4667 quae
432 4589 552 4667 legibus-
569 4594 822 4673 praescribuntur,
848 4610 867 4653 a
889 4591 1052 4655 nmleirsctis
1081 4592 1272 4654 absterrendi.
1317 4592 1448 4669 Legibus
1476 4594 1564 4669 igitur
1587 4610 1685 4654 curere

325 4676 495 4756 respublica
514 4682 626 4755 nequit
1704 4722 1711 4733 ·

412 4764 554 4826 Vicissim
586 4766 682 4843 leges,
712 4782 819 4844 graeco
852 4766 999 4827 vocabulo
1026 4790 1122 4841 spes,
1159 4767 1374 4827 distributivam
1403 4766 1538 4842 justitiae
1571 4774 1685 4844 partem

325 4853 460 4927 signant,
490 4872 569 4929 qnae
590 4857 620 4913 in
643 4862 722 4916 statu
743 4854 880 4934 populari
908 4858 1041 4931 sequitur
1068 4852 1283 4914 arithmeticam
1305 4852 1530 4930 aequalitatem..
1570 4854 1684 4931 Quodsi

327 4942 431 4999 omnia
452 4940 490 4999 ad
513 4940 612 5018 legum
634 4944 759 5019 rigorem
780 4944 999 5015 examinentur,
1030 4940 1137 5016 injuria
1161 4941 1210 5001 liet
1231 4939 1375 5017 plurimis.
1420 4940 1519 5019 Leges
1548 4944 1625 5002 enirn
1648 4942 1684 5003 de

1349 4342 1468 4404 rectum,
1492 4334 1572 4392 cives
1587 4338 1684 4391 maran

328 5027 416 5088 tactis
440 5034 591 5103 statuum,
620 5028 704 5091 nulla
724 5030 1006 5091 obcumstantiamm
1030 5026 1173 5088 renotata
1202 5026 1343 5105 delinitis3
1373 5030 1453 5090 iacta
1476 5029 1686 5106 cenomagnis

326 5116 554 5178 momentus
581 5119 645 5177 suis
677 5118 824 5196 dmcripta
855 5125 938 5191 sunt,
972 5116 1081 5193 quibus
1112 5114 1160 5176 vel
1191 5116 1361 5193 mitigantur
1394 5116 1441 5179 vsi
1470 5125 1684 5197 aggressurum
