4467 6192
847 652 932 711 Liber
948 653 994 711 lv.
1013 653 1102 724 Caput
1118 653 1178 711 vn.
1543 682 1548 689 ·
1627 661 1689 720 258
1715 743 1724 757 Ι

335 848 413 908 quas
438 831 665 895 Mirandulanas
687 833 855 909 aspectibus
878 832 1064 909 opponebat,
1092 833 1201 909 opponi
1230 848 1317 909 posse
1340 830 1479 893 videbam
1507 839 1536 893 at
1558 841 1690 893 contem·

335 922 484 995 perationi
506 920 635 981 duarum
655 938 768 981 vocum.
812 920 893 980 Nibil
916 937 988 979 sane
1009 920 1098 979 ellicit
1121 938 1157 979 ne
1181 936 1318 980 sonorum
1334 920 1452 995 quidem
1465 921 1588 979 duorum
1604 922 1692 997 tripla

334 1011 490 1085 proportio
512 1009 561 1069 vel
584 1009 787 1085 sesquialtera,
810 1026 901 1069 cansa
923 1009 1083 1080 acuminis,
1107 1016 1257 1070 ettamen
1280 1010 1355 1083 grati
1378 1016 1447 1066 suut
1470 1011 1551 1079 soni,
1575 1010 1601 1067 si
1622 1018 1690 1068 erunt

334 1097 364 1152 iu
388 1096 481 1172 tripla
503 1097 551 1155 rel
573 1097 767 1172 sesquialtera
774 1093 916 1172 ,jecutra
935 1094 1112 1168 abhorrent,
1139 1098 1164 1153 si
1185 1102 1256 1155 suut
1283 1097 1313 1151 iu
1336 1096 1471 1171 septupla
1500 1095 1549 1156 vel
1572 1098 1692 1172 sesqui·

335 1191 432 1245 serta,
479 1182 554 1242 Cum
582 1186 672 1261 igitur
700 1185 873 1243 rationalem
898 1190 1038 1258 ,oporteat
1068 1199 1132 1241 esse
1155 1200 1230 1257 rem,
1260 1198 1346 1259 quae.
1367 1184 1483 1259 triplam
1514 1184 1692 1261 aseptupla

337 1270 494 1346 dijudicat,
516 1275 645 1333 animam
659 1289 699 1333 sc.
721 1270 834 1330 auditui
857 1272 1049 1345 praelectam,
1083 1272 1230 1345 oportebit
1252 1278 1282 1327 et
1304 1273 1333 1327 in
1356 1270 1550 1330 radiationom
1572 1273 1692 1347 negotio

337 1358 515 1419 rationalem
538 1376 604 1419 esse
626 1366 803 1430 creaturam,
832 1375 909 1433 quae
932 1356 1070 1415 discernit
1093 1361 1167 1415 iuter
1191 1359 1231 1415 60
1254 1357 1396 1432 graduum
1423 1361 1555 1434 interque
1580 1360 1619 1417 59
1643 1360 1691 1419 vel

339 1442 379 1505 el
405 1448 573 1521 subtemen,
598 1450 661 1505 aive
683 1446 736 1504 illa
755 1445 888 1504 discursu
910 1444 948 1503 ad
963 1444 1020 1501 boc
1032 1452 1138 1517 utatur,
1163 1453 1195 1503 ut
1210 1444 1297 1503 bomo
1314 1445 1479 1521 intelligens
1493 1448 1691 1521 geometriam,

338 1550 392 1591 seu
416 1553 437 1592 a
458 1534 523 1592 solo
547 1537 685 1593 instinctu
708 1541 862 1593 concreato
885 1531 916 1589 id
937 1531 1063 1602 babeat,
1094 1540 1126 1589 ut
1148 1533 1257 1591 formae
1280 1533 1460 1606 plantarum,
1489 1550 1565 1609 quae
1588 1551 1692 1593 nume-

339 1638 404 1679 rum
428 1630 540 1685 certum
562 1622 698 1688 loliorum
727 1621 795 1681 inde
818 1641 837 1680 a
859 1636 954 1677 rernm
981 1626 1046 1676 ortu
1069 1620 1126 1677 sibi
1157 1620 1297 1678 creditum
1325 1621 1493 1679 custodiunt
1521 1638 1693 1696 semperque

339 1708 580 1768 architectautur.
623 1708 713 1767 Nulla
740 1708 789 1767 bic
812 1709 857 1765 ris
879 1714 924 1766 est
945 1708 1110 1776 mixtionis,
1141 1706 1222 1767 velut
1244 1706 1282 1765 ad
1304 1725 1455 1767 mensuras
1486 1708 1614 1767 medicas
1638 1726 1690 1767 ex-

339 1804 442 1869 actae,
474 1794 557 1854 uuile
589 1798 718 1873 corporis
747 1798 1023 1867 instmmentorum;
1056 1810 1110 1851 uec
1132 1794 1288 1853 ‘delectant
1320 1797 1385 1855 soni
1415 1797 1582 1858 animantre
1606 1794 1691 1869 radii,
1780 1858 1809 1875 y,

341 1886 413 1958 quia
436 1885 481 1943 sic
502 1891 572 1942 sunt
593 1884 819 1958 contemperati,
852 1889 884 1939 ut
906 1897 973 1939 cum
995 1880 1109 1941 calidae
1138 1881 1246 1956 frigide
1266 1883 1418 1956 miscetur,
1451 1883 1549 1958 quoad
1572 1883 1694 1942 resultet

340 1970 482 2045 qualitas,
505 1974 617 2046 corpori
640 1972 737 2030 loturo
760 1968 953 2044 respondeus,
984 1985 1052 2026 uam
1075 1971 1104 2025 iu
1128 1969 1236 2027 talibus
1260 1972 1394 2029 mixturis
1416 1972 1526 2046 optima
1547 1979 1693 2046 tempera-

340 2067 407 2116 tura
430 2075 496 2117 esse
519 2059 597 2119 solet
619 2044 719 2128 unica,
742 2065 855 2117 ceterae
878 2056 923 2112 illi
945 2072 1045 2114 omnes
1067 2056 1229 2115 secundum
1251 2060 1345 2133 magis
1368 2065 1397 2117 et
1416 2060 1511 2117 minus
1534 2060 1694 2134 appropin-

340 2154 445 2220 quant.
482 2148 523 2203 At
545 2148 620 2205 iuter
636 2144 879 2220 configurationes
901 2145 1033 2218 interque
1047 2146 1186 2203 souo'rum
1201 2144 1356 2203 intervalla
1375 2144 1474 2221 plures
1503 2154 1571 2204 sunt
1587 2154 1691 2219 metae,

342 2244 369 2291 et
394 2235 426 2289 in
450 2233 522 2291 solis
545 2232 591 2291 his
614 2236 700 2293 metis
723 2242 767 2291 est
789 2233 863 2290 ratio
894 2231 962 2288 binc
984 2234 1256 2305 consonantiarum,
1286 2231 1352 2291 inde
1379 2240 1566 2309 aspectuum
1597 2235 1694 2292 abiis

341 2322 430 2379 metis
453 2323 479 2377 si
502 2320 549 2379 rel
573 2337 674 2394 parum
698 2318 885 2395 digrediarls,
917 2317 978 2393 jam
999 2320 1098 2377 statim
1121 2322 1208 2393 periit
1230 2321 1305 2378 ratio
1336 2318 1524 2379 insolidum.
1570 2318 1610 2379 Ut
1632 2323 1694 2396 pri·

341 2424 421 2465 mum
447 2408 525 2465 enim
549 2406 610 2480 Sol,
635 2408 717 2465 verbi
739 2424 837 2477 causa,
861 2405 979 2463 Saturni
1002 2405 1178 2481 quadratum
1200 2409 1359 2482 superavit,
1379 2408 1442 2482 jam
1462 2410 1556 2467 omnis
1572 2416 1694 2467 naturae

341 2494 544 2553 exstimulatio
568 2494 712 2553 deferbuit
734 2502 897 2567 cessatque,
910 2509 961 2567 per
982 2495 1102 2568 triginta
1126 2492 1187 2552 dies
1204 2502 1282 2553 totos
1306 2489 1421 2574 (quoad
1436 2494 1553 2555 Saturni
1578 2494 1694 2571 quidem

278 2584 281 2592 '
340 2590 369 2641 et
391 2581 474 2647 Solis
496 2577 610 2662 radios)
634 2598 764 2655 eousque
787 2580 855 2639 dum
878 2579 930 2639 Sol
952 2578 990 2637 ad
1014 2583 1119 2638 trinum
1135 2580 1253 2639 Saturni
1278 2583 1409 2669 venerit,
1427 2590 1496 2641 tunc
1518 2586 1625 2641 iterum
1646 2586 1693 2639 in-

344 2670 475 2729 citantur
497 2677 686 2745 tempestates
708 2673 793 2737 unico
817 2668 864 2725 die
887 2676 1061 2751 cessantque
1085 2671 1203 2740 iterum,
1227 2669 1277 2727 illo
1301 2672 1480 2729 transmisso.
1525 2670 1614 2729 Tales
1637 2684 1695 2729 nou

344 2765 413 2817 suut
437 2756 628 2816 alterationes
651 2772 818 2831 corporum,
851 2763 883 2812 ut
905 2770 980 2828 quae
1009 2764 1123 2831 tempus
1147 2772 1232 2814 omue
1263 2756 1300 2814 ab
1324 2758 1407 2813 initio
1437 2757 1583 2816 adfinem
1607 2775 1696 2817 occe-

343 2852 427 2921 pant,
451 2860 602 2919 nunquam
625 2846 857 2913 intermittentes,
882 2842 935 2901 sed
957 2858 1023 2899 cum
1039 2850 1198 2917 augmento
1214 2860 1320 2903 causae
1334 2860 1457 2919 eumque
1473 2852 1601 2921 tempore
1617 2862 1696 2903 cree-

345 2940 458 3003 ceutes,
484 2933 646 3007 iterumque
670 2931 813 2989 diminuta
835 2929 887 2987 illa
908 2931 1095 2988 remittentes.
1143 2927 1207 2989 Uno
1230 2932 1329 3002 verbo,
1353 2933 1429 2989 sicut
1450 2948 1483 2990 se
1506 2931 1595 2991 babet
1618 2932 1696 2990 linea

345 3018 384 3077 ad
410 3034 583 3091 numerum,
597 3020 640 3078 sic
662 3018 752 3093 vulgo
774 3026 864 3076 notae
887 3026 1043 3091 corporeae
1066 3019 1276 3075 commotiones
1301 3034 1332 3075 se
1356 3018 1465 3076 habeut
1488 3018 1524 3077 ad
1548 3019 1601 3077 bos
1625 3036 1697 3077 con-

342 3105 555 3181 figurationem
577 3105 721 3165 stimulos.
767 3102 850 3179 Quae
871 3107 897 3161 sl
920 3106 985 3179 quis
1008 3102 1162 3180 diligenter
1184 3104 1351 3180 perpendit,
1374 3104 1455 3163 nulla
1477 3108 1502 3164 is
1525 3105 1697 3165 difficultate

342 3210 445 3253 secum
469 3193 643 3253 concludere
665 3194 782 3269 poterit,
806 3200 839 3250 ut
861 3208 1027 3263 numerum,
1049 3194 1093 3250 sic
1114 3192 1169 3251 bas
1192 3209 1309 3267 qnoque
1333 3194 1541 3251 commotiones
1564 3204 1696 3251 momen-

344 3287 460 3353 taneas,
484 3281 523 3339 ab
546 3289 676 3356 aspectu,
699 3280 820 3339 rationis
844 3288 919 3351 ente,
942 3280 1096 3353 prolectas,
1120 3296 1179 3338 nen
1203 3282 1331 3356 corporis
1354 3298 1426 3351 esse,
1450 3280 1502 3339 sed
1527 3280 1698 3339 animalium

343 3367 683 3440 facultatum,·animam
705 3370 807 3443 itaque
829 3383 894 3426 esse
918 3375 1059 3441 oportere,
1088 3384 1164 3442 quae
1186 3368 1224 3425 eb
1248 3376 1369 3442 aspectu
1392 3366 1543 3426 admonita
1564 3378 1594 3426 et
1616 3368 1698 3427 velut

333 3443 475 3515 'excitata
499 3457 576 3513 cieat
597 3464 727 3514 meteore
750 3463 780 3513 et
801 3461 997 3529 tempestates.
1672 3460 1675 3469 ⁴

435 3541 521 3615 Quae
545 3560 614 3602 vero
638 3550 690 3601 aut
711 3542 876 3617 anusmodi
898 3541 972 3601 baec
994 3549 1072 3600 esset
1094 3543 1201 3613 anima,
1224 3543 1408 3615 potissimam
1430 3541 1468 3602 ab
1492 3542 1646 3618 ejussede
1670 3545 1697 3601 in

343 3628 457 3689 mundo
481 3628 623 3706 colligere
642 3631 735 3706 potui.
781 3628 855 3686 Cum
878 3630 955 3685 enim
977 3636 1129 3703 aspectus,
1158 3628 1196 3686 ad
1219 3646 1293 3703 quos
1322 3638 1476 3689 morentur
1499 3638 1698 3705 tempestates,

344 3721 406 3776 sint
427 3718 532 3792 anguli
554 3718 675 3776 duorum
695 3716 855 3787 radiorum,
880 3733 938 3773 lton
960 3718 995 3788 ii,
1019 3717 1070 3791 qui
1092 3719 1122 3773 in
1144 3731 1204 3774 uno
1227 3716 1274 3774 vel
1297 3716 1389 3775 altero
1418 3734 1449 3775 se
1471 3726 1572 3777 mutuo
1595 3717 1698 3795 adspi-

343 3807 489 3863 cientium
508 3805 702 3881 planetarum,
725 3820 783 3863 nou
806 3806 856 3878 qui
879 3805 907 3859 in
930 3802 1008 3874 Sole,
1032 3804 1205 3877 quantitatis
1220 3801 1389 3878 longissime
1405 3804 1547 3878 diversae,
1571 3805 1622 3864 scd
1647 3807 1697 3881 qui

343 3893 393 3951 bic
416 3894 446 3949 in
470 3892 562 3950 Terra
583 3893 758 3962 formantur,
781 3907 875 3965 neque
898 3889 1035 3964 planetae
1051 3893 1106 3964 ipsi
1124 3890 1253 3955 habeant
1269 3893 1401 3951 notitiam
1417 3893 1599 3967 angulorum,
1623 3908 1697 3967 quos

344 3978 463 4038 illomm
488 3978 564 4037 redii
593 3979 643 4038 bic
671 3980 701 4035 in
723 3978 813 4037 Terra
834 3978 971 4049 formant,
1002 3979 1057 4035 nisi
1081 3978 1149 4038 illos
1170 3986 1353 4037 astronomos
1383 3980 1537 4039 iaciamus:
1567 3982 1699 4054 sequitur

346 4068 453 4141 igitur,
479 4074 513 4123 ut
535 4068 647 4139 anima,
672 4082 748 4140 quae
770 4064 808 4122 ad
830 4067 1042 4142 praescriptum
1064 4073 1235 4140 aspectuum
1259 4069 1314 4125 ciet
1336 4070 1446 4141 adrem,
1480 4068 1528 4127 bic
1549 4070 1578 4124 in
1602 4067 1698 4125 Terris

343 4155 394 4213 sit.
441 4154 577 4229 Cumque
601 4155 646 4212 ris
669 4153 729 4225 illa,
753 4154 895 4211 comitans
918 4162 1070 4228 aspectus,
1097 4170 1150 4227 per
1172 4160 1265 4212 toturn
1288 4155 1386 4212 orbem
1410 4154 1563 4213 Terrarum
1586 4157 1697 4213 sentia-

342 4248 409 4313 tur,
430 4243 532 4299 anime
553 4239 608 4299 illa
629 4258 724 4316 aeque
752 4239 813 4298 late
834 4240 901 4297 lusa
923 4240 992 4313 erit3
1023 4248 1053 4298 et
1083 4258 1151 4300 cum
1173 4243 1296 4300 materia
1324 4234 1501 4317 pluviarirm,
1534 4249 1695 4314 ventorum,

342 4328 538 4399 nebularum,
570 4330 746 4399 tonitruum,
782 4325 980 4398 ebasmatum,
1011 4342 1088 4401 quae
1110 4336 1241 4405 tempore
1264 4338 1435 4404 aspectuum
1460 4331 1628 4401 eliciuntur,
1660 4330 1699 4387 sit

343 4433 445 4491 vapor
465 4414 603 4473 humidus
627 4415 675 4473 rel
697 4416 825 4489 spiritus,
849 4413 926 4476 alius
947 4416 1043 4475 siccus
1065 4422 1096 4474 et
1117 4417 1230 4491 igneus,
1264 4432 1299 4475 ex
1314 4415 1404 4475 Terra
1426 4418 1569 4475 ebulliens
1593 4423 1622 4473 et
1645 4432 1698 4473 ex-

342 4503 452 4561 balane
477 4509 556 4576 lnam
579 4520 632 4561 cur
652 4502 700 4561 bic
722 4502 817 4560 solum
841 4501 1028 4561 Aristotelem
1058 4503 1162 4561 audiat
1183 4503 1391 4579 philosophus,
1421 4502 1518 4581 spreto
1541 4501 1698 4578 liudolpho

342 4589 496 4662 Agricola,
519 4592 582 4647 imo
602 4588 737 4664 agricolis
760 4590 896 4647 omnibus
918 4592 1039 4665 suisque
1062 4591 1137 4649 adeo
1160 4592 1285 4666 propriis
1300 4591 1457 4649 sensibus?
1480 4608 1545 4647 cum
1569 4589 1700 4665 quotidie

342 4676 458 4748 rideat,
483 4675 818 4753 ingmentibuspluviis
841 4680 1157 4736 montiumcacurnina
1179 4676 1350 4735 nebularum
1373 4680 1438 4735 «vim
1462 4694 1598 4752 magnam
1626 4694 1700 4736 ero-

340 4766 453 4841 mere),
477 4767 533 4823 erit
555 4766 643 4840 igitur
665 4755 763 4823 anima
784 4766 842 4822 ista
864 4781 923 4823 non
945 4766 974 4821 in
998 4765 1150 4839 superlicio
1171 4762 1372 4821 tantummodo
1386 4763 1521 4839 Telluris,
1545 4764 1597 4825 sed
1621 4766 1699 4824 intus

341 4854 440 4912 etiam
461 4854 490 4908 in
514 4854 647 4911 cavernis
661 4852 879 4924 subterraneis,
897 4854 933 4910 iu
954 4853 1100 4910 meatibus
1120 4851 1280 4923 montium,
1313 4849 1438 4926 donique
1462 4852 1570 4913 Terrae
1592 4842 1699 4929 globus

339 4938 407 5001 tale
431 4956 536 5015 corpus
559 4940 622 5010 erit,
645 4940 733 5014 quale
755 4953 802 4999 est
821 4938 948 5013 alicujus
971 4938 1116 5009 animalis,
1141 4935 1279 5013 quodque
1302 4939 1421 4997 animali
1445 4948 1490 5001 est
1511 4956 1566 4999 sue
1588 4942 1695 5013 anima,

340 5029 405 5087 boc
429 5028 483 5088 erit
504 5025 618 5086 Telluri
638 5024 722 5101 boec,
746 5044 836 5103 quam
855 5028 1039 5103 quaerimus,
1062 5034 1168 5085 natura
1189 5023 1372 5104 sublunaris,
1394 5042 1471 5105 quae
1493 5028 1531 5088 ad
1553 5036 1697 5104 praesen-

340 5118 423 5176 tiam
444 5121 618 5193 aspectuum
639 5121 740 5175 moret
762 5122 962 5192 tempestates.
