4467 6192
941 642 1084 713 Apologia
1423 680 1453 721 4
1624 646 1688 705 etr

341 805 486 881 temporis.
532 802 608 881 Quin
632 805 721 863 etiam
751 802 811 865 clia
833 805 953 883 ingenia
980 806 1038 867 illis
1061 804 1230 883 Orpbaicis,
1259 802 1320 864 alie
1340 802 1386 863 his
1413 802 1597 879 geometricis
1620 808 1691 878 apta

338 902 413 967 sunt,
437 901 471 951 ut
493 903 634 968 quantum
656 900 688 954 tu
704 893 775 956 abes
797 886 1088 971 sicomprclrensioue
1111 892 1291 958 certitudinis
1314 890 1548 962 mathematicae,
1576 896 1689 948 tantum

340 997 391 1057 cgu
413 982 469 1038 tibi
491 982 621 1039 vicissim
644 978 746 1039 cedam
770 982 798 1043 iu
825 981 1026 1057 conjectandis
1049 979 1106 1039 illis
1130 980 1354 1055 aenigmatibus.

422 1064 510 1141 Quod
539 1084 609 1133 vero
632 1070 767 1143 quisquc
794 1086 924 1145 mora
953 1068 1192 1147 asymbolismis
1218 1065 1304 1125 nudis
1330 1066 1539 1142 Pythagoricis
1568 1063 1606 1124 ad
1635 1063 1688 1124 ds-

339 1157 562 1215 monstratiorres
595 1158 807 1215 astronomicas
836 1165 866 1215 st
891 1154 1114 1217 mathematicas
1143 1154 1273 1226 traduxi,
1308 1152 1357 1227 hic
1379 1169 1448 1228 ergo
1471 1152 1524 1210 tibi
1548 1167 1686 1231 pernego,

339 1258 454 1301 avesa
474 1242 665 1319 philosophia
688 1242 881 1318 edictiones
903 1251 931 1301 st
953 1229 1062 1303 deliria
1085 1262 1132 1302 me
1155 1236 1383 1317 transivisse.·'’¹)

423 1328 479 1387 Ad
502 1330 688 1406 Analysin
710 1328 781 1393 XV.
826 1329 914 1405 Quod
942 1330 1019 1403 dixi,
1050 1333 1078 1389 iu
1109 1330 1376 1407 comparationibus
1406 1343 1495 1403 saepe
1523 1326 1688 1400 usuvenire,

340 1422 372 1475 ut
394 1417 523 1475 crinibus
546 1416 687 1476 trahenda
710 1420 776 1491 sint,
801 1433 878 1492 quas
901 1434 958 1477 nou
982 1418 1058 1477 ultro
1082 1425 1252 1493 sequuntur,
1276 1413 1305 1472 id
1329 1412 1593 1495 probrumnullum
1617 1430 1689 1473 con-

338 1506 429 1575 tinet,
463 1504 542 1580 quod
572 1503 619 1563 rel
650 1506 678 1584 ip
711 1513 758 1583 te,
786 1503 930 1579 Roberte,
964 1506 1011 1565 vel
1042 1508 1070 1561 in
1095 1488 1162 1565 tuos
1184 1502 1367 1564 Hermcticos
1399 1502 1563 1576 conjectum
1596 1498 1689 1560 videri

337 1594 440 1667 possit.
484 1590 542 1651 Res
572 1594 636 1668 ipsa
657 1590 787 1669 loquitur
815 1594 990 1669 experienti,
1021 1592 1133 1651 nullum
1162 1594 1250 1667 igitur
1280 1607 1375 1666 neque
1397 1589 1468 1648 mihi
1492 1590 1544 1647 abs
1568 1595 1596 1647 te
1621 1587 1690 1648 licet

338 1681 412 1737 irato
441 1679 580 1753 probrum
610 1688 758 1755 regestum
790 1690 876 1755 puto,
910 1680 979 1739 dum
1006 1688 1174 1759 retorques,
1209 1696 1255 1737 me
1288 1679 1478 1737 intentionem
1501 1675 1688 1753 Pythagorae

339 1760 423 1845 (nam
448 1765 684 1851 Aristotelcsex
699 1784 757 1827 suo
781 1784 868 1825 sensu
897 1762 1124 1848 conloquitur)
1149 1767 1276 1825 crinibus
1304 1763 1439 1826 traxisse.
1479 1762 1689 1849 xConjecturam

343 1854 419 1925 dixi,
446 1855 568 1913 vocibus
586 1854 695 1927 ,lorte,
718 1856 861 1915 ιοιιιιιιιει
888 1854 996 1931 ubique
1013 1856 1207 1931 interspersis.
1250 1850 1318 1911 Hoc
1340 1860 1403 1912 erat
1428 1854 1570 1910 intentum
1593 1859 1689 1910 textus
1743 1860 1746 1863 ’

339 1942 413 2011 mei,
439 1956 526 2015 quem
549 1941 596 1999 hic
619 1940 766 2016 dissolvis,
792 1940 961 2014 ostendere,
986 1950 1014 2001 te
1037 1945 1066 1999 in
1091 1942 1283 2019 occupatione
1306 1941 1416 2001 versari
1439 1939 1507 2012 tali,
1531 1956 1608 2016 quac
1632 1937 1689 1996 dil-

336 2026 482 2095 bonitates
513 2031 622 2104 pariat,
655 2044 708 2087 nec
737 2024 887 2107 &spatiata-r
914 2028 1151 2101 mathematicam
1179 2030 1313 2105 patiatur.
1365 2018 1423 2085 Τι’
1443 2043 1513 2085 vcro
1545 2026 1687 2103 pervertis

337 2132 459 2190 scopum
482 2132 611 2175 mearum
635 2134 855 2195 orotgsrorusors3
884 2134 942 2177 nou
966 2127 1032 2176 sunt
1055 2117 1124 2176 illae
1147 2122 1332 2195 comparatae
1363 2122 1396 2173 ut
1419 2114 1613 2191 Pgtlraporae
1635 2116 1687 2171 ia-

338 2206 493 2273 tentiones,
516 2202 568 2261 sed
592 2212 625 2260 ut
646 2220 710 2261 rem.
729 2206 832 2279 ipsam,
857 2207 986 2281 quinque
1009 2203 1121 2264 scilicet
1143 2220 1274 2279 corporo,
1290 2202 1337 2261 ad
1359 2202 1585 2261 astronomicam
1609 2203 1690 2259 veri·
1722 2212 1725 2217 ·
1782 2226 1787 2232 ·

340 2297 430 2349 tatem
463 2290 693 2363 accommodent.
746 2290 876 2350 Gratiam
910 2300 1006 2357 tamen
1038 2291 1150 2365 babeo,
1186 2290 1266 2368 quod
1299 2290 1563 2372 demonstrationes
1598 2305 1689 2362 meas,

337 2394 517 2452 quamquam
539 2380 704 2453 incogitaus
728 2379 959 2453 contrectans,
984 2381 1094 2439 ornasti
1119 2378 1230 2454 elogio,
1255 2377 1334 2453 quod
1357 2380 1420 2436 vim
1441 2384 1470 2435 ct
1491 2394 1596 2450 arma,
1620 2394 1689 2435 mu-

336 2482 438 2523 nuum
456 2464 631 2541 pedumque
653 2469 763 2525 nisum
786 2468 932 2541 agnoscis.
978 2454 1023 2525 'l‘u
1048 2468 1143 2525 virum
1165 2474 1194 2525 te
1208 2472 1334 2543 praesta,
1348 2464 1452 2523 modos
1466 2462 1533 2522 illos
1549 2462 1688 2534 dissolve,

337 2560 369 2610 ut
392 2553 490 2610 irritos
520 2552 574 2611 bos
603 2553 688 2611 nixus
717 2552 907 2613 demonstres.
959 2554 1110 2613 Violentia
1140 2561 1183 2613 est
1209 2570 1266 2611 non
1298 2569 1377 2623 mea,
1408 2550 1460 2611 sed
1484 2550 1636 2633 Onopernici
1660 2559 1690 2609 et

338 2641 533 2699 vetustissimi
557 2639 729 2716 Aristarchi,
755 2658 813 2717 qua
835 2648 963 2715 urgetur
985 2658 1044 2699 non
1068 2649 1181 2715 natura,
1206 2639 1258 2699 sed
1279 2640 1430 2716 popularis
1453 2638 1572 2699 humani
1595 2655 1688 2715 gene-

274 2796 275 2801 *
334 2727 374 2782 ris
398 2728 499 2802 opinio
524 2725 734 2803 oculorumque
759 2728 979 2805 deceptionibus
1007 2730 1128 2788 nimium
1156 2734 1264 2803 agnata
1287 2729 1421 2802 ingenia,
1445 2726 1534 2802 'quod
1562 2726 1689 2785 Terram

333 2816 415 2873 iater-
450 2822 536 2873 astra
563 2815 637 2875 buo.
680 2814 783 2890 Neque
816 2822 912 2875 tamen
942 2832 1037 2891 grave
1065 2822 1101 2891 ut
1128 2832 1251 2875 suctum
1284 2814 1387 2873 endor
1409 2817 1542 2889 cogitur,
1575 2812 1627 2873 sed
1655 2821 1689 2872 ut

334 2898 429 2971 Terra
450 2902 554 2961 inertia
577 2918 632 2961 sua
654 2900 774 2975 truatur,
798 2910 831 2960 ut
853 2904 1001 2981 regionem
1017 2907 1206 2977 assignatam,
1231 2914 1312 2963 motu
1329 2918 1440 2974 carens,
1463 2894 1528 2977 ipsa
1545 2918 1577 2961 se
1594 2904 1689 2979 ipsam

335 2989 479 3061 obtineas,
503 2991 685 3065 permittitur.
733 2990 799 3049 Vim
823 3007 911 3051 unam
934 3008 1073 3064 agnosco,
1098 2990 1216 3065 qualem
1238 2998 1300 3048 tute
1323 2988 1451 3049 Roberte
1474 2996 1542 3047 tuae
1566 2987 1689 3048 intulisti

335 3078 454 3145 manui,
478 3074 546 3135 dum
569 3079 627 3135 ista
644 3078 806 3153 scriberes,
839 3095 927 3155 quam
950 3079 1062 3147 scilicet
1085 3076 1195 3136 Terras
1217 3078 1302 3140 inle'rt
1323 3080 1422 3135 anima
1444 3076 1537 3151 ipsius
1560 3078 1637 3133 intus
1660 3084 1690 3133 et
1733 3119 1736 3124 ,

333 3166 451 3239 species
475 3166 603 3239 corporis
627 3163 738 3223 Solaria
762 3169 900 3237 exterius,
924 3174 1048 3242 utraque
1070 3164 1153 3223 illam
1175 3181 1305 3223 movens.
1351 3161 1437 3238 Quod
1460 3164 1557 3222 lumen
1580 3161 1688 3221 Terrae

332 3252 434 3323 tribuo
458 3252 655 3311 mutuatitiuru
684 3268 720 3311 ex
742 3244 827 3325 Sole,
858 3252 889 3311 id
912 3269 970 3312 uon
998 3251 1057 3311 alia
1080 3255 1126 3311 ris
1149 3260 1206 3324 est,
1240 3268 1328 3327 qoam
1351 3254 1375 3309 si
1398 3250 1509 3310 bomini
1533 3248 1687 3309 dormienti

332 3341 400 3413 quis
425 3337 582 3414 palpebras
605 3356 657 3414 per
681 3342 738 3399 sim
763 3337 894 3413 divellat,
919 3348 951 3399 ut
972 3336 1073 3399 Solem
1092 3340 1156 3416 jam
1180 3347 1276 3397 ortum
1304 3338 1493 3414 lucentesque
1517 3354 1553 3397 ex
1575 3336 1688 3395 blumi-

330 3428 453 3495 nutious
476 3424 554 3484 Solis
582 3432 696 3485 montes
719 3429 888 3505 congricist.
934 3426 1034 3487 Siris
1066 3436 1109 3489 est
1136 3426 1275 3498 dicenda,
1305 3444 1384 3502 quus
1416 3431 1601 3501 tempestates
1624 3428 1688 3499 ciet,

330 3516 400 3570 at'rs'
425 3520 452 3571 et
476 3515 563 3587 aquis
586 3516 732 3588 imperat,
763 3531 798 3572 ea
820 3524 901 3573 tanto
925 3514 1019 3589 major
1042 3523 1087 3575 est
1109 3532 1146 3573 ex
1168 3521 1235 3587 tua,
1266 3530 1355 3591 quam
1385 3530 1421 3573 ex
1443 3531 1509 3573 mea
1532 3501 1698 3590 sententia,

330 3610 446 3677 quanto
470 3598 564 3675 major
589 3602 633 3658 vis
657 3607 716 3672 est,
751 3602 775 3660 si
799 3598 971 3675 Germanic,
994 3603 1019 3659 si
1042 3600 1196 3663 Britannia
1219 3608 1383 3661 exterorum
1405 3600 1576 3678 tyrannide,
1608 3599 1688 3676 quod

331 3688 425 3762 absit,
449 3689 636 3763 opprimatur,
662 3690 798 3763 quamsi
822 3689 973 3764 quaelibet
993 3690 1148 3765 provincia
1171 3688 1325 3765 indigenae
1349 3684 1487 3764 antiquae
1510 3689 1608 3765 stirpis
1632 3687 1688 3745 do·

331 3776 450 3835 minatu
472 3782 614 3835 teneatur.
660 3774 764 3851 Neque
786 3784 883 3837 amen
916 3776 987 3836 mibi
1009 3778 1108 3835 anima
1131 3776 1238 3836 Terras
1266 3778 1324 3837 ciet
1346 3775 1496 3849 aetherea,
1526 3777 1688 3835 auctarium

319 3862 388 3933 ,hoc
413 3870 496 3921 tuum
520 3862 573 3921 tibi
596 3860 713 3924 habeto.

422 3948 500 4010 Solis
533 3956 629 4011 motus
660 3968 745 4009 ame
777 3948 858 4009 nulla
881 3951 910 4008 ri
934 3950 1122 4030 cohibentur,
1153 3949 1251 4009 nullos
1280 3950 1357 4009 enim
1386 3967 1451 4009 esso
1477 3958 1574 4009 motus
1597 3951 1686 4008 centri

329 4034 436 4095 docco.
481 4032 522 4097 Ut
544 4044 645 4096 tamw
664 4038 689 4095 is
712 4052 763 4113 per
785 4040 912 4114 speciem
936 4055 1085 4114 egressam
1116 4040 1210 4097 etsie
1233 4054 1311 4097 mero
1335 4046 1407 4097 nutu
1435 4032 1519 4118 (ecce
1541 4035 1688 4114 tranquil·

330 4118 464 4204 litatem)
488 4124 621 4201 planetas
650 4141 768 4184 movere
796 4127 906 4200 possit,
939 4124 1121 4185 volutionem
1151 4124 1192 4182 illi
1225 4125 1353 4201 corporis
1380 4126 1457 4187 circa
1478 4142 1563 4183 suurn
1591 4141 1685 4196 arem,

332 4218 498 4273 attestante
521 4228 608 4271 seusu
630 4212 710 4287 ipso,
734 4211 850 4287 largior.

428 4296 484 4355 Ad
507 4298 686 4375 Anulysiu
709 4298 795 4358 XVI.
840 4298 991 4376 ·Nuspism
1023 4300 1130 4359 clarius
1160 4307 1297 4377 apparet,
1331 4316 1377 4358 me
1410 4302 1438 4357 in
1470 4292 1687 4375 comparatione

331 4388 448 4447 versari
471 4394 635 4445 uosuorum
659 4404 798 4463 operum,
830 4404 886 4446 non
910 4389 939 4443 irr
964 4389 1190 4464 obtrectatione,
1213 4403 1301 4464 quam
1324 4387 1386 4460 hic,
1417 4387 1466 4446 ubi
1491 4404 1544 4463 ego
1567 4385 1686 4462 subjec-

327 4480 392 4533 tum
419 4490 502 4533 meae
524 4471 706 4533 harmonicas
730 4476 757 4532 in
781 4482 937 4551 angustum
961 4475 1110 4549 eunucho,
1135 4477 1213 4554 quod
1234 4482 1409 4535 contemtum
1433 4461 1578 4551 quidest,
1603 4481 1686 4532 tuum

326 4578 418 4633 acro,
450 4559 596 4641 Roberts,
627 4562 745 4637 ampliu.
792 4560 869 4637 Quid
898 4578 956 4622 non
984 4564 1084 4622 turbat
1112 4562 1177 4622 irs?
1221 4562 1266 4621 Nc
1296 4562 1353 4621 boc
1375 4560 1493 4638 quidem
1516 4564 1685 4637 concoquis,
1740 4592 1746 4606 v

327 4650 451 4725 quaeda
475 4648 554 4722 quod
577 4656 678 4708 mutuo
702 4665 841 4725 reponas,
875 4648 978 4726 objicis
1002 4652 1176 4709 contrariam
1199 4648 1437 4725 amplitudinem,
1460 4648 1687 4724 exprobraturus

327 4738 437 4812 utique
461 4738 621 4794 contrarias
645 4739 804 4812 augustias,
828 4738 853 4795 si
876 4738 1004 4814 spatium
1020 4755 1075 4813 ego
1098 4737 1195 4811 majus
1211 4736 1386 4795 harmonicis
1400 4738 1473 4794 meis
1494 4751 1686 4811 arrogassem.

387 4854 390 4861 ,
421 4822 575 4894 Causae,
607 4830 653 4885 mc
667 4822 812 4887 coelestis
835 4823 1004 4885 harmonias
1028 4822 1200 4883 descensum
1223 4822 1262 4882 ad
1284 4839 1338 4880 uos
1368 4821 1447 4881 nolle
1469 4824 1611 4899 respicere
1635 4824 1687 4882 aui

324 4908 494 4971 attendere.
542 4906 619 4985 Quid
642 4909 736 4983 dicas,
769 4927 826 4969 non
849 4912 950 4987 capi03
982 4927 1040 4969 non
1064 4928 1129 4969 sum
1159 4900 1237 4969 enirn
1268 4908 1345 4968 lilius
1373 4912 1535 4987 sapientiae
1559 4906 1684 4970 Herma-

326 4998 420 5067 usas,
444 5014 499 5058 nec
521 5000 639 5058 caueri
661 4998 857 5061 locutionibus
880 4996 1090 5072 aenigmaticis.
1137 4996 1214 5057 Nam
1236 4995 1272 5056 de
1286 4996 1446 5058 Jamblichi
1464 4995 1581 5059 oraculo
1597 5013 1685 5075 supra

325 5088 406 5147 sctis
430 5088 512 5161 cari,
536 5084 686 5164 quomoda
709 5084 740 5145 id
762 5086 850 5146 etiam
873 5100 929 5162 ego
952 5084 1124 5163 intelligam.
1172 5085 1223 5145 Est
1245 5100 1305 5145 uua
1325 5081 1399 5148 san'e
1422 5088 1512 5161 ratio,
1544 5101 1604 5163 qus
1626 5102 1686 5147 uon
