4467 6192
774 631 859 690 Liber
875 634 923 693 111.
940 635 1081 707 Digreeaio
1098 631 1219 708 politica
1609 639 1672 706 909

331 808 510 887 syllogismos
529 829 597 876 reae
621 812 792 889 dirundam,
816 815 835 872 3
858 813 1029 888 irascibilis,
1053 816 1072 871 4
1096 812 1333 893 concupiscibilia
1354 812 1526 889 facultates,
1550 832 1672 891 quauta

331 899 408 956 etiam
432 898 570 958 aedesio
595 901 728 973 cerebro,
762 902 791 957 in
814 909 946 978 pectore,
979 903 1006 958 iu
1031 909 1131 961 ventre
1160 901 1248 961 Plato
1272 901 1447 961 harmonicis
1470 891 1560 963 etiam
1581 906 1673 979 'sator-

332 984 407 1062 rtllie
429 984 590 1049 ebromus
613 986 792 1059 demensum
819 1005 977 1063 carumque
999 989 1110 1065 primae
1139 991 1307 1067 imperinm,
1340 988 1487 1052 secundae
1509 989 1672 1067 consilium,

332 1074 425 1133 arma
447 1074 582 1141 militaris
605 1074 693 1145 ordo,
716 1085 837 1151 quartae
859 1073 944 1153 plebe
965 1076 1164 1135 assimilantur
1189 1078 1312 1153 ejusque
1333 1074 1490 1151 plurimum
1512 1076 1672 1155 possident.

331 1158 397 1222 Hinc
421 1170 549 1237 quamue
570 1180 696 1238 rerump.
720 1161 889 1237 columnas,
916 1162 1049 1251 justitia,
1078 1163 1249 1239 prudentia,
1280 1162 1436 1242 tortitudo,
1469 1168 1672 1242 temperantia,

333 1264 390 1307 rere
410 1248 547 1309 cardines
569 1249 648 1322 dicti,
671 1250 777 1325 coique
799 1249 893 1311 ordini
915 1267 972 1313 sua
989 1248 1403 1327 potissimumcomrueudata.
1449 1252 1593 1329 Adeoque
1606 1271 1673 1317 mu

331 1337 400 1395 ricos
422 1344 471 1395 est
492 1335 587 1402 laotos
610 1336 750 1411 Rudinus,
774 1337 895 1399 dimissa
915 1341 1077 1420 geometria
1100 1347 1137 1401 et.
1153 1338 1344 1410 arithmetica,
1368 1347 1398 1399 ut
1421 1354 1458 1399 ne
1474 1339 1673 1405 dissonantia·

330 1423 526 1499 mquidem
546 1425 634 1487 luerit
657 1424 783 1500 oblitus3
806 1426 891 1500 cujus
912 1426 953 1483 rei
976 1426 1031 1484 sub
1054 1427 1180 1503 imagine
1203 1422 1483 1503 suadet,'‚intcrdum
1506 1428 1595 1495 etiam
1617 1430 1673 1490 im-
1765 1422 1771 1439 ‘

330 1512 423 1573 uerita
452 1511 545 1576 cucur
572 1514 773 1589 roogislratus,
810 1512 937 1596 horrores
967 1523 1122 1591 cetusque
1153 1514 1293 1589 virtutum
1322 1515 1453 1589 praemia
1482 1530 1543 1575 uuo
1573 1518 1672 1592 iniquo

330 1598 419 1657 auimo
439 1600 626 1675 permittere,
658 1601 730 1674 quia
751 1608 784 1659 ut
805 1616 842 1662 ex
864 1601 1049 1676 oppositione
1080 1601 1169 1661 unius
1195 1600 1393 1675 dissonantiae
1422 1609 1580 1665 consertus
1601 1603 1672 1663 reli-

330 1702 397 1759 qnor
417 1694 504 1745 teoto
526 1687 631 1747 melius
654 1686 833 1763 dignoscitur
856 1695 996 1762 tantoque
1018 1686 1136 1747 aridius
1157 1687 1298 1762 hauritur,
1322 1688 1365 1749 sic
1387 1689 1552 1767 quicunque
1575 1690 1671 1754 lucum

332 1772 488 1840 hujumodi
512 1773 731 1833 commodomm
752 1776 823 1851 reip.
855 1776 1003 1833 intuentur
1025 1784 1281 1852 exsecraturosque,
1309 1776 1437 1836 mriversi
1461 1776 1480 1835 ii
1505 1774 1578 1851 vitia
1600 1794 1672 1841 aon-

330 1857 427 1918 rimilia
448 1860 562 1940 lugere,
586 1863 706 1921 virtutes
729 1862 834 1920 sectari
856 1863 949 1938 magis
972 1870 1059 1937 atque
1081 1865 1177 1940 magis
1200 1864 1400 1923 consuescant.
1642 1851 1647 1871 ¹

406 1943 530 2006 XXIV.
554 1947 687 2008 Tandem
702 1947 834 2008 Bodinus
856 1966 977 2025 reguum
1000 1968 1019 2007 a
1040 1967 1072 2008 se
1096 1952 1291 2027 conscriptum
1313 1948 1421 2009 mondo
1437 1950 1492 2025 ipsi
1515 1957 1673 2026 comparat,

331 2034 498 2108 ostendeus,
529 2035 677 2112 quomodo
701 2036 781 2095 Deus
804 2042 933 2109 creator,
959 2037 1068 2111 junctis
1096 2036 1264 2114 aequalium
1296 2044 1325 2097 et
1347 2035 1484 2096 similium
1513 2039 1675 2097 rationibus

331 2123 469 2180 inunum
492 2134 664 2183 concentum
687 2122 901 2193 harmonicum,
931 2135 1004 2199 opus
1026 2122 1099 2182 nlut
1122 2140 1207 2185 snum
1231 2126 1423 2185 cremaverit.
1468 2124 1502 2183 In
1525 2126 1674 2203 proposito

332 2208 368 2266 illi
392 2212 538 2269 assentior
565 2219 599 2269 ut
627 2211 677 2288 qui
705 2212 848 2286 maxime;
875 2226 1010 2286 quaeque
1038 2212 1103 2287 ipsa
1133 2221 1185 2271 aut
1212 2211 1419 2289 praecedentes
1441 2210 1609 2289 philosophi
1639 2229 1675 2273 ne

330 2296 483 2372 attigerunt
505 2297 641 2373 quidem,
671 2296 707 2357 de
731 2296 900 2359 harmonica
921 2301 1187 2375 contemperatione
1211 2300 1430 2359 accuratissima
1458 2306 1589 2358 motuum
1612 2317 1675 2360 oer-

333 2390 436 2457 torum,
470 2402 507 2443 ea
529 2383 612 2444 libris
635 2385 824 2461 sequentibus
851 2402 905 2461 ego
928 2385 1052 2462 suppleo
1075 2385 1430 2462 demonstrationibusque
1457 2386 1623 2446 clarissimis
1646 2389 1675 2445 in

331 2470 420 2530 locem
440 2472 569 2547 profero.
614 2472 679 2531 Non
703 2472 804 2532 desino
827 2479 935 2547 tamam
958 2491 995 2532 uc
1017 2476 1046 2530 iu
1070 2473 1150 2536 calce
1173 2473 1300 2551 quidem,
1328 2473 1447 2549 obloqui
1471 2474 1586 2535 Boulino
1609 2475 1676 2534 hol·

331 2556 483 2633 lueinanti;
511 2576 569 2618 nou
593 2562 722 2619 existunt
749 2562 825 2619 enlm
850 2577 936 2619 verae
958 2560 1129 2621 hannoniae
1161 2579 1197 2620 ex
1219 2564 1318 2621 mixtis
1345 2560 1513 2637 aequalium
1542 2572 1572 2623 et
1593 2564 1676 2621 simi·

331 2644 397 2704 lium
419 2646 600 2720 rationibus,
632 2658 663 2707 ut
685 2649 803 2723 saepius
826 2646 944 2707 dictum.
991 2647 1068 2725 Ergo
1091 2648 1239 2721 Bodinus,
1272 2649 1439 2708 harmonias
1462 2652 1490 2707 in
1513 2648 1621 2710 mundo
1644 2666 1675 2709 se

331 2731 524 2794 demonstrare
547 2743 669 2812 putans,
692 2734 865 2795 medietates
888 2736 988 2811 potius
1010 2738 1203 2812 geometricas
1226 2736 1405 2796 demonstrat
1431 2744 1462 2795 et
1483 2738 1677 2813 aequalitates

330 2828 357 2877 et
376 2820 592 2881 similitudines.
641 2817 675 2902 l)
698 2820 891 2881 Harmonicas
914 2822 1031 2898 quidem
1054 2826 1083 2881 in
1099 2824 1288 2883 facultatibus
1304 2826 1434 2897 animam
1457 2822 1572 2882 stillas
1595 2841 1676 2901 eym-

331 2907 438 2967 bolicas
461 2914 590 2982 tautum,
613 2909 695 2967 nulla
716 2908 998 2970 demonstrationum
1021 2910 1168 2971 evidentia
1192 2910 1366 2971 insolidum
1389 2910 1517 2987 aliquam
1541 2910 1676 2987 effigiem,

331 3003 360 3053 ut
379 2994 588 3055 mathematica
610 3005 723 3071 amant,
746 3015 913 3075 expresses,
944 2999 1052 3075 qnippe
1077 3015 1143 3057 cum
1166 2997 1289 3076 intelligi
1312 3016 1369 3057 non
1392 3000 1504 3074 possit,
1529 2997 1679 3074 quomodo.

330 3083 416 3141 insint
436 3085 467 3140 iu
490 3087 588 3142 anima
610 3087 796 3160 quantitates,
820 3087 984 3164 proximum
1007 3093 1036 3146 et
1059 3086 1257 3146 immediatum
1272 3086 1486 3146 harmoniarum
1502 3085 1675 3160 subjectum.

330 3171 370 3241 (Iu
387 3174 484 3241 quavis
497 3190 536 3229 sc.
549 3174 608 3243 ejus
620 3174 751 3231 facultate
763 3190 892 3230 numerus
906 3174 953 3229 illc
965 3176 1033 3245 ipse,
1052 3191 1133 3245 quem
1146 3176 1170 3231 ei
1184 3175 1305 3230 Bodinus
1317 3176 1461 3245 assignat.)
1501 3173 1531 3251 ⁸2)
1556 3174 1676 3249 Aequa·

330 3256 437 3318 litatem
469 3263 543 3320 inter
572 3258 672 3319 mundi
704 3277 808 3338 corpus
841 3267 870 3318 et
898 3260 1063 3318 universam
1095 3262 1154 3318 rim
1184 3261 1331 3318 materiae.
1384 3260 1418 3338 3)
1450 3258 1676 3319 Similitudinum

331 3344 549 3419 (qualitativam
573 3350 670 3426 potius
694 3348 862 3422 exigeris,
886 3364 974 3423 quam
1002 3345 1156 3406 relativam
1182 3354 1355 3424 quantorum
1378 3348 1580 3421 terminorum)
1603 3348 1678 3405 inter

330 3433 519 3512 mclrclypum
547 3442 698 3495 aeternum
731 3445 760 3493 ct
787 3432 887 3493 muudi
916 3434 1053 3508 turmam,
1083 3451 1142 3511 qno
1165 3432 1230 3493 loco
1254 3433 1386 3493 Bodiuou
1413 3434 1585 3510 praecordia
1605 3433 1675 3493 mibi

330 3524 432 3596 tangit,
449 3524 573 3582 materia
587 3521 721 3599 Mystcn'i
736 3523 793 3580 mci
810 3521 1058 3598 Oosmograpbici,
1081 3538 1248 3597 quanquam
1266 3539 1317 3598 per
1333 3522 1534 3597 ignorantiam,
1558 3528 1678 3581 attacta.

415 3606 535 3683 Quanto
560 3627 629 3670 vero
644 3608 831 3687 plausibilius
853 3610 881 3667 in
898 3625 982 3669 meae
997 3609 1148 3687 Epitomes
1165 3610 1281 3669 Astron.
1299 3608 1515 3687 Coporrricanae
1537 3610 1610 3668 libro
1624 3608 1678 3667 IV.

334 3693 405 3754 baec
428 3695 651 3773 aequaliumct
671 3695 810 3755 similium
832 3697 999 3755 commixtio
1031 3696 1066 3755 dc
1089 3695 1189 3755 mundi
1211 3696 1342 3776 partibus
1372 3698 1537 3775 praecipuis
1560 3706 1605 3756 est
1627 3696 1680 3757 de-

332 3793 510 3857 monstrata,
542 3783 578 3843 dc
606 3791 718 3844 motore
741 3782 825 3856 Sole,
855 3783 970 3842 locante
987 3784 1121 3861 ,sphaera
1151 3783 1288 3859 lixarum,
1321 3792 1350 3843 et
1380 3783 1570 3857 intermedio,
1600 3782 1679 3861 quod

332 3870 489 3930 mobilibus
520 3888 698 3932 concessum.
744 3870 917 3947 Aequaliter
940 3873 1016 3928 enim
1047 3881 1092 3931 eet
1112 3873 1141 3929 iu
1165 3872 1297 3949 partibus
1326 3874 1465 3933 materiae
1488 3878 1616 3945 statuta,
1648 3879 1681 3929 ut

332 3958 502 4018 tantundem
528 3962 568 4018 sit
589 3960 653 4035 ejus
683 3961 713 4017 in
736 3959 821 4026 Sole,
851 3964 991 4035 quantum
1025 3958 1071 4018 rel
1100 3959 1129 4016 in
1153 3960 1278 4018 extimae
1306 3957 1448 4034 sphaerae
1473 3959 1542 4019 orba
1572 3958 1619 4017 rel
1651 3960 1680 4017 in

331 4048 427 4123 spatio
450 4045 630 4107 intermedio.
676 4046 817 4105 Materiae
840 4062 925 4119 vero,
948 4052 980 4104 ut
1002 4046 1132 4121 populo,
1157 4045 1279 4105 debetur
1300 4046 1484 4106 arithmetica
1505 4044 1681 4121 aequalitas,

332 4134 461 4192 vicissim
490 4136 670 4211 geometrica
696 4135 891 4211 proportionis
922 4131 1082 4193 similitudo
1113 4131 1311 4193 indemitate
1341 4136 1428 4192 trium
1450 4133 1554 4193 horum
1576 4148 1681 4209 corpo-

331 4236 402 4293 mm,
426 4228 459 4281 et
472 4238 587 4281 rursum
601 4222 661 4281 alia
674 4222 749 4281 inter
764 4220 920 4280 diametros
935 4219 1014 4280 Solis
1029 4223 1160 4293 motoris,
1181 4222 1307 4298 regionis
1322 4222 1474 4281 mobilium
1495 4228 1525 4279 et
1540 4220 1683 4295 sphaerae

332 4304 453 4367 domus
475 4307 600 4368 locastis
623 4307 789 4369 immobilis.
835 4310 870 4383 4)
893 4306 1066 4367 Medietatea
1087 4325 1173 4384 porro
1189 4310 1381 4386 geometricae
1398 4305 1627 4385 quodammodo,
1651 4313 1684 4364 ut

334 4396 409 4453 inter
432 4394 493 4455 duo
514 4413 623 4472 genera
644 4404 786 4469 motuum,
809 4394 933 4454 alterum
956 4396 984 4452 in
1002 4403 1105 4469 ortum,
1130 4395 1252 4455 alterum
1271 4398 1301 4455 in
1317 4412 1462 4468 occasum,
1485 4396 1601 4455 tertium
1624 4400 1684 4453 tre-

332 4481 492 4557 pidationis
514 4493 641 4555 motum,
664 4482 716 4544 sed
739 4500 773 4543 ex
797 4484 903 4559 quibos
927 4481 985 4541 duo
1008 4485 1185 4559 posteriores
1207 4483 1272 4543 sola
1299 4484 1380 4543 visus
1403 4482 1610 4557 imaginatione
1633 4496 1682 4539 se-

333 4570 461 4628 eundum
490 4569 642 4647 Copemici
675 4570 784 4647 placita
806 4577 956 4630 constant
1003 4566 1039 4651 b)
1067 4570 1147 4631 Inter
1177 4578 1282 4631 terram
1313 4578 1342 4629 et
1372 4570 1509 4645 tophum,
1542 4566 1684 4644 argillam.

334 4651 367 4737 e)
389 4656 474 4717 Inter
495 4658 615 4719 metalla
637 4668 668 4718 et
689 4658 812 4737 lapides,
836 4674 955 4717 aerosas
977 4656 1089 4734 glebas.
1138 4653 1173 4739 i)
1195 4657 1276 4718 Inter
1297 4659 1402 4733 stirpes
1423 4664 1453 4715 et
1475 4654 1605 4732 lapides,
1633 4670 1686 4715 co·

332 4743 425 4804 tallia.
468 4740 504 4827 8)
526 4745 606 4805 Inter
619 4746 760 4805 animalia
776 4751 806 4805 et
818 4746 933 4823 stirpes,
956 4744 1115 4821 neophyta.
1156 4746 1189 4819 9)
1212 4744 1291 4803 lntcr
1309 4741 1514 4821 quadrupedes
1537 4748 1566 4801 et
1580 4743 1684 4821 pisces,

334 4832 495 4909 amphibia.
543 4834 597 4907 10)
620 4832 701 4893 Inter
723 4850 794 4893 aves
817 4838 847 4891 et
867 4833 980 4908 pisces,
1013 4830 1147 4891 volantes
1170 4833 1273 4906 pisces.
1323 4834 1376 4905 11)
1398 4830 1478 4890 Inter
1503 4828 1636 4889 homines
1658 4835 1687 4887 et

331 4918 425 4999 bruta,
450 4921 560 4994 simias,
583 4929 635 4980 aut
656 4919 793 4980 mulieres
815 4936 851 4978 cx
874 4918 1006 4979 Platone.
1055 4915 1212 4994 12)1ursr
1235 4918 1346 4977 bestias
1369 4925 1398 4977 et
1420 4918 1558 4995 angelos,
1587 4917 1686 4977 homi-

332 5020 406 5081 uem,
429 5006 583 5067 mortalem
605 5024 725 5084 corpora
742 5015 775 5067 ut
790 5005 866 5080 illas,
889 5003 1082 5065 immortalem
1097 5004 1195 5063 animo
1212 5013 1244 5063 ut
1257 5004 1320 5063 hos.
1369 5000 1424 5087 13)
1448 5005 1527 5065 Inter
1546 5003 1685 5064 coelestia

332 5092 490 5155 beatorum
511 5094 680 5157 habitacula
702 5103 733 5155 ot
754 5094 960 5154 elementarem
982 5093 1140 5167 regionem,
1164 5092 1278 5152 coelum
1293 5090 1450 5153 stellatum.
1499 5085 1552 5175 lt)
1574 5090 1688 5168 Quibus

382 5202 608 5256 musea-nr.
1495 5199 1533 5257 lt
