4467 6192
565 601 629 661 416
1035 592 1202 667 appendicis
1220 593 1444 653 Harmonicornm

564 774 634 838 tima
657 771 834 835 dissolverit.
879 771 926 834 De
949 773 1078 851 reliquis,
1092 772 1214 834 Roberti
1235 772 1461 850 particularibus
1483 774 1754 851 comparationibus
1772 774 1890 851 Jndin'nn

565 869 628 921 esto
651 861 769 931 lectoris
799 858 927 935 oculati,
959 862 1030 939 qnid
1054 862 1179 939 quisque
1208 850 1339 923 nostrum
1371 858 1408 923 de
1430 879 1485 931 sua
1507 864 1681 922 tractatione
1711 879 1779 922 vere
1801 863 1890 923 dixerit

563 948 639 1007 Nam
655 950 688 1017 ¹si
710 944 781 1025 qnid
804 965 859 1025 ego
882 965 980 1009 meum
1002 952 1114 1023 instruo
1137 948 1276 1011 lectorem
1297 966 1385 1027 super
1405 956 1488 1010 textu
1510 966 1593 1026 urso,
1623 967 1677 1025 par
1704 951 1834 1027 equidem
1851 958 1891 1023 erl,

562 1044 596 1095 nt
618 1035 696 1095 idem
719 1043 748 1095 et
770 1036 900 1096 Roberto
923 1034 1011 1097 liceat
1034 1040 1063 1095 in
1086 1054 1152 1096 sno.
1199 1034 1298 1114 Atque
1321 1053 1399 1110 acce,
1423 1036 1494 1114 quid
1509 1035 1655 1097 liebertus
1680 1034 1773 1111 dicat,
1796 1038 1827 1097 dc
1844 1057 1892 1097 ree·

563 1124 693 1183 tionibus
715 1118 844 1183 chordae
864 1141 913 1181 me
934 1127 1024 1201 spisse
1046 1124 1143 1207 verbis
1164 1126 1257 1182 nimia
1279 1127 1422 1201 copinam
1445 1140 1511 1185 cum
1535 1124 1609 1197 baec
1631 1128 1726 1184 omnis
1749 1128 1831 1202 copia
1847 1144 1893 1185 non

530 1216 532 1223 “
562 1212 690 1289 potuerit
713 1209 845 1271 sulficere
869 1210 997 1272 lieberto
1030 1210 1068 1272 ad
1090 1210 1345 1293 lnccmaliquam
1359 1215 1441 1272 eirca
1466 1214 1664 1271 inventionem
1687 1211 1837 1291 diapason,
1866 1213 1892 1272 de

563 1316 621 1374 qna
649 1298 713 1375 jam
741 1297 930 1375 poenitudine
962 1297 1066 1361 ductus
1097 1301 1155 1373 ait,
1177 1315 1230 1362 ,me
1252 1300 1376 1361 nonnisi
1392 1299 1516 1360 obscure
1539 1303 1642 1377 egisse.
1689 1300 1731 1358 At
1760 1300 1829 1361 mibi
1852 1318 1894 1377 ego

565 1386 664 1445 videor
693 1384 819 1457 chordae
849 1386 1039 1447 bisectiouom
1069 1404 1104 1445 ex
1132 1385 1295 1454 rationibus
1324 1385 1457 1449 diametri
1488 1387 1588 1446 circuli
1611 1386 1773 1447 clarissime
1806 1379 1894 1465 produ·

562 1476 653 1551 nisse,
677 1472 778 1533 videat
799 1472 901 1547 lector,
924 1476 950 1533 si
974 1473 1045 1553 qnid
1067 1473 1142 1533 lueis
1165 1476 1285 1549 insuper
1308 1474 1387 1551 apnd
1409 1473 1570 1535 Robertnm
1594 1472 1650 1534 bac
1672 1476 1702 1532 in
1717 1482 1802 1551 parte
1822 1477 1894 1553 possit

562 1562 706 1634 invenire,
738 1577 796 1621 non
825 1560 981 1636 inridebo,
1014 1578 1181 1621 communes
1212 1563 1288 1620 euim
1320 1561 1433 1639 tradere
1461 1560 1545 1622 lnbet
1567 1578 1671 1639 operas
1703 1564 1733 1620 in
1756 1560 1895 1623 lectoribus

561 1646 734 1709 erudiendis.
756 1704 759 1711 ,
785 1647 890 1724 ltaque
918 1651 1006 1711 etlam
1038 1652 1067 1707 in
1100 1655 1189 1725 capnt
1219 1665 1317 1709 meum
1346 1666 1469 1724 nonum,
1509 1648 1588 1725 quod
1620 1666 1724 1709 censes
1755 1650 1896 1709 conlusiori

561 1735 649 1796 modo
671 1738 826 1811 scriptum,
858 1736 982 1796 libenter
1004 1738 1145 1812 majorem
1166 1754 1202 1795 ex
1225 1742 1254 1795 te
1277 1735 1423 1808 ordinem,
1456 1754 1545 1814 qnam
1568 1753 1623 1813 ego
1654 1741 1800 1815 consequi
1821 1739 1895 1814 potui,

561 1825 712 1901 recipiam,
742 1825 766 1881 si
788 1822 880 1883 lector
907 1824 1047 1900 majorem
1069 1825 1105 1891 ‚in
1137 1826 1194 1885 tuis
1222 1838 1381 1899 agnoscere
1409 1826 1526 1900 poterit
1570 1822 1629 1884 Sed
1656 1842 1712 1883 nec
1741 1827 1896 1884 inventioni

560 1913 694 1971 clavium
717 1909 744 1984 b,
766 1910 785 1967 b
808 1910 978 1971 claritatem
1001 1913 1150 1985 maiorem
1172 1928 1276 1987 qnam.
1289 1910 1377 1986 opnd
1396 1929 1460 1985 me,
1484 1927 1606 1971 suamve
1629 1911 1898 1986 commendationem

562 1998 731 2075 denegabo,
762 1996 906 2075 siqnidem
939 1996 1040 2058 lectori
1070 2015 1127 2060 non
1152 1995 1298 2058 suffecerit
1328 1998 1367 2057 ad
1388 1998 1446 2061 boc
1468 2000 1578 2075 (capite
1600 2016 1665 2059 meo
1695 1996 1839 2081 secundo)
1858 2017 1897 2057 as·

560 2088 682 2163 sociatio
705 2086 918 2163 quinquangnli
940 2094 970 2147 et
992 2086 1161 2163 sexangnli3
1184 2084 1341 2154 dummodo
1361 2077 1504 2161 fateatur,
1536 2103 1569 2147 se
1592 2094 1708 2146 tautum
1731 2089 1760 2143 in
1785 2086 1898 2147 lieberto

561 2173 636 2233 lucis
658 2175 815 2253 invenisse.
1411 2179 1415 2187 '

649 2259 735 2337 Quod
766 2262 853 2338 igitur
880 2259 937 2321 linc
961 2258 1049 2337 bnjus
1076 2258 1234 2337 analyseos
1256 2266 1351 2333 tunm,
1382 2258 1525 2333 Roberte,
1556 2258 1702 2319 scribendi
1730 2260 1849 2321 modum
1869 2258 1898 2319 de

561 2347 729 2427 harmonica
753 2348 873 2409 materia
894 2346 1007 2427 prolixe
1029 2363 1162 2421 excusas,
1188 2345 1276 2407 velim
1291 2344 1454 2423 recolligas,
1478 2363 1628 2424 nunqnam
1645 2346 1728 2406 illum
1750 2367 1771 2407 a
1788 2366 1833 2407 une
1846 2364 1899 2407 esre

560 2445 747 2511 accusatum
771 2437 1017 2513 comparationem
1041 2436 1170 2517 institui,
1199 2452 1260 2499 non
1279 2437 1513 2505 accusationem,
1537 2434 1575 2493 ad
1597 2433 1793 2496 erudiendum
1815 2434 1900 2513 pbilo-

563 2524 685 2601 sophiae
707 2522 887 2595 studicsum,
918 2540 977 2582 non
1008 2521 1045 2581 ad
1069 2521 1282 2597 implorandum
1310 2521 1419 2597 judicis
1442 2522 1579 2582 clxieinm.
1627 2522 1693 2599 Epo
1723 2524 1820 2599 lorsqu
1840 2540 1900 2582 oro·

560 2614 640 2675 riom
664 2612 817 2687 nmbmqne
837 2612 1049 2685 multantor,
1081 2608 1194 2669 scilicet
1215 2617 1248 2668 nt
1270 2608 1408 2682 doceam,
1437 2617 1471 2669 tn
1494 2612 1527 2668 in
1551 2608 1654 2668 brevia
1676 2611 1850 2685 manin,
1875 2616 1902 2667 ut

561 2696 636 2776 quac
660 2700 725 2774 quis
749 2706 816 2758 ante
840 2706 868 2757 te
892 2698 1007 2771 docuit,
1036 2704 1067 2770 tn
1090 2699 1247 2755 memoriae
1271 2694 1473 2773 commendem
1502 2713 1559 2773 non
1583 2698 1717 2773 seqnitur
1739 2706 1795 2756 tna
1816 2698 1901 2757 breri-

560 2794 606 2845 tas
629 2788 685 2846 nisi
708 2785 1001 2865 praesiamalterine
1024 2787 1148 2861 copiam,
1183 2792 1212 2844 et
1235 2785 1290 2842 nisi
1313 2801 1374 2843 rem
1396 2782 1473 2843 alins
1494 2784 1608 2860 prolixe
1630 2786 1717 2843 sistat
1739 2783 1781 2844 'ob
1804 2784 1902 2855 oculos,

561 2872 639 2949 quod
663 2891 718 2950 ego
740 2872 948 2951 praestandum
971 2874 1079 2945 sumai,
1110 2888 1168 2931 unu
1194 2879 1225 2931 tn
1248 2873 1289 2930 rei
1315 2871 1450 2947 Murem
1472 2872 1519 2930 vel
1540 2871 1803 2949 bieroplppbicnm
1831 2870 1902 2931 elliu·

559 2963 645 3021 xoris.
690 2960 776 3020 Alius
798 2960 944 3039 simplicia
966 2967 1136 3031 coacervat,
1160 2969 1194 3025 tn
1214 2956 1342 3019 extrahis
1365 2959 1521 3017 essentiam
1545 2956 1734 3035 colligisqne3
1757 2977 1817 3018 uec
1839 2958 1901 3017 adeo

560 3050 698 3121 rejicitur
717 3045 890 3126 facmalcntn
911 3047 1098 3120 substantia,
1128 3054 1160 3106 ut
1182 3044 1301 3123 plantae
1323 3046 1432 3121 ipsius,
1464 3064 1552 3121 quam
1576 3054 1681 3104 natura
1702 3053 1903 3123 repraesentat,

561 3136 783 3212 obliviscamur3
820 3152 873 3195 nee
902 3134 1023 3208 sedicit,
1063 3133 1145 3210 quod
1176 3132 1290 3194 bonnm
1321 3140 1362 3191 eet
1391 3135 1425 3190 in
1455 3131 1576 3194 onamrlo
1599 3135 1730 3212 proprio
1757 3134 1903 3205 collocare,

559 3225 629 3300 quin
654 3226 742 3283 etiam
765 3219 1069 3297 animadvertendam,
1093 3220 1171 3279 unde
1193 3223 1232 3278 ait
1253 3217 1327 3278 illud
1350 3217 1515 3281 collectum.
1561 3220 1624 3303 Ego
1648 3220 1840 3282 collectorem
1866 3221 1906 3294 egi

559 3311 713 3376 barbarum
736 3310 922 3385 idonearum,
944 3308 1054 3377 ‚videris
1076 3315 1124 3383 tn,
1148 3308 1255 3385 quibus
1277 3322 1314 3366 ex
1336 3306 1449 3381 herbis,
1473 3326 1492 3367 a
1515 3326 1574 3384 quo
1599 3306 1754 3379 collectore
1782 3310 1903 3376 co‘e'mtis,

559 3404 626 3459 tuos
649 3400 824 3476 expresseris
854 3398 990 3475 liquores.
1035 3396 1124 3470 Esto,
1154 3394 1246 3455 lateat
1269 3396 1419 3471 occaeltum
1450 3395 1551 3455 adbuc
1578 3413 1729 3454 arcanum
1756 3399 1906 3468 scientim,

558 3484 637 3562 qnod
661 3486 814 3546 verborum
836 3485 1003 3563 prolixitate
1026 3481 1149 3562 indiget,
1180 3499 1236 3542 nec
1255 3482 1467 3559 manifestatam
1488 3491 1614 3555 antara,
1646 3486 1825 3543 animuin
1846 3500 1906 3542 orx·

459 3599 463 3619 ι
559 3574 647 3633 tionis
670 3573 813 3649 venibam
834 3590 892 3633 nou
916 3574 972 3630 ista
994 3570 1049 3629 soli
1073 3570 1216 3649 chymici,
1238 3568 1374 3629 videntur
1396 3568 1497 3628 cilinia
1520 3578 1548 3630 ct
1564 3566 1657 3628 'Plato
1681 3575 1710 3629 et
1733 3569 1906 3630 Aristomlcs

558 3658 712 3735 inculcare,
737 3660 854 3737 qnando
877 3660 969 3719 menti
989 3675 1090 3717 verum
1113 3660 1216 3722 scienti
1234 3656 1298 3731 jam
1321 3656 1503 3715 definitiones
1527 3667 1555 3717 et
1571 3656 1740 3739 syllogismi·
1756 3667 1795 3718 ut
1811 3675 1907 3735 snper·

558 3747 609 3807 ssei
632 3746 807 3807 adimuntur.
853 3746 893 3807 At
909 3742 1013 3820 hercle,
1037 3744 1108 3805 mibi
1132 3742 1288 3816 videbatur
1310 3735 1383 3805 haee
1404 3746 1579 3820 cognitionis
1603 3744 1794 3805 harmonicae
1809 3754 1908 3805 natura

559 3835 649 3917 fugax
672 3832 825 3913 latensque
847 3836 972 3912 primum
995 3830 1124 3903 omuinm
1157 3832 1204 3893 vel
1235 3850 1350 3895 summa
1373 3839 1454 3893 reste
1477 3830 1721 3910 apprehendenda
1752 3834 1908 3909 verbisque

560 3921 682 3999 prolixis
705 3923 839 3987 involuta
853 3920 1053 3995 continenda,
1082 3918 1139 3981 lxoc
1161 3927 1206 3980 est
1228 3921 1258 3978 in
1280 3919 1421 3998 lectorum
1444 3921 1549 3989 animis
1577 3918 1769 3999 exprimenda
1802 3927 1833 3981 et
1854 3920 1907 3978 lor·

560 4002 684 4080 maudo,
713 4011 739 4069 si
766 4010 839 4072 forte
870 4008 1009 4069 succedat
1037 4008 1110 4067 mibi
1138 4007 1244 4084 aliquis
1275 4008 1319 4065 tni
1340 4002 1443 4065 similis
1466 4002 1551 4089 (nam
1581 4013 1643 4065 tnta
1663 4008 1729 4083 ipse
1758 4026 1830 4068 mea
1858 4010 1909 4065 ista

492 4149 497 4157 .
559 4098 632 4157 tone
654 4092 800 4178 respuas),
825 4100 875 4174 qui
898 4106 948 4156 tuo
970 4113 1050 4157 more
1073 4095 1200 4155 enatus
1220 4112 1290 4167 eom
1312 4101 1414 4175 eruet,
1448 4111 1527 4155 nnro
1549 4097 1677 4164 inerat,
1702 4112 1771 4155 eum
1796 4098 1827 4152 in
1850 4111 1909 4152 ιιιο·

560 4184 638 4258 dnm,
662 4192 695 4269 nt
716 4185 839 4275 posthac
862 4178 959 4245 virtue
981 4186 1045 4256 ejas
1068 4183 1179 4258 absque
1200 4181 1561 4257 verbnanimoccnepici
1570 4180 1675 4257 poerit
1720 4180 1820 4242 Nobis
1843 4179 1909 4241 ber·

563 4274 700 4333 tenus'in
723 4272 856 4333 docendo
879 4270 1077 4347 discendoque
1101 4286 1160 4329 nou
1182 4268 1265 4327 licuit
1287 4286 1351 4329 esse
1374 4276 1434 4327 tam
1457 4267 1599 4347 lelicibns.

584 4398 608 4441 ·.
646 4359 705 4421 S'ed
729 4368 774 4433 tn,
807 4359 1018 4439 qnod'passirn
1041 4364 1104 4417 tota
1126 4356 1183 4416 bac
1204 4354 1334 4433 analysi,
1362 4354 1437 4415 idem
1460 4356 1554 4416 multo
1576 4356 1700 4415 maxime
1723 4356 1911 4433 conclusione

559 4448 616 4510 ista
639 4448 812 4525 comprobas
848 4448 1007 4507 rectissime
1041 4461 1129 4504 ame
1152 4443 1275 4516 dictum,
1304 4442 1517 4520 quadamtenus
1540 4443 1661 4503 eandem
1684 4442 1740 4501 abs
1762 4451 1796 4504 te
1820 4454 1910 4503 mate·

559 4537 631 4595 riam
655 4552 719 4595 esee
742 4535 891 4607 traditam,
934 4522 1046 4609 Quodsi
1077 4531 1208 4591 nondum
1229 4532 1409 4591 satislactum
1439 4530 1490 4588 tibi
1515 4525 1615 4609 potas,
1645 4547 1681 4589 en
1706 4547 1778 4606 ergo
1813 4548 1912 4591 vocem

561 4630 641 4683 tuam
664 4623 797 4683 nltimam
820 4610 1015 4700 supplementi
1038 4619 1121 4682 loco:
1144 4618 1309 4692 subjectum
1333 4621 1459 4683 munires
1481 4626 1552 4677 tnnc
1567 4616 1735 4693 artificialis
1756 4621 1913 4694 maminot

558 4726 628 4770 snos
650 4711 743 4771 latiur
764 4714 947 4787 exporriqit,
976 4724 1064 4786 quam
1093 4722 1176 4768 mens
1198 4705 1273 4765 liber
1295 4707 1405 4765 tertius
1452 4703 1550 4780 Quaere
1573 4708 1661 4765 etiam
1690 4706 1733 4763 sic
1755 4706 1913 4779 quodum

558 4802 645 4859 terrm
671 4796 746 4857 liber
774 4806 842 4858 tntis
873 4815 938 4859 cum
970 4814 1035 4865 mco
1059 4796 1220 4867 concurrit,
1248 4793 1391 4853 hactenus
1413 4791 1550 4877 scilieet,
1579 4798 1725 4869 quatenns
1754 4792 1839 4852 intra
1860 4792 1913 4851 mei

559 4883 626 4943 libri
648 4887 800 4961 angustias
823 4884 964 4959 tenditur,
994 4882 1119 4943 necdum
1146 4882 1235 4941 latins
1259 4881 1392 4941 excurrit.
1440 4880 1538 4956 Atque
1567 4879 1616 4939 bic
1640 4898 1709 4939 vere
1740 4881 1803 4939 mei
1835 4878 1914 4939 serbi

558 4988 661 5033 sensns
683 4973 747 5048 luit,
770 4972 882 5035 seilicet
903 4976 1023 5034 innuere
1038 4970 1186 5045 volebam,
1209 4971 1284 5028 intes
1298 4968 1487 5046 plurimarum
1503 4985 1599 5028 rernm
1617 4966 1914 5044 speculationumqne
