4467 6192
525 612 590 671 264
739 677 743 687 ι
939 601 980 655 De
999 596 1263 668 Gonfigurationibus
1283 598 1460 657 Harmonicis.

525 784 616 845 animi
647 780 804 841 rimutibus
834 777 969 855 praediti.
1014 778 1101 838 Reler
1132 777 1190 837 buc
1211 774 1339 853 reliqua,
1371 797 1455 855 quae
1476 798 1565 859 supra
1592 780 1628 841 de
1649 782 1870 859 physiognomia

526 872 586 944 dixi
610 868 727 945 dicique
750 866 876 943 amplius
897 875 1026 941 possent.
1591 936 1593 940 ,
1732 874 1735 885 ·

613 957 660 1017 De
680 957 777 1032 ¹genio
808 953 924 1016 tutelari
952 960 1100 1013 testantur
1125 951 1225 1011 divina
1241 951 1369 1021 ‚oracula
1394 957 1462 1027 (lob.
1482 956 1525 1013 33.
1540 958 1641 1031 ⁴ltattb.
1661 960 1702 1015 18.
1728 960 1796 1013 Luc.
1816 962 1873 1027 tbi,

526 1044 656 1121 singulis
679 1046 716 1103 iis
744 1042 923 1117 singulorum
950 1041 1101 1101 hominum
1130 1037 1277 1109 custodias
1308 1056 1373 1098 esee
1402 1041 1558 1099 attributas
1590 1040 1749 1118 datamque
1772 1046 1802 1101 et
1823 1042 1874 1099 ad-

526 1134 716 1196 monitionem
740 1138 769 1192 et
791 1131 1033 1190 intercessiones
1051 1127 1088 1185 ad
1112 1125 1240 1185 tribuual
1262 1126 1466 1201 providentiae
1486 1127 1553 1185 Dei.
1595 1126 1711 1188 Nullam
1735 1129 1785 1189 hic
1807 1146 1874 1205 pos·

525 1222 688 1281 sessionem
710 1218 802 1277 habet
822 1225 927 1275 natura
949 1233 1046 1275 rerum
1066 1213 1238 1287 serisilium3
1268 1215 1293 1271 si
1317 1220 1414 1274 tamen
1445 1212 1585 1289 astrologi
1614 1234 1650 1276 ex
1673 1218 1802 1277 themate
1824 1234 1874 1291 ga-

467 1360 472 1372 .
525 1308 685 1369 nethliaco·
703 1306 915 1382 praenunciare
941 1310 1064 1380 possunt
1094 1319 1179 1360 casus
1209 1301 1296 1376 plane
1326 1302 1460 1361 fortuitos
1490 1303 1673 1375 (naturaliter
1701 1300 1874 1383 loquendo),
1971 1330 1972 1333 ¹

526 1398 583 1456 hoc
603 1403 651 1454 est
672 1394 758 1465 tales,
781 1394 830 1467 qui
855 1408 949 1466 neque
973 1409 1010 1453 ex
1032 1388 1117 1449 malis
1140 1388 1267 1447 hominis
1290 1390 1434 1463 moribus„
1458 1407 1493 1447 ex
1517 1394 1698 1464 teneritate,
1713 1410 1749 1451 ex
1773 1394 1875 1450 intern-

525 1484 660 1562 perantia
682 1483 742 1539 irae
772 1478 939 1538 libidinisee
962 1478 1147 1551 acciderunt,
1178 1490 1273 1551 neque
1304 1494 1322 1533 a
1346 1477 1445 1535 vultus
1468 1476 1673 1553 dedignatione
1703 1479 1874 1555 dependent,

526 1588 602 1648 quae
634 1568 693 1627 duo
721 1569 855 1627 fortunae
884 1564 1078 1625 tundamenta
1107 1564 1247 1623 hactenus
1272 1563 1419 1641 explicata
1440 1573 1523 1635 sunt,
1552 1574 1585 1623 ut
1607 1566 1684 1640 quod
1717 1566 1818 1643 tegulo
1841 1566 1873 1627 de

526 1667 604 1719 tecte
628 1655 750 1732 delapsa
780 1655 845 1712 ierit
874 1662 1122 1728 praetereuntem,
1152 1650 1231 1727 quod
1253 1662 1417 1725 reptantem
1447 1654 1475 1708 in
1498 1650 1581 1711 silvis
1610 1654 1676 1724 ierit
1698 1653 1806 1729 globus
1828 1662 1876 1712 aut

526 1747 647 1820 sagitta
664 1743 840 1819 improvisa,
871 1741 950 1816 quod
981 1744 1065 1799 navis
1097 1728 1230 1799 demersa
1257 1741 1387 1800 miseros.
1404 1746 1536 1799 sectores
1559 1739 1663 1811 mediis
1696 1743 1820 1817 exponit
1849 1743 1875 1798 in

429 1900 434 1905 ,
465 1824 467 1832 ’
526 1832 623 1904 undis,
647 1830 728 1906 quod
751 1829 875 1889 flammis
898 1826 946 1887 lrie
970 1831 1146 1906 interceptus
1169 1828 1371 1901 exstinguitur,
1395 1824 1445 1885 ille
1469 1829 1553 1905 rpioa
1573 1827 1675 1887 domus
1699 1828 1748 1888 rel
1767 1832 1876 1895 rnontis

528 1914 718 1997 opprimitur,
749 1924 779 1976 et
809 1918 838 1972 in
871 1919 1062 1988 censurium,
1094 1914 1173 1991 quod
1203 1916 1382 1988 insperatam
1413 1914 1460 1973 irie
1490 1914 1698 1973 haereditatem
1728 1916 1807 1986 adit,
1831 1916 1877 1973 ille

527 2009 696 2067 tbesamum
725 2004 844 2064 fortuito
874 2005 1001 2076 invenit,
1038 2006 1063 2061 si
1083 2006 1213 2079 ‘inquam
1242 2001 1341 2059 thema
1370 2001 1595 2079 genethliaoum
1615 2005 1746 2062 eontinet
1775 2004 1877 2061 horum

526 2112 648 2155 meum
670 2093 792 2162 indicia,
825 2092 875 2165 qui
898 2076 1044 2166 pertinent
1071 2090 1108 2149 ad
1133 2089 1230 2163 angeli
1259 2089 1388 2149 custodis
1412 2092 1512 2147 munia
1543 2090 1615 2152 eitra
1637 2092 1876 2161 couboversiam,
1971 2164 1972 2171 ἶ

527 2189 646 2259 opertet
676 2190 705 2242 et
735 2180 804 2239 huie
830 2176 981 2262 custodiae
1009 2178 1225 2253 impedimenta
1248 2194 1284 2233 ex
1314 2186 1392 2237 astro
1415 2175 1601 2251 genethliaco
1624 2180 1779 2253 provenire
1808 2196 1877 2253 pro·
1971 2206 1972 2221 ι

527 2271 733 2341 motionesque
757 2266 930 2342 contrarias;
960 2266 1038 2340 qnod
1063 2283 1131 2325 nura
1155 2266 1273 2341 impiam
1296 2266 1472 2325 seutentiam
1495 2266 1523 2320 in
1547 2281 1579 2323 se
1602 2268 1765 2337 contineat,
1797 2264 1878 2323 uide·
1971 2306 1972 2327 i

526 2360 588 2415 rint
607 2354 752 2432 theologi,
774 2353 945 2430 praesertim
970 2355 999 2425 ii,
1024 2356 1075 2428 qui
1097 2369 1203 2428 magno
1220 2366 1339 2411 mimero
1355 2352 1485 2411 scribunt
1499 2366 1621 2427 geneses
1636 2361 1666 2411 et
1681 2354 1876 2429 prognostica

528 2445 744 2520 Experientiam
768 2439 957 2516 eguhabeo,
989 2439 1104 2515 qualem
1129 2440 1223 2499 dicam
1247 2441 1363 2512 nescio,
1396 2438 1519 2499 duorum
1543 2438 1708 2515 lrominum,
1739 2442 1877 2515 quicum

521 2538 628 2601 ¹esseut
649 2532 711 2597 nati
734 2529 788 2586 sub
812 2526 1083 2586 constellationibus
1107 2528 1327 2593 violentissimis
1357 2522 1510 2601 moresque
1533 2538 1722 2600 sequerentur
1751 2545 1810 2586 non
1834 2526 1879 2585 di·
1971 2522 1972 2561 ³

530 2620 627 2690 versi,
640 2617 714 2675 adeo
730 2624 761 2673 ut
777 2614 862 2673 alteri
886 2630 986 2673 cerum
999 2615 1088 2673 ludus
1104 2624 1190 2688 esset,
1213 2612 1291 2675 saltu
1313 2632 1362 2689 per
1378 2614 1548 2693 praecipitia
1563 2614 1629 2671 ierri
1645 2615 1802 2690 medioque
1825 2631 1880 2673 vo-
1971 2612 1972 2649 ³

528 2704 592 2768 latu
614 2704 713 2762 ionem
735 2705 879 2778 arripere,
910 2720 929 2759 a
960 2720 1018 2776 qrro
1046 2704 1077 2761 si.
1095 2704 1274 2772 aberrasset,
1303 2701 1365 2775 jem
1399 2708 1496 2759 actum
1526 2698 1562 2760 de
1591 2700 1654 2776 ejus
1677 2705 1740 2761 rita
1767 2701 1879 2773 luisset,

528 2794 686 2869 perniciem
717 2792 813 2850 meren
843 2789 899 2848 sibi
931 2792 1093 2848 temeritate
1121 2808 1176 2849 sua
1204 2806 1261 2847 non
1294 2791 1482 2852 accersivisse
1512 2790 1675 2863 suritvisi3
1707 2808 1777 2847 nam
1807 2788 1879 2849 alter

529 2891 629 2939 eorum
652 2878 790 2956 fulmine,
821 2875 894 2936 alter
916 2876 1006 2951 glebo
1028 2875 1168 2952 plumbeo
1191 2885 1370 2935 asenatore
1395 2878 1469 2933 ictus
1493 2884 1559 2945 est,
1578 2893 1652 2937 eum
1668 2880 1692 2933 ie
1717 2878 1786 2939 seris
1809 2877 1881 2933 insi-

530 2966 629 3027 diatus
661 2968 728 3025 uisu
757 2972 788 3023 et
816 2964 937 3035 auribus
966 2965 1141 3023 aberrasset.
1192 2964 1254 3031 Nee
1283 2962 1388 3035 rideo,
1417 2964 1467 3037 qui
1497 2960 1610 3021 eoelum
1642 2965 1699 3021 ista
1728 2966 1823 3039 possit
1854 2966 1881 3020 in
1971 2986 1972 3013 ι

529 3055 678 3115 bominem
701 3052 916 3126 citragonios,
940 3050 1020 3125 quod
1044 3059 1154 3125 cetera,
1179 3068 1255 3127 quae
1278 3059 1384 3125 potest,
1408 3052 1506 3109 omnia
1530 3067 1582 3125 per
1604 3050 1729 3111 heminis
1753 3053 1883 3109 animum

529 3158 681 3217 corpusve.
697 3138 816 3220 (quibus
839 3137 878 3196 ad
900 3140 958 3195 ista
982 3138 1063 3197 nulla
1079 3140 1123 3197 vis
1148 3136 1234 3217 inest)
1256 3154 1343 3212 pesse
1361 3137 1592 3213 deprehenditur.
1638 3137 1716 3196 Illud
1738 3138 1809 3199 mibi
1824 3154 1882 3195 neu
1970 3132 1972 3171 ἴ

529 3228 620 3291 semel
650 3227 777 3301 accidit,
806 3224 885 3302 quod
915 3243 981 3283 eum
1012 3225 1063 3283 diu
1091 3226 1272 3301 multamque
1305 3243 1350 3283 nro
1384 3227 1595 3286 excruciassem
1627 3226 1882 3285 commiseratione
1971 3222 1972 3285 i

530 3316 715 3392 quorundam
737 3315 857 3372 fortuito
879 3314 1077 3387 pereuntium,
1101 3316 1150 3389 qui
1174 3314 1244 3371 mihi
1268 3315 1325 3370 visi
1348 3319 1416 3371 sunt
1437 3313 1675 3391 innocentissimi,
1706 3312 1825 3372 tandem
1850 3329 1883 3369 ex
1971 3308 1972 3325 ²

530 3403 587 3467 fide
611 3402 706 3477 dignis
728 3401 852 3470 rescivi,
883 3401 974 3457 uitam
997 3400 1112 3459 illorum
1136 3419 1205 3477 prae
1228 3402 1331 3460 ceteris
1356 3399 1570 3472 talemiuiese,
1599 3417 1659 3475 qua
1678 3400 1767 3459 facile
1789 3400 1884 3459 bouus
1970 3420 1972 3477 g

496 3503 498 3506 ·
530 3489 665 3565 angeles,
688 3497 720 3547 ut
738 3504 813 3563 apes
836 3486 925 3559 sumo,
948 3488 1096 3565 abigatur,
1119 3488 1258 3547 ethome
1282 3489 1376 3563 caeeis
1400 3487 1526 3560 casibus,
1550 3494 1582 3545 ut
1604 3489 1666 3551 sinc
1682 3496 1795 3546 rectore
1819 3504 1884 3545 cur·
1971 3512 1972 3523 ι

533 3594 598 3648 rus,
627 3578 756 3653 permitti
778 3574 887 3647 soleat,
916 3573 998 3634 velut
1028 3578 1230 3652 emancipatus
1259 3576 1398 3650 apatria
1417 3575 1473 3633 Dei
1502 3576 1640 3633 creatoris
1663 3577 1710 3632 sui
1737 3560 1884 3649 potestate

531 3680 646 3738 suoque
678 3663 836 3740 permissus
868 3661 1007 3733 arbitrio,
1037 3664 1095 3721 imo
1125 3661 1270 3739 tyrannidi
1294 3662 1432 3721 Satanae.
1477 3660 1650 3736 Oujesmodi
1679 3662 1796 3736 aliqnid
1817 3680 1885 3719 num

534 3750 689 3811 etiamndo.
705 3751 788 3826 prius
812 3750 916 3823 positia
940 3750 1082 3826 exemplis
1109 3752 1148 3807 sit
1170 3748 1356 3809 statuendum
1388 3747 1488 3823 illique
1519 3766 1605 3821 casus
1633 3752 1743 3809 nemesi
1769 3750 1885 3807 diriuae

533 3837 690 3910 tribuendi,
713 3836 795 3895 solus
820 3838 845 3893 is
867 3837 968 3913 novit,
993 3839 1043 3911 qui
1065 3836 1155 3896 corda
1178 3844 1336 3903 scrutatur,
1367 3838 1417 3912 qui
1440 3838 1542 3895 visitat
1565 3839 1748 3911 iniquitatem
1773 3846 1885 3913 patrum

534 3928 563 3983 io
591 3923 668 3983 filios
695 3927 726 3982 in
754 3917 883 3982 tertiam*
898 3919 928 3984 'et
951 3932 1088 3998 ,quartam
1119 3926 1345 3999 generationem.
1391 3924 1499 3982 Verum
1534 3922 1569 3982 de
1600 3926 1737 3981 omnibus
1769 3925 1886 3984 fortuito

534 4012 724 4090 pereuntibus
747 4011 826 4069 absit
852 4016 885 4068 ut
908 4010 1040 4076 eandem¹
1054 4012 1145 4069 ieram
1165 4013 1352 4071 sententiani.
1399 4009 1456 4069 Sed
1480 4012 1560 4070 ritae
1591 4010 1678 4071 talem
1706 4013 1886 4087 impietatem

459 4101 464 4114 ⁸
534 4099 716 4180 conjectores
740 4116 776 4156 ex
798 4100 885 4155 astris
908 4096 1007 4156 videre
1030 4116 1089 4156 non
1113 4106 1254 4175 possunt,
1285 4116 1339 4159 nec
1362 4100 1438 4159 enirn
1466 4098 1495 4153 in
1520 4098 1595 4157 coeli
1617 4098 1711 4173 figura
1741 4099 1886 4174 descripta
1970 4132 1972 4145 ι

534 4193 603 4252 sunt
625 4183 726 4245 divina
749 4184 860 4244 auxilia
888 4194 989 4243 contra
1011 4204 1118 4261 pravas
1141 4188 1306 4246 aninrorum
1333 4185 1555 4257 inclinationes,
1586 4186 1615 4243 in
1637 4204 1712 4261 quas
1743 4187 1819 4247 coeli
1842 4189 1886 4243 in-

533 4275 630 4334 fluxus
652 4281 720 4349 pest
743 4271 859 4347 lapsum
882 4269 1053 4345 degenerat,
1083 4289 1140 4341 nen
1165 4290 1366 4351 corrumpens,
1395 4272 1448 4331 sed
1478 4281 1643 4347 corruptum
1672 4275 1801 4332 incitans
1822 4274 1886 4331 ani-

535 4378 630 4433 mum,
661 4360 875 4421 multominus
898 4361 927 4415 iu
952 4357 1069 4417 Saturni
1093 4359 1204 4432 livore,
1233 4360 1338 4419 Martis
1360 4360 1466 4423 rubore
1490 4366 1558 4419 sunt
1580 4362 1719 4435 inscripta
1754 4360 1885 4423 velutin

533 4448 879 4527 pandectispoenarum
902 4462 1027 4520 genera,
1059 4450 1187 4521 peccatis
1210 4448 1332 4523 singulis
1364 4446 1472 4507 debita.
1517 4447 1621 4521 ltaque
1651 4465 1727 4507 cum,
1746 4449 1886 4508 connexio

533 4536 677 4596 naturalis
697 4535 802 4593 barum
825 4551 920 4592 rerum
944 4549 1009 4592 cum
1026 4532 1109 4594 coelo
1133 4535 1301 4594 immediata
1324 4534 1405 4592 nulla
1427 4537 1473 4607 sit,
1494 4534 1556 4609 jem
1573 4534 1662 4593 semel
1675 4543 1769 4611 atque
1785 4538 1886 4595 iterum

533 4621 663 4699 per-bes
686 4624 728 4683 20
750 4636 844 4681 annos
868 4618 933 4678 dedi
957 4620 1075 4695 publice
1098 4622 1357 4693 considerandum,
1373 4640 1423 4679 -an
1449 4623 1526 4683 sicut
1554 4622 1723 4697 spirituales
1750 4622 1797 4681 illi
1817 4640 1886 4698 pm·

534 4710 698 4776 vinciurum
720 4708 956 4784 populorumque
971 4708 1120 4783 praesides
1137 4728 1154 4767 a
1169 4709 1320 4784 spiritibus
1338 4708 1557 4769 insidiatoribus
1573 4708 1706 4785 impediri
1723 4727 1758 4769 se
1776 4728 1839 4785 cap.
1858 4712 1885 4769 9.

537 4796 672 4855 Danielis
693 4802 864 4871 queruntur,
887 4798 929 4853 sic
952 4798 1040 4859 etiam
1064 4797 1245 4873 singulorum
1268 4796 1420 4855 liomirrum
1442 4798 1520 4873 genii
1544 4796 1582 4855 ab
1606 4798 1691 4855 astris
1715 4796 1886 4856 naturaliter

508 4919 510 4922 -
538 4882 657 4960 quidem
680 4881 883 4958 impediantur,
907 4900 965 4960 quo
989 4886 1085 4943 nunus
1109 4883 1260 4943 commode
1278 4887 1416 4951 =resistere
1440 4886 1554 4960 possint
1580 4876 1778 4959 potestatibus
1800 4886 1884 4955 assis,

538 4976 678 5047 πανδημει
699 4969 785 5048 nebia
808 4966 1030 5044 insidiantibus,
1059 4970 1170 5048 illaque
1198 4971 1406 5047 impedimenta
1435 4971 1660 5047 praevideantur
1686 4988 1726 5029 ox
1758 4970 1884 5045 tlremate

534 5059 614 5133 uati,
643 5056 723 5141 quod
743 5056 869 5119 tortasse
892 5059 981 5119 etiam
1004 5060 1033 5119 io
1055 5061 1175 5136 genium
1196 5056 1326 5135 influxit,
1356 5075 1414 5119 noo
1437 5061 1533 5118 minus
1565 5076 1652 5135 quam
1680 5060 1711 5120 iu
1735 5060 1880 5121 nascentis
