4467 6192
544 671 607 737 412
862 675 1011 732 Ptolemaei
1029 676 1184 737 Harmonia.
1220 681 1303 737 Liber
1320 683 1367 737 ΙΙΙ.
1387 683 1477 752 caput
1494 684 1565 741 ΧΠ

543 842 743 916 suspicionibus
761 848 956 919 indulgendum
975 854 1149 925 censuissem,
1167 856 1310 911 videbatur
1322 856 1388 913 mni
1405 874 1472 917 saue
1484 854 1641 920 Macrobius
1658 862 1716 934 illa,
1733 881 1806 935 quae
1823 866 1892 921 dicto

542 925 602 981 loco
620 926 705 984 tradit
715 945 839 1001 quaeque
858 947 908 999 ego
927 934 1058 1002 exscripsi
1075 935 1104 989 in
1116 934 1310 990 Ptolemaieum
1328 943 1443 1005 textum,
1460 937 1586 992 hausisse
1598 955 1634 995 ex
1645 942 1801 997 adulterino
1818 949 1894 998 texta

436 1072 444 1088 υ
543 1006 641 1074 capitis
663 1006 746 1075 hujus
767 1009 810 1077 lb,
836 1010 913 1078 quasi
937 1010 981 1064 hic
1004 1012 1210 1083 antiquissimus
1234 1013 1277 1068 sit
1313 1014 1446 1083 Utrinque
1472 1015 1542 1069 enim
1569 1016 1603 1071 dc
1622 1020 1753 1076 maleficia
1777 1022 1894 1091 planetis

542 1086 640 1152 agitur,
659 1087 785 1169 utrinque
803 1104 837 1142 ex
856 1090 983 1145 beneficis
1001 1091 1110 1160 Jupiter
1128 1091 1193 1162 Soli,
1213 1094 1306 1149 Venus
1318 1096 1413 1150 nanae
1431 1096 1525 1165 potius
1543 1096 1653 1153 additur
1670 1116 1721 1168 pro
1741 1102 1844 1165 amiam
1862 1114 1896 1155 ea

542 1163 672 1219 maleficis
691 1180 754 1220 vero
774 1166 906 1223 Satumus
920 1168 985 1237 Soli,
1003 1170 1078 1225 Mars
1090 1172 1187 1227 Lunae
1204 1174 1363 1229 familiarior
1379 1174 1547 1244 perhibetur.
1572 1176 1678 1248 Itaque,
1696 1178 1720 1232 si
1739 1179 1896 1235 Macrobius

543 1241 617 1331 hunc
635 1242 814 1300 adulterinum
833 1255 938 1302 textum
957 1250 1052 1305 habuit
1064 1250 1090 1306 in
1104 1252 1202 1321 animo,
1220 1261 1331 1323 oportet
1349 1260 1388 1322 ut,
1407 1269 1477 1323 quac
1489 1254 1549 1322 ipse
1561 1254 1673 1325 addidit,
1692 1272 1749 1311 non
1767 1261 1898 1313 contenta

542 1336 570 1373 rn
587 1320 635 1376 rllo
652 1329 730 1378 textu
749 1324 909 1396 adulterino,
929 1344 966 1383 sc.
980 1329 1145 1387 denumeris
1157 1332 1306 1401 jugalibus,
1325 1334 1353 1388 in
1371 1334 1470 1403 quibas
1489 1335 1588 1389 harum
1604 1350 1694 1391 rerum
1713 1352 1819 1392 ausae
1836 1352 1897 1390 aaa·

542 1400 689 1471 timeantur,
709 1404 784 1471 haee,
802 1406 926 1475 inquam,
945 1406 1101 1465 Macrobius
1120 1427 1154 1466 ex
1174 1422 1272 1483 suopte
1290 1414 1415 1480 cerebro,
1435 1422 1566 1483 tanquam
1580 1415 1682 1483 jurans
1698 1414 1897 1481 Mamaeum,

462 1558 469 1567 .
543 1476 680 1534 addiderit
698 1491 814 1551 oportet.
851 1488 886 1539 at
904 1487 969 1556 quia
987 1498 1041 1541 tam
1060 1490 1134 1546 clarc
1152 1490 1274 1560 loquitur
1290 1492 1454 1558 Macrobius,
1473 1510 1504 1547 se
1522 1510 1592 1562 quae
1609 1494 1701 1549 tradat
1720 1494 1798 1563 apud
1817 1506 1896 1547 nuum

542 1558 652 1613 omnino
670 1561 856 1619 Ptolemaeum
876 1567 1020 1635 reperisse:
1044 1568 1106 1622 nolo
1125 1569 1209 1637 igitur
1225 1570 1368 1639 indulgere
1386 1573 1541 1641 suspicioni,
1560 1575 1625 1643 qnin
1643 1575 1737 1642 potius
1754 1572 1792 1626 do
1812 1572 1896 1626 conai-

544 1637 692 1695 derandum
711 1642 819 1711 lectori,
846 1662 910 1699 num
928 1646 1045 1703 fortasse
1063 1648 1195 1703 Macrobii
1218 1657 1307 1703 aetate
1325 1659 1409 1719 caput
1426 1651 1480 1706 hoc
1497 1650 1525 1706 in
1544 1653 1694 1708 Ptolemaei
1713 1668 1801 1721 opere
1818 1652 1897 1707 mern

543 1719 649 1773 auctius
668 1729 697 1775 et
714 1724 862 1778 correctius
881 1725 1016 1794 planeque
1033 1727 1181 1795 integram,
1204 1734 1236 1781 ut
1253 1729 1305 1798 ita,
1331 1744 1400 1798 quae
1418 1729 1463 1786 hic
1490 1746 1523 1785 ex
1542 1732 1682 1787 Macrobio
1699 1730 1851 1801 exscripsi,
1867 1746 1896 1784 ea

542 1810 605 1849 vere
623 1796 724 1853 iruerint
737 1818 800 1870 pars
813 1805 919 1874 capitis,
939 1805 1062 1874 pluribus
1075 1807 1184 1877 quidem
1203 1808 1292 1863 verbis
1304 1814 1333 1863 et
1343 1818 1515 1865 numerorum
1529 1811 1739 1881 allegationibus
1753 1811 1897 1881 explicata

611 1877 673 1931 Non
692 1881 769 1948 potui
787 1886 878 1937 tamen
895 1884 1038 1953 ipsissimis
1056 1887 1159 1954 ubique
1176 1889 1267 1943 verbis
1280 1887 1414 1943 Macrobii
1425 1890 1558 1946 insistere.
1587 1892 1649 1947 Nou
1667 1897 1727 1947 erat
1744 1890 1820 1945 enirn
1836 1890 1897 1943 nni

543 1954 698 2026 verisimile,
716 1960 901 2016 Ptolemaeum
919 1963 972 2035 hic,
991 1966 1069 2034 quasi
1082 1967 1299 2037 noroprincipio
1311 1978 1399 2037 usum,
1418 1968 1492 2037 loqui
1511 1972 1545 2026 de
1563 1972 1684 2027 numeris
1697 1971 1850 2039 jugalibus,
1866 1988 1896 2027 er

543 2035 642 2102 quibus
660 2038 817 2096 harmoniae
835 2057 889 2097 non
907 2053 1008 2113 essent,
1027 2052 1058 2101 ut
1070 2062 1103 2100 ex
1117 2044 1165 2115 273
1183 2046 1232 2101 aed
1251 2046 1290 2100 sie
1301 2046 1356 2101 ieci
1367 2047 1552 2111 Ptolemaeum
1570 2060 1724 2120 temperare
1742 2051 1896 2110 ommonem.

545 2119 575 2165 ut
593 2112 665 2169 hunc
682 2117 728 2171 ille
753 2136 905 2177 samonem
926 2138 988 2178 cum
1010 2124 1211 2180 harmoniarum
1235 2133 1297 2180 ortu
1316 2134 1505 2201 connecteret,
1527 2136 1612 2199 utque
1635 2144 1690 2189 nnn
1713 2129 1845 2196 alligarer
1864 2128 1895 2182 ad

544 2192 617 2248 solas
636 2195 685 2251 has
704 2201 909 2267 proportiones:
938 2203 970 2270 Ἀ
989 2209 1018 2258 et
1035 2204 1068 2272 ’sp
1088 2211 1116 2257 et
1134 2207 1167 2272 Ὗ,
1186 2212 1214 2260 et
1237 2209 1266 2273 ν,
1288 2212 1316 2258 et
1339 2205 1368 2272 'ie
1388 2212 1416 2258 et
1436 2204 1481 2276 ¹5⁴²
1507 2207 1572 2276 quia
1590 2207 1614 2262 ai
1637 2207 1682 2262 his
1700 2206 1769 2263 solia
1788 2206 1895 2263 inissem

543 2270 706 2344 adstrictus,
736 2293 789 2332 non
814 2280 964 2347 potuissem
981 2282 1158 2351 probationes
1175 2284 1288 2337 idoneas
1309 2298 1343 2337 ex
1361 2300 1420 2352 cap.
1444 2286 1482 2339 tb.
1502 2286 1602 2354 petitas
1626 2286 1790 2350 (secundnm
1808 2302 1896 2341 mauu·

544 2347 699 2407 ductionem
717 2356 858 2426 Macrobii)
876 2360 973 2416 afferre
991 2360 1026 2416 ad
1045 2378 1085 2429 ea,
1104 2378 1175 2433 quac
1193 2362 1349 2417 Macrobius
1367 2379 1385 2417 a
1401 2362 1559 2418 Ptolemaeo
1578 2366 1695 2433 probata
1711 2365 1760 2420 ait.

565 2505 571 2517 .
631 2432 735 2490 Eadem
754 2444 817 2492 tene
836 2438 870 2494 de
888 2440 997 2494 vocibus
1017 2441 1181 2510 «potiores»,
1201 2440 1352 2511 «viliores»,
1372 2456 1443 2495 ame
1455 2442 1593 2511 adhibitis,
1613 2460 1662 2512 pro
1681 2443 1784 2513 quibus
1797 2444 1895 2497 Mamm

544 2504 606 2562 brus
624 2513 710 2568 autur
727 2514 768 2570 his
787 2517 911 2573 vocibus:
933 2524 1067 2591 «omnes»,
1088 2520 1222 2589 ‹plnreaa
1249 2520 1319 2574 Nam
1338 2535 1433 2574 omues
1447 2520 1505 2587 J'am
1524 2520 1605 2575 m'odo
1622 2536 1770 2591 expressas
1789 2536 1896 2589 proper·

544 2590 721 2726 ιίοιιῑειίιιιετ
737 2594 814 2652 Joris
836 2606 864 2653 et
882 2597 954 2653 Solis
981 2604 1071 2653 motus
1097 2614 1148 2668 ego
1175 2614 1347 2670 nequaquam
1371 2600 1469 2654 docere
1493 2614 1613 2668 possum.
1651 2599 1755 2655 Tentat
1772 2600 1803 2656 id
1820 2600 1893 2665 diua

545 2685 587 2723 me
618 2673 718 2729 ciclcr.

631 2751 674 2807 Ne
692 2762 755 2809 vero
774 2764 916 2827 exspectet
934 2775 951 2814 a
968 2774 1010 2815 me
1028 2759 1123 2828 lector,
1143 2767 1174 2814 ut
1186 2758 1385 2816 familiaritates
1403 2758 1574 2830 planetarum
1594 2774 1628 2812 ex
1645 2772 1706 2813 mea
1723 2758 1813 2828 ipsine
1831 2756 1893 2811 llar-

545 2836 634 2890 monia
652 2834 764 2891 coelesti
782 2836 897 2891 tradam
927 2840 997 2893 Nam
1016 2838 1186 2894 considerari
1205 2854 1256 2907 ego
1274 2855 1353 2893 veros
1371 2840 1470 2907 motu's,
1488 2846 1519 2896 ut
1537 2838 1556 2892 ii
1574 2854 1608 2892 ex
1626 2838 1691 2893 Sole
1708 2845 1852 2908 appareat
1868 2846 1894 2890 at

545 2914 703 2984 astrologia,
728 2914 806 2985 cujus
824 2932 888 2985 pars
907 2916 1113 2987 (familiaritates
1133 2918 1314 2988 planetarum)
1337 2918 1493 2974 considerat
1513 2916 1650 2987 planetas,
1676 2922 1707 2971 ut
1728 2916 1749 2971 ii
1766 2924 1895 2987 apparent

545 2996 732 3064 spectantibus
753 3011 787 3050 ex
806 2997 899 3066 Terra,
919 3014 989 3067 qnae
1007 2996 1072 3053 mihi
1091 3006 1134 3051 eet
1151 2996 1213 3066 ipsa
1230 2997 1301 3052 inter
1319 2998 1443 3067 planetas
1462 3011 1533 3052 unus
1551 3012 1566 3051 e
1584 3010 1698 3051 numero

537 3076 541 3089 '
632 3074 739 3145 Siquis
758 3092 822 3132 vero
841 3094 927 3133 meam
946 3076 1027 3139 etiam
1046 3075 1208 3131 sententiam
1231 3076 1272 3129 de*
1289 3077 1462 3133 distinctione
1486 3076 1655 3146 planetarum
1675 3074 1702 3128 in
1721 3074 1895 3144 qualitatibus

546 3152 690 3219 desiderat,
708 3154 782 3208 illam
800 3155 919 3213 inveniet
937 3157 964 3211 in
983 3155 1076 3210 Tertio
1093 3149 1303 3223 lnterveniente,
1322 3171 1339 3209 a
1357 3168 1469 3212 numero
1486 3156 1528 3213 ³2.
1546 3170 1597 3224 per
1619 3162 1769 3224 sequentes
1788 3152 1895 3223 aliquot

545 3235 655 3290 Summa
673 3234 742 3289 hacc
761 3241 815 3291 est:
836 3236 926 3291 Solia
944 3234 1044 3291 mundo
1058 3234 1170 3305 formae,
1188 3234 1267 3289 huna
1278 3237 1416 3301 materiae,
1436 3234 1539 3291 scilicet
1552 3248 1639 3303 aquae
1656 3234 1792 3289 rationem
1810 3233 1896 3288 habea

546 3312 593 3366 Sol
610 3319 684 3367 totus
703 3314 814 3383 igneus,
839 3315 956 3383 speciem
982 3315 1063 3369 etiam
1085 3315 1292 3370 immateriatam
1315 3314 1413 3370 emittit
1434 3321 1520 3369 totam
1538 3314 1659 3383 igneam,
1681 3313 1710 3367 id
1735 3320 1780 3367 eat
1803 3312 1895 3381 lucem,

545 3392 639 3459 Luna,
657 3396 716 3445 tota
733 3406 821 3461 aquea
838 3394 880 3447 vel
900 3396 991 3463 quasi,
1014 3394 1114 3451 emittit
1132 3396 1214 3449 etiam
1232 3394 1351 3463 speeiem
1367 3394 1583 3460 humectantem,
1606 3406 1694 3461 eaque
1712 3393 1855 3447 humectat
1870 3395 1896 3447 ia

546 3470 638 3525 Terris
656 3470 754 3526 idonea
771 3474 911 3539 subiecta,
936 3479 1004 3542 puta
1026 3472 1144 3527 viventia
1168 3488 1331 3542 quoeunque
1354 3474 1425 3527 ritae
1450 3486 1558 3540 genere.
1594 3468 1629 3524 lsr
1651 3470 1781 3539 planetae
1800 3471 1896 3542 singuli

547 3550 667 3618 singulas
687 3551 779 3619 unicas
797 3550 899 3606 habent
917 3550 1070 3607 facultates,
1107 3550 1240 3607 Planetae
1257 3551 1340 3605 ceteri
1366 3551 1486 3619 qumque
1512 3546 1713 3604 distribuuntur
1730 3550 1760 3604 in
1777 3558 1835 3606 tres
1853 3567 1895 3603 aa·

508 3639 510 3651 ·
545 3629 665 3698 periores
685 3635 712 3681 et
730 3628 799 3683 duos
817 3629 958 3685 inferiores
976 3630 1086 3684 realiter
1104 3638 1132 3684 ct
1150 3630 1205 3685 situ
1227 3629 1417 3699 sphaerarum,
1441 3644 1512 3699 quae
1538 3634 1601 3683 sant
1624 3628 1816 3685 iutemtinetae
1834 3646 1896 3700 qno

546 3706 608 3760 dara
627 3705 709 3761 veluti
727 3706 931 3775 diaphragmate
948 3708 1022 3762 orbis
1040 3708 1140 3778 magni.
1178 3710 1215 3762 At
1232 3708 1261 3762 hi
1278 3725 1391 3764 numero
1409 3708 1495 3775 multi,
1515 3706 1620 3764 scilicet
1638 3709 1767 3778 quinque,
1786 3714 1897 3779 possent

545 3786 617 3841 inter
633 3802 663 3842 se
681 3778 809 3854 distingui
827 3802 877 3858 per
895 3788 1002 3843 easdem
1022 3788 1089 3844 duas
1108 3788 1252 3843 facultates
1271 3787 1431 3843 calfaciendi
1443 3795 1472 3842 et
1487 3788 1680 3842 humectandi:
1699 3790 1823 3858 oportuit
1838 3790 1897 3843 sslas

546 3863 693 3921 combinari
711 3872 739 3920 et
756 3864 783 3919 id
801 3866 829 3919 iu
848 3867 1012 3934 geometrica
1031 3861 1185 3922 differentia
1203 3881 1347 3941 excessus,
1365 3866 1461 3934 medii,
1481 3865 1616 3921 deiectus.
1652 3867 1724 3922 Hinc
1742 3881 1794 3937 pro
1813 3869 1897 3923 tribua

546 3944 731 4015 superioribas
750 3944 875 4002 nascitur
892 3946 1070 4001 contrarietas
1089 3960 1151 4000 cum
1169 3946 1266 4011 medio.
1298 3946 1371 4002 Nam
1396 3944 1424 3999 in
1442 3944 1530 3999 medio
1549 3944 1698 4000 secundnm
1717 3945 1895 4012 altitudinem,

546 4024 651 4078 scilieet
667 4023 696 4077 in
714 4022 790 4089 Jove,
809 4030 851 4079 eat
869 4024 1041 4081 mediocritas
1060 4024 1158 4079 saloma
1177 4031 1204 4080 et
1215 4024 1390 4080 mediocritas
1408 4024 1540 4093 humoris,
1559 4020 1762 4095 temperaturae
1781 4026 1896 4096 optimae

546 4111 574 4160 ot
593 4104 632 4159 sic
650 4102 802 4171 beneficae,
822 4102 849 4157 in
867 4102 957 4158 Marte
975 4102 1106 4160 excessus
1125 4104 1235 4169 caloris,
1254 4102 1379 4159 deiectus
1396 4104 1532 4168 humoris,
1556 4103 1620 4159 hinc
1638 4105 1698 4174 ipse
1716 4104 1853 4174 mnsam,
1869 4105 1897 4159 ia

547 4186 663 4241 Saturno
679 4196 809 4237 excessus
829 4182 950 4236 humoris
969 4192 997 4239 et
1014 4182 1137 4241 deiectus
1155 4182 1254 4258 caloris
1274 4182 1385 4251 (quippe
1403 4183 1463 4250 ipse
1481 4183 1656 4252 longissimus
1674 4199 1692 4236 a
1708 4183 1795 4253 Sole),
1812 4184 1898 4239 idest

547 4264 657 4334 glacies,
675 4262 739 4316 hinc
757 4268 785 4316 et
801 4261 860 4330 ipse
878 4262 1017 4317 maleficus
1036 4269 1063 4319 et
1080 4261 1164 4315 Marti
1182 4261 1342 4315 contrarius.
1365 4260 1419 4325 Pro
1438 4261 1544 4316 dnobus
1563 4276 1627 4315 vero
1645 4260 1820 4318 inferioribus
1836 4279 1897 4317 con

546 4344 673 4399 trarietas
692 4343 750 4395 sinc
767 4342 856 4396 medio
874 4343 1003 4399 constitui
1021 4350 1125 4411 potest:
1153 4348 1183 4395 ut
1206 4341 1233 4395 in
1257 4340 1343 4395 altero
1367 4335 1464 4394 huru‘or
1487 4338 1708 4393 mediocritatem
1720 4350 1848 4411 superet,
1869 4342 1897 4396 in

546 4422 652 4490 reliquo
671 4420 753 4488 calor,
771 4418 864 4473 Venus
883 4436 921 4475 sc.
940 4420 1079 4476 humorem
1099 4420 1209 4476 Saturni
1227 4435 1287 4474 cum
1305 4418 1395 4473 calore
1412 4418 1542 4474 mediocri
1558 4416 1644 4486 Joris,
1662 4420 1826 4491 Mercurius,
1841 4418 1897 4477 son

547 4501 665 4571 propior,
677 4499 824 4553 'humorem
843 4496 1004 4553 mediocrem
1022 4499 1098 4553 loris
1117 4515 1178 4553 cum
1197 4496 1287 4552 calore
1306 4512 1410 4551 summo
1429 4497 1526 4552 Martis
1541 4496 1647 4565 jungat

634 4580 686 4634 llic
701 4572 780 4635 'meua
799 4577 953 4645 setianus,
982 4585 1011 4633 at
1029 4577 1232 4649 metaphysicus
1250 4575 1296 4630 ille
1314 4575 1357 4630 vei
1374 4576 1512 4646 physicus,
1531 4574 1597 4631 nihil
1617 4577 1820 4633 communicans
1836 4592 1898 4631 can

546 4651 695 4715 hemonia
713 4656 899 4727 planetarum:
917 4664 1012 4713 utatur
1029 4657 1077 4729 qui
1094 4658 1177 4723 volet,
1194 4656 1313 4727 corrigat
1330 4664 1395 4709 vero
1414 4654 1460 4725 qui
1478 4660 1576 4725 potest.

737 4798 813 4855 llinis
830 4802 956 4853 notarum
974 4796 1002 4851 in
1020 4796 1119 4851 librum
1136 4796 1184 4850 ill.
1202 4794 1355 4851 Ptolemaei
1372 4800 1401 4850 et
1418 4810 1480 4851 eum
1497 4795 1531 4851 iis
1548 4795 1707 4865 appendicia

961 4876 1100 4944 mnusque
1119 4873 1188 4930 adeo
1199 4873 1297 4944 Operis
1313 4872 1479 4932 harmonici.
