4467 6192
537 727 576 794 68
909 721 1049 795 Epistolee
1067 719 1177 795 Kepleri
1194 724 1362 794 mumurque
1377 727 1486 779 momen

535 907 581 950 ent
597 906 731 964 vocentur,
749 901 883 952 admodum
901 903 1000 964 dubito3
1019 903 1145 952 ordinerin
1161 907 1226 952 certe
1243 903 1305 952 hece
1321 902 1421 952 illorum
1437 903 1537 952 recedo
1550 915 1604 951 non
1620 906 1669 967 est,
1686 905 1717 950 nt
1731 901 1767 950 eit
1782 905 1867 951 extr*

535 971 673 1039 ordinetis,
697 973 773 1032 longe
790 973 936 1034 proiectione
953 979 978 1022 ot
994 974 1099 1022 fortitus
1117 974 1268 1033 oramentis
1293 972 1396 1033 indiget.
1432 971 1517 1033 Quldi
1539 973 1561 1021 ei
1577 973 1679 1034 insuper
1694 973 1825 1022 euoluitur
1842 977 1868 1020 et

534 1042 662 1091 cursiteuo
680 1042 740 1090 heec
756 1043 856 1090 illorum
875 1043 943 1095 ducit
960 1042 1075 1092 edterens
1092 1044 1194 1092 verbum
1212 1044 1338 1109 scripturn,
1356 1042 1462 1092 Ιιιιιιιιι
1478 1055 1511 1090 en
1522 1043 1657 1106 mnitmte,
1675 1042 1739 1090 nihil
1754 1043 1868 1094 interm.

534 1109 603 1172 Quid
620 1115 680 1160 tunc
697 1110 846 1160 dicendum?
882 1113 977 1162 Nonne:
1000 1113 1042 1174 ite,
1061 1115 1103 1179 ite,
1121 1113 1184 1161 lutet
1200 1114 1287 1173 cumis
1304 1113 1332 1160 in
1349 1111 1441 1176 hertei
1475 1111 1621 1172 lindolphus
1637 1111 1669 1162 11
1688 1112 1750 1173 quid
1767 1112 1870 1160 direbet

532 1187 578 1230 ent
595 1180 718 1241 quomodo
735 1183 838 1231 edoctus
853 1187 909 1230 eret
926 1196 984 1244 erge
995 1181 1115 1249 Crucem,
1134 1180 1282 1244 Golumbes,
1301 1182 1396 1245 Oleum,
1413 1181 1605 1246 memnones,
1624 1179 1693 1230 coelo
1705 1183 1869 1243 trmucripte

488 1273 493 1282 ·
532 1263 577 1311 per
594 1250 736 1313 Hispenoei
771 1250 845 1300 Tum:
863 1254 951 1301 rustici
966 1265 1049 1302 nonne
1066 1253 1161 1302 hebent
1176 1255 1203 1300 in
1220 1252 1313 1314 Pegeso
1331 1256 1357 1300 st
1367 1251 1492 1314 Delplrino
1510 1262 1579 1300 suem
1596 1256 1622 1300 et
1638 1254 1758 1314 mojorem
1776 1257 1803 1300 et
1819 1252 1869 1299 mi·

532 1333 617 1370 norem
635 1323 762 1370 crucemi.
781 1321 836 1370 lion
853 1323 928 1383 igitur
945 1322 1006 1370 mihi
1024 1327 1074 1370 mm
1092 1323 1140 1372 hoc
1156 1328 1227 1371 tunm
1243 1322 1359 1371 mirabile
1375 1321 1486 1384 videtur,
1503 1326 1548 1370 ent
1565 1319 1672 1371 edonem
1690 1326 1716 1371 et
1731 1323 1806 1382 longe
1822 1334 1869 1383 pe-

533 1390 615 1450 titum,
632 1404 706 1451 quern
724 1390 791 1450 quod
808 1391 834 1440 in
853 1393 957 1454 physice
974 1397 1019 1440 tue
1035 1389 1137 1441 coelesti
1154 1393 1323 1455 protoplastus
1341 1404 1397 1440 cum
1415 1392 1467 1440 suis
1483 1391 1574 1447 lluris.
1591 1392 1644 1441 eive
1660 1393 1693 1441 eb
1710 1391 1797 1441 inieris
1815 1392 1870 1452 eise

533 1460 627 1521 superis
645 1458 736 1525 (joceri
752 1458 837 1526 lioeet)
855 1462 1022 1522 excitetosln
1039 1475 1139 1510 coenem
1156 1467 1182 1510 et
1198 1463 1324 1524 pulverem
1340 1462 1515 1523 geometdenm
1532 1461 1664 1524 producet,
1689 1468 1720 1510 ιιι
1734 1463 1788 1510 sint
1802 1462 1869 1510 ime·

533 1531 606 1590 pines
623 1536 719 1580 tuorum
735 1531 946 1593 primiceriorum
964 1536 989 1579 et
1004 1533 1199 1592 postgeniternm
1215 1533 1346 1592 iignrernm
1363 1537 1388 1579 et
1404 1531 1536 1580 ostendent
1550 1545 1636 1580 eurum
1653 1531 1810 1582 Mustium.

616 1600 673 1648 lem
686 1599 808 1658 ,muretus
831 1603 990 1666 quaestiones
1016 1602 1088 1650 effert
1110 1601 1141 1650 de
1160 1603 1290 1664 ,Epitome
1309 1604 1375 1652 dett.
1393 1600 1469 1664 Oop.“
1495 1599 1536 1665 (de
1553 1602 1758 1663 proportionibus
1775 1601 1870 1664 liepler

532 1669 638 1734 dubitet)
657 1670 745 1719 deinde
762 1672 798 1720 sio
815 1671 905 1732 pergit:
932 1673 1014 1720 Anien
1029 1685 1068 1720 rne
1091 1672 1280 1736 inexeroitstum
1297 1671 1393 1722 fitetur
1408 1672 1458 1721 tibi
1474 1671 1501 1718 in
1518 1675 1571 1719 erte
1588 1673 1696 1738 moda,
1727 1672 1874 1734 preesertlm

530 1737 613 1788 sooeli
629 1744 654 1788 et
670 1741 782 1788 terminis
799 1741 866 1790 ortis.
900 1741 969 1800 Rogo
987 1755 1055 1802 ergo,
1073 1741 1194 1802 numquid
1210 1754 1262 1790 non
1278 1745 1325 1790 tue
1343 1741 1447 1804 physice
1466 1740 1580 1789 coelestis
1599 1742 1673 1790 etiem
1690 1742 1743 1790 elne
1761 1741 1801 1791 lde
1821 1746 1873 1790 tet·

530 1810 605 1861 minis
622 1815 647 1858 et
664 1811 735 1870 presi
754 1809 858 1859 mnendi
880 1811 986 1870 intelligi
1004 1818 1079 1871 qneet
1100 1816 1144 1860 ent
1160 1812 1248 1860 sutem
1268 1825 1300 1860 ex
1316 1812 1484 1861 instrumento
1507 1811 1614 1875 musico,
1642 1811 1709 1871 qnod
1726 1812 1763 1860 ite
1780 1811 1875 1860 dieitur

531 1874 582 1929 κατ’
600 1877 695 1946 cloppe,
715 1883 784 1940 cujus
803 1881 918 1940 pulsandi
936 1880 1116 1940 quodemmodo
1136 1884 1311 1947 sumxgrrernei
1342 1880 1417 1942 Quod
1435 1882 1456 1930 si
1468 1881 1513 1945 sic,
1530 1880 1649 1940 equulern
1663 1882 1804 1944 reperieris
1834 1880 1873 1930 De

530 1955 642 2010 epotome
660 1963 771 2013 qnoque,
797 1949 914 2004 binomils
933 1957 977 1998 eto.
996 1957 1108 2012 optsrem
1124 1953 1187 2000 mihi
1204 1952 1298 2000 clerum
1324 1957 1349 2000 et
1366 1953 1518 2000 suodnotum
1536 1954 1678 2018 trsetstnm,
1704 1952 1749 2012 qni
1766 1949 1871 2000 rutuli-

529 2023 592 2068 tetss
609 2017 666 2070 illes
685 2018 861 2068 demonstreret
877 2019 904 2068 in
921 2021 994 2072 rebus
1012 2018 1181 2083 sensibilibus,
1198 2035 1214 2069 e
1231 2022 1322 2082 quibus
1340 2021 1488 2082 plerumque
1507 2019 1584 2068 ordiri
1595 2021 1664 2069 soleo
1680 2035 1792 2088 mennm
1811 2035 1873 2071 oon·

529 2089 716 2150 templetionum
733 2089 817 2136 telem.
851 2089 1003 2155 Dibnedius,
1022 2089 1122 2140 Clusius
1139 2097 1164 2140 et
1181 2092 1257 2141 ceteri
1275 2095 1481 2140 commentetores
1497 2104 1547 2139 non
1565 2091 1674 2152 sepiunt

614 2158 663 2208 Sed
681 2158 740 2207 estis
758 2159 953 2218 qneeen'oneriee
971 2161 1101 2223 eplstnleep
1127 2160 1199 2210 credo
1216 2166 1254 2220 te,
1277 2160 1323 2210 Vir
1339 2160 1564 2225 excellentissime,
1589 2163 1641 2221 tem
1658 2162 1785 2223 poenitere
1802 2174 1863 2224 pro·

482 2247 484 2252 v
529 2229 665 2276 coertionis
692 2233 717 2275 et
742 2229 863 2288 requirere
889 2230 1023 2279 insnmtum
1048 2232 1075 2278 in
1099 2230 1270 2292 percurrendis
1296 2232 1369 2291 nugis
1396 2232 1459 2279 meis
1483 2236 1589 2290 tempus.
1624 2228 1751 2291 ὓοειιιιιι
1774 2238 1867 2297 snum,

528 2299 623 2348 solenti
639 2299 756 2358 injurium
772 2311 822 2347 non
839 2300 893 2348 deri
910 2304 935 2347 et
951 2302 999 2349 lnoc
1015 2301 1094 2360 meeis
1113 2301 1213 2350 solium
1229 2306 1298 2351 tuem
1316 2300 1495 2361 benignitetem
1512 2300 1539 2347 in
1556 2313 1596 2349 me
1618 2301 1749 2365 usurpetis
1767 2314 1870 2363 qnoque

528 2373 554 2416 et
570 2367 697 2428 hucusque
714 2369 827 2428 ignotum
844 2370 892 2418 tibi
910 2371 1008 2419 unuin
1032 2375 1057 2419 et
1073 2370 1195 2419 donorum
1221 2375 1320 2420 tuorum
1347 2370 1470 2419 divinitus
1499 2382 1669 2418 concessorum
1694 2370 1870 2420 edmmnorem

528 2442 555 2487 et
571 2450 728 2502 proedonem,
753 2443 885 2500 postquem
903 2441 1005 2501 propius
1022 2441 1146 2505 innotuit,
1163 2440 1278 2500 cupidine
1295 2438 1463 2506 empleetsris,
1483 2438 1549 2500 qnod
1566 2444 1595 2487 nt
1611 2441 1700 2506 incise,
1717 2443 1766 2491 etsi
1783 2447 1828 2490 tue
1845 2448 1871 2490 te

527 2507 668 2568 humanitus
686 2503 765 2568 rdgeri
782 2521 834 2557 non
851 2515 984 2572 exspectat,
1003 2515 1042 2559 set
1059 2511 1119 2575 scio,
1136 2523 1195 2571 rogo
1205 2517 1303 2575 temen,
1321 2515 1351 2559 nt
1367 2523 1414 2573 per
1431 2515 1475 2569 est,
1494 2514 1520 2559 et
1536 2510 1574 2558 ric
1587 2511 1672 2559 missit
1682 2511 1753 2571 logis,
1764 2511 1870 2577 nitedu-

528 2578 597 2625 ribus
620 2579 645 2628 t'c
668 2578 749 2628 velere
768 2579 845 2640 jubeo
867 2577 907 2630 itte
930 2595 1032 2644 μακρον
1059 2584 1083 2629 et
1100 2592 1226 2642 superesse
1248 2580 1287 2630 hie
1306 2581 1388 2628 ordini
1410 2587 1493 2628 nostro
1515 2580 1681 2640 inluniseimis
1703 2583 1869 2643 temporibus.

528 2645 667 2696 eene-vele
685 2653 710 2694 et
727 2646 795 2697 selue
812 2662 828 2697 e
845 2647 938 2698 cultore
955 2651 992 2698 tui
1010 2650 1126 2711 nominis,
1144 2649 1256 2699 lidllero.
1291 2650 1393 2712 Lipelee
1409 2649 1433 2699 d
1451 2645 1476 2701 3.
1493 2650 1558 2709 eng.
1577 2645 1653 2700 1622Ί
1687 2670 1691 2681 ¹

613 2725 733 2775 Adnue
754 2727 1065 2790 responditKeplerus:
1093 2719 1124 2780 S.
1154 2719 1188 2780 Ρ.
1211 2720 1250 2779 D.
1298 2719 1465 2781 Clarissimo
1486 2718 1555 2778 Virl
1597 2718 1671 2780 Jdvi
1692 2719 1798 2780 Phidlti
1828 2717 1869 2804 (

529 2803 707 2866 cinstunos
727 2806 818 2881 decet,
846 2806 971 2885 incendo
994 2815 1104 2868 veteres
1124 2803 1246 2890 imiteri)
1267 2807 1375 2868 bovem
1398 2809 1500 2884 opinor
1514 2805 1663 2883 debemus,
1686 2811 1737 2886 qni
1756 2824 1869 2887 pronu-¹

529 2893 599 2952 bum
618 2891 805 2956 conciliandis
826 2887 932 2977 nostr‘is
954 2895 1100 2956 umoribus
1122 2896 1201 2955 necti
1222 2912 1323 2956 eumue
1344 2894 1495 2969 sedulum,
1517 2910 1699 2962 communem
1726 2898 1869 2957 enemi-

530 2997 596 3040 oum
616 2979 767 3059 dentulum
790 2989 843 3056 (etr.
860 2991 892 3038 ii
914 3005 939 3053 p.
957 2986 1034 3056 481),
1067 2983 1150 3060 cujus
1180 2998 1269 3058 opere
1291 3001 1342 3059 per
1367 2982 1441 3042 hoec
1470 2984 1550 3042 iosie
1576 2991 1608 3042 et
1625 2982 1758 3045 dmolete
1785 2991 1869 3044 tuem

529 3075 626 3132 umen
659 3070 815 3145 epistolem
843 3072 938 3146 recepi
968 3071 1017 3130 13.
1047 3069 1233 3146 Septembris
1277 3069 1316 3129 Iit
1347 3073 1417 3147 quie
1448 3077 1476 3128 te
1509 3069 1682 3147 discipulum
1713 3070 1868 3149 profiteris,

529 3155 666 3233 incipiam
696 3175 715 3217 e
737 3159 921 3218 correctione.
966 3155 1126 3217 Dimidium
1149 3155 1290 3234 epistolae
1318 3163 1386 3218 tuee
1409 3157 1483 3216 bene
1505 3155 1611 3234 longae
1636 3157 1750 3223 duobus
1770 3159 1868 3234 lineis,

529 3250 683 3320 utrumque
712 3261 754 3315 se,
783 3246 934 3323 peginam,
969 3243 1062 3304 deleo.
1112 3243 1248 3305 Nondum
1276 3243 1323 3304 me
1350 3245 1442 3319 noeti,
1479 3244 1505 3302 ei
1534 3243 1598 3305 hoo.
1617 3245 1747 3308 nondum
1777 3248 1870 3325 cupis,

528 3328 568 3388 ed
601 3331 817 3392 simulationem
846 3349 892 3392 me
924 3331 1242 3408 dissimulationemque
1272 3332 1381 3391 demum
1412 3347 1475 3391 esse
1501 3333 1628 3393 minime.
1676 3333 1743 3393 Non
1777 3333 1871 3394 diesi·

529 3415 624 3493 mulo,
655 3434 701 3477 me
728 3427 913 3480 consecutum
944 3436 1007 3479 esse
1036 3420 1077 3478 20
1100 3435 1240 3480 ennorum
1267 3420 1473 3480 exercitetione
1501 3420 1652 3495 continue,
1687 3418 1766 3497 qnod
1787 3419 1870 3481 houd

530 3502 615 3568 lec-ile
643 3506 797 3581 qnisquam
823 3505 898 3566 elius
928 3509 957 3594 in
983 3505 1048 3566 'iroc
1074 3523 1178 3584 genere
1207 3508 1346 3584 consequi
1374 3507 1484 3586 poseit;
1514 3523 1609 3584 neque
1636 3515 1734 3568 nmen
1762 3514 1794 3570 te
1825 3512 1870 3568 si·

529 3587 647 3650 mulctis
677 3593 774 3653 verbis
801 3591 936 3654 idoneum
968 3594 1176 3670 pronunciari,
1210 3593 1293 3669 cnjus
1322 3591 1542 3654 oon'rereetione
1579 3596 1609 3653 in
1637 3597 1765 3657 meteriis
1795 3613 1870 3656 oon-

530 3675 639 3740 finibus'
658 3679 732 3739 inter
753 3681 974 3741 methemeticcn
1006 3689 1034 3742 et
1056 3682 1302 3760 meteplryeicem‚
1332 3681 1438 3760 quibus
1464 3683 1623 3759 impensius
1651 3698 1707 3758 epo
1729 3681 1867 3758 delector,

532 3781 620 3841 quem
641 3768 712 3844 ipsis
735 3768 888 3829 obstructis
916 3767 1155 3842 methemetibns,
1178 3767 1311 3845 adeoque
1333 3770 1414 3827 etin
1434 3784 1467 3828 re
1488 3785 1555 3828 mee
1575 3772 1691 3856 proprie
1720 3769 1782 3830 illic
1803 3787 1869 3830 me-

530 3851 587 3914 lius
609 3853 770 3930 sentiendo,
793 3855 841 3915 hic
864 3855 1044 3916 emendatius
1067 3864 1096 3938 et
1119 3855 1224 3915 clerius
1245 3854 1402 3934 loquendo,
1425 3853 1579 3933 plurimum
1595 3856 1732 3933 prolicere
1747 3861 1867 3936 poesim

531 3939 590 3999 Euo
613 3957 682 4000 vero
704 3945 840 4002 meterius
863 3944 893 4001 in
914 3942 1004 4002 literis
1027 3943 1065 4003 ed
1087 3942 1252 4017 Seueeium,
1276 3934 1393 4023 queste
1415 3942 1521 4018 legisse
1543 3943 1702 4021 profiteris,
1725 3962 1762 4008 ex
1784 3955 1868 4025 perte

534 4029 679 4104 expressi3
710 4032 866 4112 praecipue
888 4039 931 4090 eet
952 4033 982 4087 in
1004 4030 1077 4091 libro
1104 4030 1140 4090 de
1162 4027 1255 4091 stelle
1275 4031 1361 4090 Note
1388 4048 1407 4090 e
1433 4047 1463 4107 p.
1489 4031 1549 4092 129
1571 4033 1602 4090 in
1625 4033 1685 4092 148
1708 4041 1766 4098 (vor.
1783 4043 1817 4093 11.
1841 4030 1867 4105 ρ’.

532 4117 701 4180 roo-rtei
746 4115 829 4176 'lunc
848 4119 979 4195 sequitur
1005 4116 1078 4178 liber
1100 4117 1153 4177 IV.
1177 4117 1374 4178 lie‘rmonices·
1394 4125 1423 4177 et
1450 4117 1570 4177 ultlmee
1595 4121 1808 4196 propositiones
1830 4122 1869 4180 li·

533 4202 578 4261 bri
600 4201 637 4261 V.
660 4219 725 4262 cnm
747 4203 886 4281 Epilogoae
924 4204 999 4265 Nem
1026 4222 1102 4283 queo
1132 4204 1168 4264 de
1189 4208 1312 4265 meterie
1333 4206 1403 4264 novi
1426 4204 1527 4264 sideris
1554 4211 1583 4264 et
1610 4213 1784 4268 cometarum
1807 4212 1868 4269 snio

532 4288 605 4350 locis
629 4289 722 4366 deque
745 4293 840 4351 causis
863 4291 1029 4351 coelestium
1051 4292 1179 4371 physicis
1201 4291 1275 4353 libro
1298 4291 1350 4351 iv.
1373 4291 1520 4368 Epitomee
1543 4289 1706 4371 disputevi,
1738 4313 1774 4356 ee
1796 4296 1869 4356 milri

529 4376 592 4454 jem
613 4379 711 4439 nescio
735 4395 793 4455 quo
815 4387 902 4458 pecto
925 4396 975 4457 prn
998 4379 1072 4440 edeo
1095 4381 1171 4438 tritis
1192 4378 1352 4451 hebentur,
1376 4388 1409 4438 ut
1430 4386 1530 4439 contre
1551 4382 1693 4458 principie
1714 4381 1868 4459 disputen-

532 4472 592 4524 tem
613 4458 709 4524 minus
730 4467 804 4525 forte
826 4465 947 4526 moleste
964 4467 1062 4541 iorem,
1086 4483 1175 4544 quem
1196 4472 1297 4526 contre
1319 4467 1384 4537 iste
1428 4465 1468 4525 lit
1487 4475 1555 4526 sunt
1576 4464 1627 4527 ille
1647 4469 1787 4562 pleneque
1801 4489 1868 4532 me·

533 4553 622 4611 teriee
644 4553 804 4612 rationibus
826 4553 938 4628 eidnie,
968 4555 1039 4614 mihi
1062 4569 1131 4612 vero
1161 4555 1275 4612 enimus
1295 4560 1373 4613 totus
1401 4555 1430 4612 in
1452 4553 1551 4613 formis
1577 4557 1665 4631 inque
1687 4559 1808 4633 enimie,
1836 4561 1867 4617 in

532 4638 596 4714 ipso
619 4638 684 4699 Deo
706 4639 862 4701 architecto
884 4643 997 4722 operis,
1025 4640 1162 4700 lubentiie
1190 4640 1325 4702 omnibus
1355 4642 1562 4717 annuentibus,
1591 4646 1747 4722 exspetlerl
1768 4649 1867 4723 gestit

531 4719 590 4782 Hic
611 4742 666 4800 ego
688 4727 842 4804 plurimum
863 4727 975 4790 leboro.
988 4727 1135 4790 desiderio
1153 4727 1308 4802 lectorum,
1339 4732 1406 4806 qui,
1422 4721 1489 4789 'etsi
1510 4729 1707 4793 mathematici
1728 4748 1787 4793 uon
1808 4736 1869 4793 sint

533 4827 568 4872 ex
591 4812 736 4890 professo,
758 4819 819 4875 vim
841 4825 938 4876 umen
961 4823 1210 4896 argumentorum,
1233 4833 1309 4893 quoe
1331 4834 1368 4876 ex
1388 4815 1615 4878 methemntibus
1635 4820 1724 4895 texui,
1746 4837 1868 4900 persen·

532 4899 654 4972 meunt,
683 4907 712 4958 et
734 4905 784 4978 qui
806 4906 1016 4987 propositiones
1038 4922 1058 4964 e
1079 4918 1124 4964 me
1147 4902 1264 4980 quidem
1292 4906 1437 4983 ee'clpient
1464 4921 1530 4964 mee
1549 4903 1622 4979 fide,
1653 4907 1775 4969 formem
1797 4925 1867 4970 vero

532 4985 721 5049 concludendi
745 4996 773 5047 et
794 5007 891 5050 secum
913 4996 1057 5071 pensitent
1079 4999 1108 5052 et
1129 5009 1242 5054 mecum
1264 4990 1432 5072 disceptent.
1477 4991 1606 5070 Coepisti
1620 4999 1653 5052 ιιι
1674 4994 1792 5073 quidem
1814 4995 1868 5058 de-

531 5074 638 5136 siderio
661 5092 726 5136 meo
747 5077 914 5139 satisfecere
936 5083 966 5138 in
988 5076 1243 5156 condescensione,
1265 5096 1342 5157 qnee
1364 5099 1400 5141 ex
1418 5079 1478 5142 hoc
1498 5096 1604 5157 genere
1626 5088 1685 5160 eet,
1701 5102 1869 5163 ,monesque

531 5163 694 5240 edubriter,
716 5181 752 5224 ne
774 5164 844 5242 qnid
866 5166 965 5226 mmisi
1010 5163 1107 5227 Velde'
1125 5166 1224 5244 eelim,
1247 5168 1390 5248 copiosior
1411 5170 1441 5226 in
1463 5184 1500 5230 es
1520 5168 1632 5230 iuieees
1688 5163 1691 5168 ’
