4467 6192
871 685 1004 744 tuor.
1023 687 1176 758 opertu.
1628 691 1690 756 ese

429 862 695 939 Epiphonoma
717 863 769 926 lh
813 863 930 924 bonnm
944 872 1015 939 erat,
1030 865 1143 926 solidas
1165 864 1274 941 figuras
1296 867 1326 924 ln
1348 868 1450 942 ganan
1471 865 1693 928 intervallorum

342 947 446 1008 cedere
466 952 630 1010 rationibus
653 951 828 1012 harmonicis
849 951 1075 1030 harmoniaeque
1090 954 1225 1015 binorum
1244 953 1372 1030 majores
1392 954 1551 1014 harmoniis
1573 957 1693 1018 anisu-

342 1035 457 1096 eolibus
481 1040 619 1112 omnium,
642 1047 785 1115 qnantum
806 1038 895 1114 boios
917 1050 979 1100 erat
1000 1057 1143 1106 oeceses..

428 1124 559 1185 Pulchro
581 1143 652 1186 casu
674 1127 712 1187 ad
734 1128 890 1205 septenarii
912 1127 1086 1203 quadratam
1108 1131 1150 1189 to
1177 1125 1362 1201 devenimus,
1382 1135 1416 1187 ut
1436 1127 1494 1189 hoc
1508 1128 1600 1190 veluti
1621 1131 1693 1191 aab·

341 1210 445 1272 batum
469 1210 618 1289 quoddam
640 1213 787 1288 emendat,
810 1218 1052 1291 praemississex
1072 1214 1176 1276 solidis
1192 1217 1348 1274 octonariis
1371 1215 1523 1276 effatorum
1547 1217 1583 1276 da
1605 1233 1692 1294 opere
1810 1269 1815 1280 .

342 1299 502 1360 coeloram.
546 1301 652 1362 Merito
676 1305 764 1362 ctiam
786 1302 981 1380 epiphonema
1002 1304 1073 1377 ieci,
1103 1301 1182 1380 quod
1205 1305 1278 1362 inter
1300 1305 1449 1364 axiomata
1470 1306 1617 1381 praemitti
1635 1321 1694 1381 po-

342 1390 414 1446 tuit:
439 1390 511 1464 quia
533 1393 624 1448 ctiam
646 1389 728 1448 liene
747 1389 809 1464 jam
833 1389 987 1452 deiunctae
1010 1408 1100 1467 opera
1129 1392 1283 1450 creationis
1311 1390 1387 1450 uidit
1408 1394 1523 1466 onmia
1547 1409 1627 1468 quoe
1646 1393 1690 1470 se·

342 1482 436 1548 cent,
458 1483 489 1536 et
509 1494 573 1535 ecee
593 1477 793 1536 enatantes
814 1478 904 1538 bona

432 1562 502 1622 Duo
524 1572 594 1623 aunt
615 1564 851 1642 epiphonematis
872 1564 1018 1626 membra:
1041 1567 1167 1641 primum
1182 1562 1218 1624 da
1232 1563 1390 1624 harmoniis
1406 1565 1436 1622 ln
1450 1581 1556 1641 genere
1571 1567 1614 1625 sla
1636 1565 1691 1627 de-

342 1657 533 1711 monstratur.
563 1650 640 1710 Nam
661 1653 712 1711 ubi
735 1650 866 1712 delectus
888 1663 932 1712 est
955 1655 1029 1712 inter
1051 1651 1168 1712 diversa
1189 1669 1222 1712 ee
1244 1660 1346 1714 mntno
1368 1668 1426 1711 oon
1449 1669 1486 1712 ex
1507 1670 1573 1712 asse
1596 1653 1693 1714 tereu-

342 1729 395 1809 tiri,
419 1738 463 1796 ibi
485 1738 675 1814 pracferenda
696 1755 762 1800 essa
784 1743 997 1816 praestantiora
1012 1738 1268 1816 derogationemque
1291 1739 1453 1813 vilioribus,
1475 1747 1616 1815 quantum
1637 1757 1693 1801 ιιι-

327 1840 428 1888 ·oeaee
461 1834 522 1900 eet,
554 1828 620 1903 ipsa
651 1843 708 1886 vox
728 1849 783 1908 son
805 1849 927 1900 acopon,
958 1843 1036 1902 quac
1066 1834 1201 1886 ornatum
1227 1827 1390 1904 significat,
1419 1843 1541 1902 arguere
1568 1824 1692 1887 videtete.

343 1912 440 1987 Atqui
462 1921 572 1988 quanto
596 1916 657 1974 vita
678 1931 815 1993 corpore,
838 1916 930 1976 torma
951 1917 1087 1988 materia,
1110 1921 1193 1974 tanto
1214 1922 1346 1991 praestat
1367 1921 1486 1974 omatus
1507 1913 1693 1976 harmonicus

342 2001 525 2075 geometrico
546 2001 682 2079 simplici
1686 1997 1689 2014 '

433 2085 511 2146 Nam
534 2095 567 2146 nt
587 2091 768 2148 animantum
797 2105 919 2166 corpora
946 2087 1059 2166 perficit
1085 2089 1162 2158 rita,
1196 2088 1267 2164 qnia
1293 2085 1332 2148 ad
1360 2087 1438 2148 hano
1459 2086 1604 2164 agendam
1625 2097 1694 2150 sont

343 2181 437 2234 natae
463 2181 535 2247 (uos
560 2180 668 2236 tre21v.
687 2183 733 2234 tel
751 2178 843 2250 tid),
862 2175 941 2253 quod
963 2193 1001 2236 en
1022 2175 1181 2252 mchetypo
1204 2175 1315 2248 muudi,
1339 2178 1391 2258 qul
1413 2185 1457 2235 eet
1478 2178 1544 2255 ipsa
1566 2179 1694 2237 essentia

344 2260 460 2336 dirius,
480 2265 629 2338 seqnitur,
661 2263 705 2323 sic
726 2264 863 2338 regiones
883 2263 1010 2340 planetis
1032 2263 1188 2322 attributae
1209 2270 1316 2337 motus,
1338 2262 1442 2324 sideris
1470 2280 1616 2340 quamque
1637 2265 1696 2338 aui,

344 2357 494 2426 metatum
526 2352 597 2425 quia
626 2357 659 2408 ut
680 2348 762 2412 etdue
793 2352 906 2410 moveri
927 2359 1041 2429 posset,
1073 2352 1156 2426 regio
1178 2349 1221 2408 illl
1247 2367 1302 2410 sua
1324 2349 1379 2409 tuit
1400 2352 1560 2427 asignato.
1604 2350 1697 2427 Atqui

344 2437 462 2512 figurae
485 2440 614 2513 quinque
635 2436 747 2496 solidae
777 2439 806 2496 vi
830 2440 912 2498 vocis
945 2436 1038 2514 ipsine
1060 2436 1104 2502 ad
1128 2437 1225 2515 spatia
1252 2439 1404 2514 regionum
1432 2440 1577 2514 pertinent
1608 2445 1639 2498 st
1658 2437 1697 2498 ad

345 2523 466 2596 diarum
489 2541 701 2602 corporumque
724 2541 893 2601 nnmerum
920 2523 1090 2592 harmoniae
1122 2541 1193 2585 roro
1216 2523 1253 2584 ad
1275 2533 1381 2586 untes.
1426 2524 1553 2593 Rursum
1577 2532 1609 2586 ut
1630 2541 1696 2584 ma·

345 2615 426 2672 teria
447 2611 554 2672 diffusa
576 2623 673 2672 estet
695 2609 960 2674 indefinitaexee
988 2615 1068 2688 ipsa,
1099 2612 1193 2672 torma
1215 2610 1348 2685 definita,
1380 2614 1464 2672 unita
1486 2621 1516 2672 st
1540 2615 1698 2672 terminans

345 2700 419 2776 ipsa
439 2701 606 2760 materiam:
637 2703 682 2760 sic
704 2703 794 2760 etiam
815 2701 1036 2778 proportionum
1056 2700 1298 2775 geometricamm
1320 2698 1451 2759 infinitae
1473 2708 1555 2767 sunt,
1579 2699 1698 2761 batmo-

345 2788 419 2845 niac
440 2803 564 2865 paucae.
595 2787 656 2845 Etsi
680 2789 756 2847 enim
779 2788 855 2846 inter
869 2789 1062 2864 geometricae
1076 2789 1166 2846 ctiam
1188 2787 1256 2846 certi
1278 2793 1347 2846 eunt
1369 2785 1476 2862 gratim
1499 2786 1698 2846 definitionum

345 2875 617 2953 iormationnmque
639 2883 670 2934 et
690 2877 923 2950 restrictionem,
955 2891 1010 2935 nec
1039 2874 1143 2951 plures*
1166 2875 1258 2934 tribus
1289 2877 1413 2940 existere
1442 2882 1565 2952 possunt
1585 2891 1621 2934 ex
1643 2874 1699 2933 ad·

345 2964 512 3040 scriptione
535 2962 649 3022 orbium
670 2962 709 3024 ad
731 2963 839 3038 ligurus
860 2962 1024 3040 regulares:
1048 2969 1178 3022 attamen
1200 2961 1254 3020 has
1277 2963 1366 3022 etiam
1388 2976 1540 3021 commune
1561 2977 1629 3020 cum
1647 2977 1698 3021 re·
1808 3003 1813 3011 -

344 3047 441 3124 liquis
475 3050 608 3108 omnibus
638 3048 775 3110 accidens
805 3053 952 3126 sequitu,
983 3047 1064 3126 qood
1087 3049 1330 3127 praesupponitur
1358 3047 1484 3107 intinita‘
1503 3049 1699 3126 quuntitetam

345 3139 445 3195 sectio
468 3135 634 3214 possibilie,
656 3155 747 3214 quam
770 3140 859 3200 etiam
879 3145 949 3198 ectu
972 3135 1189 3214 quodammodo
1211 3135 1367 3196 involvunt
1389 3134 1477 3209 illae·
1494 3152 1618 3212 quarum
1638 3143 1700 3196 terr·

345 3225 424 3282 mini
446 3227 611 3286 sontiates
632 3242 665 3284 ee
687 3222 1003 3288 incommensurabiles.
1026 3225 1065 3284 ut
1080 3225 1264 3284 harmonicae
1287 3224 1487 3302 proportiones
1510 3227 1613 3282 omnss'
1632 3230 1701 3282 sunt

347 3310 498 3385 eiiubiloe,
522 3314 651 3372 omniurn
672 3315 786 3373 termini
809 3311 1093 3387 commensurabiles,
1115 3310 1342 3388 iique-desumti
1356 3308 1571 3386 exugurrrun
1593 3309 1700 3388 plura·

346 3417 417 3458 rom
441 3407 521 3458 certa
542 3413 573 3458 et
587 3397 677 3459 hnita
697 3403 804 3478 specie.
849 3400 982 3461 latinitas
1003 3416 1075 3462 roro
1097 3401 1234 3458 teodonis
1256 3399 1425 3471 materiam,
1457 3399 1701 3458 commensuratio

348 3502 426 3546 vero
449 3503 502 3544 eeu
525 3485 682 3549 affabilitas
714 3490 901 3548 terminorum
921 3488 1044 3548 termam
1072 3492 1279 3563 repraesentet
1325 3482 1365 3546 Ut
1386 3486 1473 3562 igitur
1494 3487 1617 3546 materia
1639 3487 1700 3546 ior·

347 3592 445 3645 mum,
468 3581 502 3633 ot
522 3573 594 3634 rude
617 3591 738 3649 ιιιιιιιιι,
758 3575 858 3651 iustae
880 3572 1000 3651 quidem
1021 3575 1210 3650 quantitatis,
1233 3572 1330 3632 ideam
1352 3573 1472 3633 humani
1496 3574 1635 3654 eprpon's,
1658 3573 1702 3634 sic

345 3662 552 3737 geometricae
573 3660 710 3737 ιὶςιιιιιιιι
733 3665 934 3741 proportiones
956 3662 1123 3722 hmmooies
1137 3667 1296 3739 appatuere
1319 3677 1377 3720 nou
1398 3668 1433 3720 ιιι
1452 3659 1566 3736 tingant
1586 3665 1618 3719 st
1638 3659 1701 3720 ior·

345 3757 436 3808 ment
458 3746 541 3821 illas,
573 3747 627 3809 esd
648 3751 718 3826 quia
739 3752 814 3812 haec
835 3752 958 3812 mantia
978 3748 1016 3808 ad
1037 3750 1115 3810 banc
1141 3749 1280 3822 termam,
1310 3748 1384 3809 baec
1406 3749 1470 3808 saxi
1493 3749 1641 3824 quantitas
1663 3745 1702 3806 ad

344 3835 432 3896 hanc
454 3836 588 3911 effigiem,
610 3834 685 3896 haee
705 3840 794 3900 etiam
816 3836 946 3913 figuralis
968 3839 1120 3915 proportio
1139 3835 1178 3910 od
1200 3835 1276 3896 hanc
1297 3835 1478 3896 harmnmam
1501 3833 1626 3910 quadrat
1646 3851 1702 3912 ap-
1784 3825 1791 3841 '

345 3925 428 3997 tius,
460 3932 494 3982 ot
516 3925 603 4000 igitur
625 3923 771 4001 tingantur
791 3927 1008 4001 tormenturque
1031 3923 1173 4001 amplios,
1202 3925 1324 4000 materia
1346 3923 1463 4000 quidem
1486 3940 1505 3981 a
1526 3939 1581 3981 sna
1602 3921 1703 3996 iorma,

344 4028 462 4072 aarum
483 4031 502 4070 a
523 4011 638 4088 coiepte
660 4015 690 4070 iu
719 4015 848 4091 speciem
869 4014 1042 4085 animantia3
1071 4012 1221 4089 proportio
1245 4026 1314 4071 uero
1344 4011 1458 4070 orbium
1487 4007 1653 4087 ugnutm
1683 4027 1704 4068 a

342 4117 418 4172 aua,
441 4099 474 4156 id
496 4108 541 4158 est
562 4100 728 4178 propinque
748 4110 779 4162 et
800 4108 871 4178 apta
892 4099 1053 4163 humonia.
1490 4121 1494 4128 ‚

442 4183 526 4260 Quae
548 4185 606 4245 huc
627 4204 720 4264 usquc
742 4195 811 4248 suot
832 4186 927 4261 dicta,
960 4186 1083 4246 clariora
1105 4184 1176 4245 beot
1198 4201 1234 4244 ox
1256 4182 1380 4244 historia
1401 4199 1531 4244 mearum
1554 4184 1702 4244 incendo-

342 4291 434 4333 num.
480 4273 554 4332 Cum
575 4282 644 4334 aute
666 4277 708 4333 24
730 4292 823 4335 annos
846 4276 875 4334 in
897 4275 973 4334 banc
995 4271 1271 4349 contemplationem
1296 4270 1477 4346 incidissem,
1508 4272 1633 4349 primum
1654 4272 1702 4328 in·

342 4361 485 4438 quisivi,
514 4375 584 4420 nom
612 4361 787 4438 aequalibus
820 4360 996 4424 intervallis.
1013 4362 1053 4422 ab
1080 4361 1207 4420 invicem
1237 4358 1378 4420 distarent
1405 4360 1489 4420 orbae
1517 4357 1702 4435 pinnatarum

341 4447 462 4525 singuli
485 4446 649 4527 (distentu.
665 4451 751 4510 orbae
773 4453 803 4508 in
826 4449 996 4527 (toparcion,
1019 4464 1074 4508 nec
1095 4464 1161 4508 ecee
1182 4455 1286 4508 mutuo
1301 4446 1472 4526 stringnen:
1494 4444 1567 4503 nihil
1590 4443 1701 4504 sedicet

342 4535 506 4615 pulchrius
535 4537 732 4611 agnoscebam
758 4537 948 4614 aequalitatis
977 4537 1101 4596 ratione.
1146 4534 1195 4594 Illi
1217 4551 1287 4595 vero
1316 4542 1405 4612 caput
1433 4540 1463 4593 et
1485 4531 1580 4600 cauda
1601 4529 1701 4592 deestr

341 4624 470 4683 nulltuu
492 4625 569 4683 enim
590 4640 743 4684 numerum
765 4633 874 4686 certum
897 4641 1051 4703 corporum
1071 4622 1241 4695 mobilium,
1275 4621 1385 4680 nullam
1408 4626 1515 4681 aarum
1537 4618 1702 4681 intervallis

341 4714 549 4788 quantitatem
578 4711 738 4789 praebebat
769 4711 844 4775 haec
870 4711 1029 4776 mutmielis
1061 4707 1237 4786 aequalitas.
1281 4708 1419 4784 cogitavi
1441 4707 1529 4782 igitur
1550 4704 1587 4768 dc
1608 4707 1701 4767 iuter·

341 4798 501 4859 vallorum
522 4798 711 4868 similitudine
732 4799 771 4862 ad
793 4800 888 4872 orbes,
911 4798 941 4858 id
963 4805 1009 4858 cet
1030 4796 1066 4856 ds
1087 4797 1283 4873 proportione.
1320 4796 1362 4853 At
1383 4793 1559 4871 sequebatur
1581 4791 1701 4872 querela

341 4885 477 4961 eadem
499 4903 567 4946 nam
590 4889 646 4946 etsi
667 4888 880 4965 proveniebant
901 4885 1019 4962 quidem
1041 4881 1198 4941 intervalla
1225 4882 1406 4942 internubes
1428 4881 1597 4958 inaequalia
1617 4897 1701 4962 saue,

340 4984 379 5034 at
404 4991 464 5034 nec
486 4974 680 5050 inaequaliter
701 4972 879 5052 inaequalia,
903 4979 936 5033 ut
958 4971 1021 5031 volt
1035 4970 1225 5048 dependens,
1247 4983 1301 5028 uec
1323 4969 1471 5046 quantitas
1493 4969 1701 5049 proportionis,

340 5077 406 5123 uec
428 5078 567 5122 numana
589 5062 704 5123 orbium
725 5063 914 5124 elidebatur.
958 5058 1094 5119 Transirl
1125 5055 1163 5116 ad
1185 5054 1293 5133 tigurm
1315 5056 1418 5136 planae
1440 5056 1605 5135 regularem
1637 5056 1699 5117 ior·

401 5169 589 5224 ΜΜΟΜ
602 5170 630 5216 V·
1268 5205 1273 5212 -
1498 5161 1539 5220 nl
