4467 6192
851 646 934 709 tiber
951 642 1000 707 111.
1021 620 1110 721 capel
1122 649 1203 707 'vrit
1637 658 1702 717 aas

345 826 421 896 qnod
441 828 626 885 mensuare
644 823 745 891 aititur,
765 831 854 879 motus
874 824 1007 879 coelestes
1024 824 1176 886 rationibm
1193 825 1357 881 harmonicis
1374 842 1437 884 ease
1447 833 1627 898 comparatos,
1643 836 1703 885 tan-

345 914 404 961 tum
427 906 630 963 memoresne
652 902 738 959 eidem
761 917 856 959 moveo
883 918 966 973 snpm
987 904 1088 967 modis,
1112 905 1213 974 quibus
1229 906 1283 959 boc
1305 904 1364 960 fieri
1382 913 1482 975 potest.
1516 907 1588 962 Nam
1604 908 1634 963 ia
1650 907 1703 963 boc

344 984 458 1053 quidem
477 982 567 1053 capite
588 983 645 1037 sive
663 997 708 1037 res
725 982 797 1037 inter
814 998 844 1035 se
862 991 1043 1051 comparatas,
1061 985 1119 1037 sive
1136 983 1228 1052 priora
1245 983 1301 1037 dno
1318 990 1478 1052 ammenta
1494 986 1703 1055 comparationis

344 1054 514 1113 intueamur.
540 1052 608 1109 nihil
632 1066 698 1107 sane
723 1052 905 1120 inveniemus,
934 1053 1007 1121 qnod
1031 1053 1175 1121 modinum
1198 1070 1287 1109 renum
1311 1061 1436 1109 naturam
1462 1063 1491 1110 et
1507 1057 1703 1113 connexionem

345 1132 421 1187 inter
439 1147 470 1187 se
489 1148 588 1187 causae
606 1140 635 1185 et
653 1129 767 1187 effectas
786 1128 883 1200 sapiat.
919 1130 1038 1189 Primum
1057 1131 1130 1187 enim
1147 1146 1182 1185 ea
1193 1146 1248 1189 uua
1259 1138 1337 1201 parte
1349 1132 1487 1203 sodium,
1505 1146 1537 1191 nt
1552 1137 1576 1191 is
1593 1136 1702 1206 quidem

344 1210 442 1280 incipit
460 1226 478 1266 a
495 1210 550 1266 fixo
568 1209 687 1280 quodam
704 1216 816 1279 puncto,
835 1217 878 1265 est
895 1209 1013 1267 chonlns
1031 1210 1205 1280 imaginarios
1223 1210 1251 1267 in
1269 1212 1388 1280 sphaera
1399 1214 1510 1284 ethu,
1528 1216 1556 1269 in
1574 1233 1628 1285 qno
1640 1216 1702 1285 ipse

345 1286 441 1345 nullus
458 1289 629 1360 planetarum
648 1288 758 1357 incedit,
776 1289 826 1346 sed
845 1290 913 1345 bene
931 1290 982 1347 sub
1001 1306 1035 1345 eo
1053 1306 1146 1345 omnes
1165 1290 1291 1348 incedere
1309 1292 1441 1346 videntur.
1476 1293 1521 1347 Ex
1534 1294 1621 1349 alteru
1638 1309 1702 1353 vero

344 1374 426 1437 parte
444 1376 565 1438 systema
582 1368 732 1438 periectnm
751 1374 794 1423 est
811 1368 883 1423 inter
901 1384 1003 1437 organa
1021 1375 1050 1422 et
1067 1384 1140 1437 pene
1154 1368 1318 1434 nihiluliud,
1336 1386 1417 1439 quam
1434 1372 1590 1441 artisopns
1623 1370 1703 1439 Quod
1783 1397 1789 1405 ·

343 1454 376 1501 ut
393 1456 529 1515 appareat
546 1462 627 1516 qaam
646 1446 699 1501 vim
717 1445 832 1516 habeat,
855 1446 945 1501 notari
963 1446 1057 1515 velim,
1082 1448 1109 1513 in
1134 1463 1163 1503 re
1188 1449 1347 1503 harmonica
1370 1447 1458 1503 multa
1476 1450 1586 1517 quidem
1612 1451 1702 1509 inesse

344 1526 478 1596 mamhra,
496 1526 546 1581 sed
564 1542 619 1581 non
637 1525 728 1581 omnia
746 1524 869 1594 eiusdem
888 1524 1004 1596 ordinis;
1024 1533 1087 1581 sunt
1100 1524 1172 1581 enim
1189 1541 1278 1595 pauca
1294 1525 1386 1596 aliqua
1396 1526 1485 1595 prima
1502 1529 1629 1596 omnique
1641 1546 1702 1599 pro·

343 1602 426 1673 xima,
444 1604 566 1661 sechnds
582 1604 676 1675 primis
694 1611 896 1678 superstructa,
909 1606 992 1659 tertia
1010 1604 1145 1676 secundis,
1167 1612 1265 1673 quarta
1283 1604 1379 1658 tertiis.
1415 1602 1507 1659 Prima
1523 1614 1588 1661 snut
1603 1608 1703 1663 sectio·

344 1696 394 1739 nes
412 1680 588 1739 harmonicae
606 1682 700 1740 ohenli
719 1690 833 1753 septem,
851 1682 904 1738 hae
922 1683 1075 1739 immediate
1094 1699 1130 1739 ex
1146 1682 1208 1751 ipsa
1225 1682 1375 1753 geometria
1392 1682 1484 1737 circuti
1502 1682 1703 1755 immaniusque

343 1760 563 1831 inscriptibilium
590 1760 721 1816 oriuntur.
757 1761 808 1817 His
827 1760 921 1831 igitur,
949 1776 1020 1830 quae
1037 1776 1054 1816 a
1072 1760 1174 1817 circvdo
1193 1761 1382 1828 defluxerunt,
1407 1760 1563 1818 harmonice
1583 1761 1643 1830 jam
1660 1778 1702 1819 se·

342 1838 435 1895 cnudo
453 1840 540 1897 muita
559 1841 664 1909 miscet,
682 1840 748 1908 qnia
764 1839 877 1906 chorda,
897 1841 1013 1909 primum
1031 1839 1184 1907 saneetum
1203 1840 1400 1895 metusarum
1418 1839 1515 1895 chculi
1531 1841 1701 1908 divisionum,

342 1924 386 1973 est
403 1916 479 1974 linea
495 1926 578 1977 reeta
615 1919 660 1975 Fit
678 1919 761 1987 igitur
778 1918 831 1975 hac
848 1919 1027 1987 rectitudine,
1053 1928 1156 1975 utnon
1174 1925 1281 1975 tantum
1306 1918 1411 1976 chorda
1426 1920 1532 1990 integra
1553 1919 1657 1977 derivet
1673 1923 1702 1976 in

344 2009 377 2051 aa
394 1995 542 2061 divisiones
560 1997 656 2055 menti
674 1998 914 2067 demonstrabiles,
939 1998 988 2051 sed
1006 1998 1087 2056 etiam
1106 1997 1244 2065 quaelibet
1261 1998 1385 2066 ejusdem
1402 2000 1486 2054 totius
1504 1998 1623 2055 chordae
1638 2016 1702 2070 pars

345 2076 459 2133 easdem
478 2076 624 2147 divisiones
643 2075 738 2133 ohcnli
756 2077 895 2145 suscipiat.
933 2076 963 2131 ld
983 2092 1046 2143 vero
1069 2076 1097 2131 in
1114 2075 1218 2134 circulo
1235 2092 1290 2131 non
1307 2078 1403 2145 quovis
1420 2075 1501 2132 modo
1525 2076 1585 2131 tisri
1602 2087 1703 2148 potest,

348 2171 405 2210 non
424 2158 507 2223 enim,
525 2157 549 2211 ai
566 2163 641 2211 totns
660 2155 778 2210 οίιοιιίιιι
796 2157 960 2225 geometrice
979 2154 1062 2211 dividi
1079 2162 1172 2225 potest
1189 2156 1217 2208 in
1234 2154 1288 2209 tria
1305 2155 1438 2225 aequalia,
1459 2154 1605 2225 propterei
1621 2158 1703 2213 etim

345 2233 406 2303 eins
431 2236 515 2293 tertia
539 2240 587 2293 ant
613 2234 708 2303 quinta
733 2242 782 2288 sut
807 2234 918 2301 quaevis
945 2248 1010 2305 pars
1033 2232 1156 2291 similiter
1178 2232 1207 2288 in
1225 2233 1279 2287 trin-
1301 2233 1464 2302 peometrice
1487 2233 1570 2290 dividi
1587 2236 1703 2304 ‚poterit

347 2310 442 2369 causa
460 2320 503 2368 est
520 2312 550 2368 in
568 2309 730 2367 excellentia
748 2310 843 2369 cheuli
860 2327 927 2382 prae
945 2312 1017 2367 lines
1034 2320 1116 2368 recta.
1154 2313 1224 2369 Num
1238 2312 1357 2367 enervius
1374 2313 1497 2381 perlecta
1508 2312 1703 2381 figuratusest,

346 2388 452 2459 qnippe
471 2406 488 2445 a
506 2406 536 2467 se
553 2390 613 2460 ipso
633 2388 762 2445 definitus
778 2398 807 2444 et
826 2389 1034 2459 determinatna3
1060 2397 1150 2465 reeta,
1175 2390 1229 2446 etsi
1245 2390 1367 2447 noscitur
1384 2389 1548 2459 figuratione
1564 2391 1703 2449 reamur-

346 2466 403 2538 nis,
422 2484 479 2523 noa
496 2477 587 2525 tamen
605 2466 802 2523 determinatur
819 2469 854 2525 ab
867 2468 919 2524 hae
931 2485 981 2525 sna
992 2467 1163 2538 figuratione,
1182 2469 1245 2538 quis
1255 2485 1306 2539 per
1317 2470 1390 2524 hanc
1402 2468 1512 2525 licetitli
1530 2470 1558 2523 iu
1569 2469 1704 2526 infinitum

345 2560 507 2614 excurrere3
529 2561 598 2616 opns
616 2546 698 2614 igitur
716 2544 799 2601 hahet
817 2548 941 2616 punctis,
960 2546 1072 2605 alterins
1091 2548 1181 2605 lineae
1196 2550 1319 2605 sections
1334 2548 1429 2612 laetis,
1453 2560 1483 2605 nt
1500 2548 1702 2621 determinetur.
1769 2582 1774 2589 -

345 2625 445 2695 itaque
467 2625 535 2681 nihil
557 2632 647 2681 rectae
671 2622 779 2679 decedit
802 2625 836 2680 de
860 2626 979 2683 maeatis
1000 2642 1066 2682 snae
1089 2627 1273 2697 tignran'onia,
1296 2626 1353 2683 sive
1368 2633 1430 2690 tota
1452 2628 1545 2697 aliqua
1561 2626 1703 2698 longitudo

346 2710 487 2772 sumatur,
512 2704 567 2759 sive
587 2718 667 2773 pars,
692 2712 720 2757 at
743 2702 844 2759 circqu
870 2703 941 2773 perit
958 2703 1020 2774 ipsa
1035 2702 1179 2775 figuratio,
1201 2706 1318 2775 primum
1336 2714 1420 2775 atque
1443 2723 1507 2775 pava
1524 2708 1564 2763 illi
1581 2709 1703 2778 eripitur,

346 2780 401 2837 nisi
418 2797 499 2838 meus
517 2781 643 2838 residuus
662 2796 733 2837 nors
751 2779 911 2851 figuratione
935 2780 966 2837 in
982 2780 1112 2839 menium
1134 2784 1264 2839 minorem
1287 2793 1507 2854 contorqueatur.
1543 2788 1640 2856 ltaque
1657 2787 1705 2856 qui

346 2858 387 2915 sic
404 2859 465 2915 vuit
483 2858 604 2915 dividere
622 2860 761 2919 residuum
780 2860 886 2926 uitandi,
910 2861 982 2919 sicut
998 2870 1057 2919 erat
1075 2862 1191 2931 divisas,
1209 2863 1232 2919 is
1250 2879 1305 2919 nou
1324 2880 1417 2931 ιιιιιιιιι,
1435 2865 1484 2919 sed
1501 2864 1571 2923 duos
1589 2866 1705 2924 dromos

347 2936 460 2995 dividet
497 2940 550 3009 Qui
572 2954 636 2995 vero
662 2946 717 2995 mm
746 2949 830 2995 totam
854 2940 984 2997 chordam
1006 2958 1087 3011 quarn
1112 2953 1206 3012 partes
1225 2944 1284 3011 ejus
1311 2943 1406 2999 amem
1423 2944 1528 3011 mione
1546 2942 1653 3012 dividit,
1680 2943 1704 3000 is

346 3034 430 3073 nnam
448 3019 592 3088 uuobnue
618 3028 647 3075 et
665 3018 778 3075 eandem
797 3028 898 3077 rectam
917 3021 1014 3079 dividit
1030 3023 1114 3093 inque
1131 3038 1166 3078 ea
1179 3032 1273 3093 partes
1295 3021 1383 3077 varim
1405 3020 1560 3089 oonsdtnit,
1584 3020 1656 3078 inter
1673 3036 1705 3075 ss

346 3096 562 3167 comparabiles,
588 3106 616 3153 ot
633 3100 673 3153 sic
690 3098 784 3168 plures
803 3100 830 3157 'm
848 3100 896 3155 ills
913 3103 1102 3172 proportiones
1120 3100 1286 3169 accumulat,
1313 3116 1395 3170 quam
1419 3100 1447 3153 in
1465 3098 1565 3155 mento
1588 3105 1705 3167 possunt

346 3174 477 3231 existere.
514 3178 581 3233 Cum
596 3178 678 3247 igitur
697 3178 854 3234 harmonice
873 3195 971 3237 exorsa
989 3200 1006 3238 a
1024 3180 1157 3238 divisione
1173 3180 1268 3237 ciran
1289 3186 1388 3248 pergat
1405 3177 1534 3245 deinceps
1557 3177 1587 3233 iu
1604 3183 1705 3236 mnia·

347 3258 425 3311 tione
443 3264 577 3315 rectarum
596 3257 772 3328 chordarum,
792 3260 928 3330 sequitur,
953 3270 982 3317 nt
998 3262 1080 3331 plura
1094 3262 1152 3329 jam
1169 3263 1198 3317 in
1213 3259 1377 3317 harmonicis
1395 3273 1476 3326 quum
1494 3256 1522 3311 in
1540 3256 1641 3313 emino
1659 3270 1703 3311 ve·

348 3334 424 3389 nient
444 3336 647 3394 consideranda.
683 3338 751 3394 Nam
778 3342 972 3397 consonantiae
995 3341 1113 3399 minores
1137 3357 1219 3411 quam
1239 3339 1389 3410 diapason,
1417 3345 1449 3392 ut
1465 3336 1544 3391 docui
1570 3335 1703 3405 capitati.

346 3412 410 3468 libri
429 3415 482 3471 mei
498 3414 545 3481 lv,
560 3417 617 3484 jam
636 3413 761 3473 oriuntur
778 3434 813 3473 ex
831 3418 880 3473 tuli
898 3421 1100 3490 comparatione
1124 3420 1252 3480 residuae
1268 3420 1354 3490 partis
1373 3422 1452 3487 (quae
1470 3418 1582 3473 semhse
1601 3434 1655 3473 non
1673 3416 1705 3473 bt

348 3494 449 3565 minor)
467 3511 528 3549 cum
547 3502 606 3553 tota
624 3502 751 3566 suntque
768 3496 830 3554 loeo
848 3498 941 3567 tertio;
960 3514 995 3554 ex
1012 3499 1057 3555 his
1070 3514 1140 3555 vero
1156 3498 1339 3555 consonantiis
1359 3496 1507 3554 minoribus
1527 3504 1625 3566 demto
1642 3496 1704 3557 leto

344 3574 404 3643 jam
423 3575 559 3631 minitant
576 3575 719 3633 intervella
735 3576 1001 3646 dissone-concinna,
1020 3579 1078 3633 toni
1094 3593 1133 3633 sc.
1152 3585 1180 3631 et
1198 3576 1356 3644 semitonia,
1377 3591 1427 3645 per
1444 3574 1519 3634 haec.
1530 3577 1624 3645 quinto
1642 3576 1704 3633 loco

347 3652 508 3710 dividuntur
526 3656 718 3718 consonantiis
736 3656 940 3724 sortiunturque
959 3671 1009 3713 sna
1026 3656 1149 3723 nomiuu3
1169 3666 1248 3713 sexto
1265 3673 1304 3711 es
1317 3655 1450 3711 divisione
1467 3654 1553 3724 ipsius
1572 3654 1704 3725 diapason

347 3733 376 3786 in
394 3732 530 3787 concinna
545 3734 680 3796 rmultam
698 3734 820 3791 divense
844 3734 951 3803 species
971 3734 1044 3803 ejus,
1070 3736 1188 3805 septimo
1207 3736 1338 3805 dentone,
1362 3744 1393 3789 ut
1410 3749 1504 3792 omnes
1529 3732 1579 3787 hus
1597 3734 1704 3802 species

346 3814 375 3865 in
393 3828 450 3867 uno
468 3819 615 3881 systemate
633 3813 768 3883 speculari
786 3814 935 3883 possimus,
968 3815 1157 3885 componimus
1181 3817 1236 3871 duo
1254 3816 1385 3885 diapason
1407 3813 1435 3867 in
1453 3829 1536 3871 unam
1553 3812 1704 3881 pessum

346 3898 477 3963 systema,
494 3890 523 3946 id
539 3898 630 3949 tamen
649 3894 734 3964 magis
753 3894 899 3951 arbitraria
916 3895 1029 3963 radone,
1048 3910 1130 3965 quam
1142 3896 1316 3962 necessitate;
1336 3909 1478 3962 possemus
1495 3890 1567 3947 enim
1585 3891 1704 3958 speciem

347 3984 446 4037 unam,
470 3985 540 4038 quas
558 3969 640 4026 altius
658 3970 765 4042 incipit,
791 3971 911 4029 dividere
930 3980 958 4027 ct
976 3973 1049 4042 quod
1068 3972 1102 4028 de
1120 3989 1154 4028 eu
1171 3974 1279 4029 excedit
1297 3988 1392 4042 supra,
1411 3971 1438 4027 id
1455 3971 1548 4027 locare
1565 3969 1649 4038 inira,
1673 3977 1705 4025 ut

346 4046 425 4115 prins
443 4048 525 4103 etiarn
544 4048 571 4103 in
589 4048 711 4119 perfeeto
730 4057 878 4119 systemate
897 4051 955 4108 fieri
974 4054 1071 4121 putuit.
1108 4054 1181 4108 Ecce
1193 4063 1260 4123 quot
1271 4052 1399 4121 gradibus
1417 4068 1435 4105 a
1451 4050 1545 4107 οίιοιιίί
1556 4048 1705 4118 geometris

347 4123 517 4195 ιωιιίιιιιιιι,
535 4125 693 4196 priusquam
711 4129 887 4197 perveniatur
905 4128 940 4186 sd
958 4138 1078 4199 systema
1096 4131 1255 4201 perlectum.
1289 4133 1384 4189 Rebas
1395 4131 1480 4201 igitur
1496 4130 1568 4185 inter
1585 4142 1615 4183 ae
1632 4144 1704 4193 eom·

347 4203 477 4273 mdis
494 4210 570 4261 tanto
587 4204 734 4284 intervallo*
749 4214 777 4262 et
794 4217 926 4266 aratura
945 4218 972 4264 et
984 4208 1018 4263 ab
1034 4210 1148 4265 invicem
1160 4210 1359 4277 recedentibus,
1377 4209 1546 4279 impossihile
1556 4214 1601 4263 est
1611 4214 1704 4277 aptam

347 4282 454 4338 institui
476 4300 559 4354 posse
583 4283 826 4354 comparationem,
855 4287 1005 4343 mirandum
1030 4290 1117 4359 magis
1136 4290 1271 4358 ingenium
1290 4288 1451 4356 Ptolemaei,
1478 4288 1524 4357 qni
1546 4285 1704 4356 probabiles

267 4356 274 4367 “
346 4370 440 4417 umen
457 4362 578 4417 rationes
595 4360 716 4418 invenire
735 4365 862 4434 potuerit.
899 4368 979 4433 Certe
998 4374 1116 4436 systema
1135 4368 1299 4436 perlectum,
1325 4366 1398 4437 qnod
1417 4367 1540 4421 homines
1565 4365 1704 4433 elegerunt

347 4438 392 4495 sni
410 4446 509 4510 captus
526 4454 621 4509 causa,
648 4458 701 4497 non
727 4445 847 4513 potnerit
866 4462 941 4515 esso,
965 4446 1038 4513 dico,
1062 4446 1225 4516 ateletypus
1249 4444 1442 4503 coninrmando
1465 4443 1567 4499 maculo
1584 4442 1704 4507 wdiaco,

348 4516 398 4573 sed
417 4518 524 4573 exstitit
546 4519 630 4589 hujus
649 4527 754 4579 tractus
780 4522 917 4581 distinctio
941 4525 1073 4581 aectoris
1096 4524 1164 4582 coeli
1183 4526 1315 4585 handbus
1332 4525 1424 4581 statim
1451 4538 1511 4579 uum
1533 4522 1594 4590 lpsa
1617 4522 1705 4590 prima

346 4598 540 4661 convolutione
558 4598 632 4670 globi
650 4599 752 4656 Solaria
770 4602 841 4659 cirus
860 4620 938 4661 suurn
957 4619 1048 4671 axem,
1073 4605 1100 4661 in
1118 4605 1178 4674 ipso
1196 4605 1290 4659 intimo
1306 4603 1400 4660 mundi
1421 4601 1576 4670 complexu.
1611 4601 1651 4655 Et
1666 4602 1704 4654 vi·

347 4682 440 4736 cissim
460 4679 588 4735 zodiacus
607 4678 653 4733 ilie
672 4678 780 4734 sensilis
799 4698 851 4736 non
871 4682 923 4737 init
941 4683 1095 4738 hominibus
1115 4698 1197 4737 musa
1214 4681 1396 4737 constituendi
1412 4679 1568 4749 systematis
1580 4678 1704 4747 portenti,
1721 4711 1723 4720 =

348 4759 398 4814 sed
416 4756 534 4813 circuita
552 4758 708 4815 absh-actus
727 4767 754 4812 et
773 4758 966 4817 intellectualis
984 4764 1071 4831 prima
1088 4760 1263 4816 fundamenta
1281 4760 1380 4828 posuit,
1401 4757 1499 4826 quibus
1517 4757 1626 4813 innixus
1643 4772 1704 4826 sep·

346 4844 404 4893 tem
422 4834 519 4892 ordine
537 4836 751 4907 contignationes
775 4838 884 4894 tandem
906 4840 935 4894 in
954 4847 1072 4909 systema
1093 4838 1246 4908 portentum
1272 4838 1434 4893 desiverunt.
1470 4835 1564 4891 Rebus
1580 4834 1648 4904 ipsis
1669 4849 1704 4889 ax

348 4925 468 4986 emaque
491 4914 622 4971 armate
647 4915 836 4985 comparandis
862 4919 902 4972 sic
925 4918 1099 4983 habentibus,
1126 4916 1224 4971 mirum
1246 4934 1301 4972 non
1328 4922 1382 4988 est,
1410 4923 1569 4985 mgnments
1595 4928 1705 4985 quoqne

349 4996 562 5067 comparationis
587 4995 726 5065 vsoiflare3
750 5010 821 5065 quae
845 4998 953 5065 quidem
978 4996 1033 5052 alia
1057 4994 1119 5050 aliia
1136 4993 1247 5050 meliora
1271 5003 1342 5050 sant.
1378 4994 1498 5051 Primum
1517 4995 1587 5049 enim
1611 4993 1705 5049 nititur

350 5074 461 5145 quidem
480 5072 622 5130 identitate
641 5082 730 5130 motus
749 5074 877 5144 uninque
894 5074 997 5143 localis,
1017 5080 1044 5128 at
1061 5072 1115 5127 hoc
1133 5072 1212 5127 nimis
1230 5073 1356 5143 generale
1373 5074 1543 5145 cognationis
1566 5078 1609 5128 est
1626 5086 1704 5141 arym-

403 5180 499 5237 Buplari
512 5180 587 5233 Opera
599 5180 627 5225 V.
1504 5167 1545 5225 Ἠ
