4467 6192
538 667 598 730 166
1068 688 1110 744 De
1127 690 1353 762 Proportionibus

536 860 605 902 ram
627 858 835 913 coacervantur
857 860 1032 940 principales
1054 868 1180 930 chordae
1201 870 1313 944 decem,
1336 889 1388 950 per
1413 891 1476 952 cap.
1495 880 1522 950 i,
1546 876 1717 936 omnifariae
1736 890 1805 934 raro
1826 881 1883 932 tre·

506 928 646 1008 ‘decim
675 953 728 1011 per
750 955 814 1018 cap.
840 945 876 1019 8,
904 946 936 1008 fit
958 958 990 1011 ut
1013 952 1071 1014 duo
1094 961 1177 1032 soni,
1207 957 1280 1019 diesi
1304 959 1351 1019 vel
1379 959 1515 1022 lemmate
1545 963 1701 1034 distantes,
1733 965 1885 1039 pingantur

537 1016 641 1078 eodem
663 1021 880 1102 diagrammatis
903 1034 985 1112 loco,
1016 1058 1069 1101 seu
1093 1046 1118 1104 is
1141 1047 1220 1107 linea
1241 1049 1280 1106 sit
1300 1063 1353 1106 seu
1377 1049 1558 1110 interlineare
1587 1049 1789 1123 intervallum,
1819 1049 1886 1124 quia

537 1103 635 1166 dieses
658 1117 689 1170 et
709 1110 849 1177 lemmata
870 1137 930 1181 nou
945 1136 1087 1189 canuntur
1109 1132 1258 1212 deinceps,
1281 1142 1315 1193 ιιι
1337 1139 1398 1195 toni
1421 1142 1634 1213 etsemitonia3
1659 1137 1776 1214 quade
1799 1153 1886 1195 musa

537 1193 625 1253 etiam
646 1196 729 1258 uolui
752 1201 818 1264 illas
841 1223 906 1268 cum
928 1211 1078 1290 aliquibus
1099 1224 1256 1282 semitonia
1276 1225 1389 1283 minora
1412 1225 1517 1285 dicere.
1562 1225 1629 1286 Hac
1643 1228 1730 1302 igitur
1748 1223 1785 1283 de
1801 1240 1888 1282 causa

536 1280 743 1359 Pfflflfideudae
764 1291 845 1352 suere
866 1294 952 1359 lineis
975 1310 1005 1362 et
1027 1306 1197 1384 intervallis,
1221 1311 1393 1370 chordarum
1409 1315 1594 1388 imaginibus,
1619 1322 1716 1373 certae
1731 1321 1829 1385 notae,
1853 1329 1888 1369 er

537 1367 643 1443 quibus
666 1381 769 1436 cantus
792 1379 880 1441 durus
903 1403 921 1444 a
943 1389 1026 1449 molli
1049 1395 1291 1458 internosceretur
1312 1407 1515 1478 constaretque
1536 1401 1619 1461 loom
1641 1401 1804 1472 semitonii,
1827 1400 1888 1456 sive

537 1453 684 1552 ordinarii,
707 1479 761 1524 seu
784 1471 872 1528 etiam
896 1481 1075 1550 ceterorum,
1107 1502 1144 1544 ox
1167 1484 1243 1546 tonis
1266 1487 1426 1562 majoribus
1453 1490 1657 1548 abscissoruna
1703 1487 1756 1544 usr
1778 1495 1810 1545 et
1831 1483 1889 1542 alia

536 1547 697 1606 necessitas
720 1553 875 1632 occultior,
907 1578 964 1620 nou
989 1582 1024 1627 ex
1047 1567 1217 1632 diversitate
1240 1592 1395 1650 generum,
1426 1575 1478 1635 sed
1508 1579 1537 1634 in
1562 1576 1696 1652 quolibet
1716 1581 1824 1642 matu,
1856 1589 1889 1632 0¹

536 1631 745 1708 inaequalitate
776 1648 911 1706 tonorum
939 1653 1060 1728 maJ‘oris
1088 1666 1118 1718 ιι
1139 1663 1272 1732 ιιιίιιοιίι,
1304 1671 1335 1720 ut
1358 1666 1377 1721 ii
1402 1665 1431 1720 in
1454 1663 1713 1739 diagrammatibus
1736 1663 1797 1719 sint
1819 1675 1890 1718 con-

537 1720 582 1776 ii&
603 1737 636 1779 ιθ
659 1720 796 1788 diiilsseti·
839 1732 917 1796 Nam
938 1739 1070 1815 syllabas
1099 1743 1145 1821 Ut,
1168 1747 1222 1824 Re,
1246 1749 1292 1808 dli
1313 1767 1432 1811 necesse
1455 1759 1585 1833 estesse
1607 1750 1759 1827 generula
1783 1755 1815 1807 ti
1837 1765 1891 1822 ⁸li·

535 1804 688 1882 plicabilee
717 1819 776 1874 tam
806 1821 912 1897 majori
944 1845 1031 1902 quam
1060 1834 1163 1893 minori
1194 1845 1280 1911 tono,
1321 1855 1410 1913 quare
1441 1845 1588 1915 utcunque
1619 1837 1803 1900 satisfaciant
1835 1835 1891 1893 hae

536 1890 787 1963 denominationes
810 1922 913 1970 canere
937 1912 1116 1978 discentibus
1140 1931 1169 1982 et
1192 1926 1336 1997 organicis
1359 1929 1504 2002 practicis,
1528 1933 1560 1986 at
1580 1925 1748 1986 theoreticis
1770 1925 1891 1982 minime
1970 1931 1972 1944 '

533 1982 726 2046 satisfaciunt.
769 1990 815 2050 Er
838 1993 895 2056 hoo
916 2001 1005 2077 igitur
1027 2006 1123 2067 officio
1147 2009 1203 2071 hae
1225 2011 1345 2087 literae,
1380 2014 1496 2088 quando
1520 2005 1719 2090 praefiguntnr
1739 2012 1892 2087 diagram-

534 2069 628 2143 matis,
653 2070 754 2135 clares
775 2080 917 2157 appellari
940 2088 1051 2166 solent,
1085 2097 1165 2171 quod
1187 2101 1251 2159 sine
1274 2102 1310 2158 iis
1334 2103 1444 2159 cantori
1473 2119 1531 2160 nou
1554 2109 1656 2176 pateat
1687 2101 1839 2176 ingressus
1863 2099 1891 2153 in

534 2153 734 2251 diagramma.¹
768 2164 898 2230 Eaedem
929 2194 998 2238 vero
1027 2177 1129 2242 literae
1161 2189 1249 2247 etiam
1278 2187 1453 2247 adhibentur
1482 2191 1511 2247 in
1535 2191 1652 2263 organis
1675 2189 1811 2259 musici&
1846 2187 1891 2242 5¹¹·

535 2245 700 2305 scribuntur
723 2253 799 2310 enim
821 2262 982 2323 manubriis
1003 2265 1180 2342 plostrorum
1202 2277 1233 2332 in
1255 2277 1361 2348 tausis,
1391 2283 1443 2335 aut
1471 2277 1689 2354 epistomioruru
1719 2277 1748 2332 in
1772 2273 1893 2344 inflatis,

499 2403 502 2418 Ι
535 2347 635 2408 aqua
657 2335 845 2415 inscriptione
872 2353 1025 2414 manubria
1048 2356 1100 2421 illa
1128 2364 1246 2436 privato
1266 2363 1333 2438 jure
1361 2361 1460 2423 claves
1486 2363 1639 2436 dicuntur,
1669 2369 1699 2422 et
1720 2361 1794 2422 ordo
1818 2363 1891 2461 ipae²

534 2434 587 2476 seu
609 2428 739 2497 systema
768 2444 804 2487 ex
833 2439 995 2500 manubriis
1018 2447 1153 2508 omuibus
1182 2448 1373 2522 elariarium,
1404 2451 1459 2514 bod
1486 2447 1631 2532 dionius
1648 2458 1678 2510 et
1705 2453 1893 2508 instrumenti

535 2521 627 2580 genus
651 2508 897 2596 olavicbordium,
921 2527 1000 2601 qnod
1023 2531 1150 2596 chordae
1174 2537 1323 2611 claribus,
1347 2537 1404 2598 hoc
1427 2546 1472 2598 est
1494 2540 1652 2598 manubriis
1674 2537 1744 2598 loris
1767 2536 1893 2613 deprcs-

535 2594 575 2650 sis
597 2593 775 2676 plectrisque
798 2605 875 2669 intus
899 2615 1116 2696 exsilientibus,
1140 2623 1302 2702 pulsentur.

621 2679 697 2756 Quin
721 2689 809 2750 etiam
831 2706 900 2757 sunt
922 2701 1143 2786 diagrammata,
1167 2730 1220 2788 pro
1243 2714 1399 2790 organistis
1420 2714 1508 2773 scribi
1528 2711 1628 2785 solita,
1652 2711 1814 2787 inquibus
1838 2727 1892 2785 pro

534 2763 619 2826 lincis
642 2773 733 2848 nigris
754 2788 822 2839 suut
837 2788 927 2846 series
950 2791 1108 2870 literarum,
1132 2800 1333 2869 indicantium,
1358 2817 1502 2876 quaenam
1525 2801 1623 2860 claves
1645 2803 1727 2876 tangi
1750 2797 1892 2868 debeant,

535 2853 586 2912 ubi
608 2853 712 2919 literae
735 2874 803 2926 sunt
825 2887 877 2946 pro
900 2880 994 2957 notis,
1026 2899 1100 2959 quas
1124 2888 1305 2948 adhibebant
1328 2887 1540 2963 diagrammata
1568 2889 1707 2958 cantoria,
1741 2889 1770 2943 in
1796 2883 1892 2942 lineae

535 2947 587 2999 aut
618 2946 774 3010 intervalla
803 2962 927 3033 positas.
982 2967 1065 3029 cirea
1092 2972 1194 3035 litem
1224 2975 1277 3034 has
1306 2975 1406 3050 aliqua
1436 2965 1521 3035 nobis
1553 2977 1674 3034 veniunt
1704 2971 1896 3033 observanda

532 3028 672 3103 jucunde.
718 3036 847 3102 Primum
869 3066 927 3107 nou
952 3072 1052 3115 omnes
1075 3061 1178 3123 literae
1200 3066 1262 3122 suis
1285 3063 1472 3138 imponuntur
1489 3061 1573 3122 lineis
1597 3071 1626 3121 et
1644 3059 1819 3134 intervallis,
1845 3057 1896 3117 sed

536 3114 633 3180 ‘iilum
656 3121 741 3195 ime,
767 3125 805 3204 F,
832 3130 868 3202 G,
895 3136 926 3206 0,
950 3146 1067 3218 quoties
1091 3141 1174 3210 locus
1198 3153 1247 3210 uni
1271 3167 1370 3209 aarum
1392 3157 1436 3209 est
1450 3167 1538 3226 super
1552 3149 1639 3221 linea,
1662 3149 1692 3207 B
1708 3163 1777 3208 vero
1804 3149 1896 3206 etiam

535 3209 618 3278 tunc,
641 3221 707 3269 dum
737 3211 834 3276 locum
857 3221 947 3286 babet
975 3231 1004 3288 in
1028 3234 1192 3297 intervallo.
1238 3236 1352 3296 Deinde
1383 3236 1467 3296 litera
1493 3235 1518 3297 O
1544 3235 1632 3296 babet
1655 3238 1772 3312 signum
1805 3233 1897 3310 longe

536 3289 683 3354 disemum
688 3341 700 3372 ,
722 3301 811 3376 quale
832 3324 873 3367 sc.
896 3311 944 3373 bic
966 3317 1004 3377 ad
1036 3319 1112 3383 latus
1134 3328 1260 3401 pictum3
1293 3333 1363 3401 puto
1392 3326 1507 3401 signum
1538 3324 1595 3382 hoc
1623 3331 1723 3382 natum
1752 3341 1788 3382 ex

480 3396 488 3404 ·
537 3377 701 3446 detorsione
723 3392 883 3467 scripturae
907 3407 1014 3464 veteris
1034 3407 1137 3473 literae
1150 3413 1193 3474 ’0.
1240 3413 1315 3472 Nam
1339 3414 1409 3488 qnia
1428 3412 1496 3470 letis
1521 3411 1698 3470 calamorum
1719 3427 1788 3469 mu·
1826 3401 1864 3488 Ξ

537 3468 674 3532 oronibus
704 3477 863 3540 utebantur
891 3492 1060 3568 scriptores,
1095 3507 1184 3560 notae
1215 3499 1373 3578 pleraeque
1405 3498 1613 3576 compendiosa
1645 3500 1788 3575 scriptura
1818 3507 1864 3571 ,Ξ

535 3552 645 3616 boant
668 3561 846 3643 quadratae,
870 3591 924 3647 ιιιι
946 3587 1062 3652 poterat
1084 3587 1119 3646 iis
1143 3589 1263 3648 calamis
1286 3587 1441 3646 rotundum
1464 3586 1489 3647 0
1509 3588 1606 3664 pingl;
1636 3589 1735 3661 itaque
1763 3584 1789 3644 0
1876 3651 1880 3656 ,

536 3637 667 3703 iecerunt
687 3664 725 3706 ex
747 3653 838 3716 tribus
861 3655 992 3740 lineolis,
1023 3688 1083 3729 nna
1105 3679 1194 3748 tenui,
1220 3678 1284 3736 vice
1307 3676 1457 3749 caritatis,
1487 3684 1515 3734 et
1538 3673 1652 3732 duabus
1676 3675 1797 3744 crassis,
1829 3677 1895 3734 vioe

536 3744 690 3806 cornuum,
723 3735 811 3801 ducto
834 3745 863 3804 ia
886 3748 1069 3816 latitudinem
1108 3762 1221 3823 calamo
1251 3765 1294 3822 sio
1316 3779 1365 3835 ις.
1410 3760 1480 3820 Jam
1511 3760 1620 3820 lineola
1642 3762 1750 3833 tenuis,
1782 3779 1895 3839 prope·

536 3822 620 3876 rante
643 3819 766 3899 alama,
790 3833 1000 3908 utplurimum
1022 3844 1100 3906 iacta
1122 3849 1178 3910 luit
1197 3852 1313 3928 longior
1336 3858 1365 3910 et
1387 3856 1504 3909 exstans
1520 3850 1656 3924 utrinque
1678 3847 1756 3908 ultra
1771 3865 1894 3922 comus,

536 3903 580 3962 sic
606 3919 651 3983 ε.
697 3906 737 3970 Ut
759 3922 857 3977 autem
885 3941 995 3988 cornua
1016 3936 1250 4012 terminarentur,
1277 3937 1400 3997 lineolae
1422 3939 1533 4013 primae
1555 3934 1713 4012 parallelas
1735 3935 1894 4008 duxerunt,

538 3991 581 4049 sic
608 4007 660 4070 z,
689 4005 720 4056 ιι
748 4003 793 4061 sic
819 4006 947 4072 tandem*
969 4033 1005 4076 ex
1036 4020 1151 4086 duabus
1176 4028 1285 4087 'talibus
1308 4024 1423 4085 lineolis
1446 4024 1605 4083 analecta
1628 4031 1685 4098 est,
1714 4025 1829 4100 primae
1853 4026 1895 4084 si-

538 4077 616 4137 milis
638 4088 669 4140 ct
690 4087 841 4165 parallela,
865 4104 1017 4181 totumque
1039 4110 1155 4186 signum
1179 4115 1240 4174 tale
1269 4115 1320 4187 Ε,
1351 4111 1447 4189 quod,
1472 4119 1503 4170 ut
1526 4119 1614 4171 notae
1636 4112 1719 4188 ipsae
1741 4113 1771 4168 in
1795 4112 1893 4185 lineis,

537 4165 621 4226 biatu
643 4171 748 4232 calami
771 4176 804 4236 tit
827 4198 947 4264 carum,
971 4195 1013 4252 sic
1034 4204 1079 4279 ξ.
1209 4216 1211 4220 ’
1477 4191 1494 4232 ,⁴

581 4280 586 4288 ¹
624 4253 757 4320 Occurrit
779 4273 876 4330 tamen
899 4283 929 4335 et
950 4276 1020 4354 boc,
1044 4300 1082 4341 an
1105 4302 1163 4346 nou
1186 4291 1302 4364 signum
1325 4286 1381 4346 hoo
1404 4301 1439 4346 er
1462 4301 1516 4344 usu
1540 4287 1635 4358 vocis,
1666 4284 1746 4344 scala
1769 4288 1894 4359 musica,

516 4340 621 4414 ⁶inerit
643 4353 758 4424 uatum,
783 4370 848 4415 cum
870 4360 997 4438 figuram
1015 4386 1084 4444 prae
1106 4391 1139 4433 so
1162 4376 1235 4435 serat
1257 4374 1370 4453 scalae,
1400 4376 1484 4449 qnasi
1507 4373 1679 4449 principium
1701 4373 1802 4432 scalae
1826 4391 1894 4432 mu-

538 4427 618 4489 sicae
639 4441 803 4515 notaverit,
828 4446 879 4504 nbi
900 4455 1072 4525 ponebatur.
1119 4462 1164 4519 An
1188 4463 1298 4535 varius,
1324 4464 1406 4538 prius
1429 4477 1465 4520 er
1486 4460 1572 4519 litera
1599 4459 1740 4518 Oscalae
1764 4458 1894 4536 effigiem

516 4514 654 4594 viscum,
676 4532 780 4597 postea
803 4547 839 4589 ex
859 4533 949 4612 thus
971 4542 1078 4620 effigiei
1099 4550 1276 4623 orebro'usu
1299 4549 1409 4608 scalam
1433 4547 1489 4607 dici
1505 4555 1648 4623 coeptam,
1672 4546 1750 4622 quod
1773 4551 1893 4624 proprie

538 4600 718 4680 diagramma
741 4617 824 4675 erat?
868 4621 941 4685 Cum
965 4646 1034 4689 vero
1063 4633 1146 4695 loeus
1177 4654 1233 4695 non
1257 4643 1301 4697 est
1324 4636 1425 4696 literae
1452 4634 1476 4695 0
1503 4637 1531 4692 in
1559 4635 1637 4693 linea
1658 4632 1739 4710 (quia
1763 4633 1836 4693 oiim
1862 4644 1894 4692 ut

538 4688 694 4764 plurimum
715 4697 810 4764 lineae
833 4719 916 4769 erant
937 4721 1051 4777 ιιιιιιιιιι
1073 4722 1222 4804 quatuor),
1253 4731 1323 4783 tunc
1345 4724 1428 4783 locus
1451 4730 1496 4782 est
1517 4721 1619 4782 literae
1643 4720 1675 4780 F
1693 4724 1721 4778 ia
1745 4720 1892 4781 linearum

540 4793 614 4849 uua,
644 4797 719 4855 quae
741 4792 877 4854 scribitur
898 4801 929 4858 in
950 4808 1053 4866 ceteris
1076 4813 1197 4872 vocibus
1220 4811 1372 4872 altioribus
1403 4813 1531 4887 genuina
1552 4826 1607 4870 sua
1633 4817 1718 4882 uota,
1747 4813 1777 4868 in
1803 4812 1892 4870 basso

540 4864 721 4928 semicirculo
741 4892 864 4942 recurvo
886 4902 951 4948 cum
975 4891 1088 4954 duobus
1106 4897 1194 4974 juxta
1214 4901 1345 4976 punctis,
1369 4897 1449 4975 quod
1470 4899 1583 4974 signum
1602 4904 1673 4974 puto
1697 4898 1772 4956 inter
1796 4900 1891 4971 initia,

540 4952 709 5030 priusquam
734 4959 967 5051 detorquerator,
991 4978 1081 5042 luisse
1103 5003 1240 5061 graecum
1263 5011 1277 5067 p
1299 4983 1447 5068 (gamma)
1469 4983 1676 5057 minusculum,
1708 4987 1751 5043 sic
1775 4993 1809 5044 ut
1832 4986 1893 5044 duo

540 5048 651 5113 puncta
672 5043 774 5107 addita
796 5057 961 5131 significent
983 5066 1139 5146 digamma,
1164 5078 1233 5150 quia
1255 5083 1386 5134 nostrum
1410 5071 1443 5133 F
1462 5079 1511 5152 ιιιΙ
1529 5071 1705 5134 Graecorum
1730 5072 1841 5150 duplex
1860 5075 1891 5134 Γ.

541 5123 616 5194 dan
639 5146 658 5192 a
681 5130 801 5198 Graecis
824 5143 979 5214 deduxisse
1001 5155 1076 5218 banc
1098 5163 1240 5224 rationem
1262 5161 1397 5242 signandi
1418 5177 1507 5224 sonos
1527 5161 1694 5241 systematis
1715 5177 1768 5238 per
1791 5162 1892 5222 literas
