4467 6192
591 739 633 796 De
649 738 806 810 liguram
822 737 1042 798 Harmoniomnm
1058 737 1292 800 demonstratione
1309 739 1369 799 uu.
1386 741 1408 798 h
1620 745 1659 807 81

340 917 424 978 totius
445 919 590 981 armore
611 919 831 984 mathematicae
852 923 954 983 statuit
975 921 1091 1003 eadem,
1113 937 1189 1000 quae
1211 923 1298 983 etiam
1319 938 1371 1002 per
1392 922 1488 982 omnia
1508 921 1587 982 entia
1607 938 1664 982 aa·

341 1003 406 1064 dunt
428 1008 584 1085 omniaque
602 1027 624 1068 a
644 1024 677 1070 se
697 1010 832 1087 gignunt,
862 1009 950 1072 linem
970 1025 1011 1071 sc.
1034 1017 1064 1072 et
1084 1009 1241 1085 inlinitum,
1269 1026 1322 1072 seu
1349 1011 1501 1070 terminum
1523 1014 1553 1069 et
1572 1009 1663 1069 iuter·

341 1095 490 1154 minatum:
520 1097 676 1156 torminum
697 1097 746 1158 vel
767 1097 1058 1176 circumscriptionem
1079 1115 1131 1181 pro
1153 1098 1258 1173 torma,
1273 1099 1499 1159 ‘interminatum
1525 1111 1577 1175 pro
1599 1112 1663 1157 ma·

294 1209 298 1216 ·
341 1182 407 1241 teria
427 1199 590 1261 agnoscens
610 1201 705 1246 rernm
725 1187 971 1263 geometricorum.

420 1285 626 1364 Quantitotum
646 1307 677 1349 n.
698 1291 815 1368 proprie
836 1298 902 1351 suut
923 1289 1057 1368 figuratio
1080 1293 1109 1350 et
1130 1289 1293 1366 proportio,
1323 1285 1456 1366 figuratio
1478 1287 1664 1367 cingulanum,

341 1377 484 1452 proportio
504 1375 678 1454 iunctarum
714 1377 863 1455 Eiguratio
884 1377 1030 1456 perficitur
1050 1376 1193 1450 terminia,
1215 1375 1294 1436 linea
1315 1391 1343 1435 n.
1367 1383 1446 1439 recta
1466 1379 1589 1455 punctis,
1611 1394 1665 1436 su·

341 1459 467 1538 perficies
488 1464 579 1542 plana
599 1463 697 1541 lineis,
725 1481 829 1544 corpus
851 1463 1057 1544 superficiebus
1078 1465 1255 1539 terminatur,
1278 1464 1517 1526 circumscribitur
1539 1473 1568 1526 et
1588 1463 1665 1542 lign-

342 1555 423 1609 ratur.
470 1549 555 1627 Quae
575 1554 664 1630 igitui
684 1551 765 1614 linita
787 1555 1002 1632 circumscripta
1027 1558 1057 1614 et
1077 1551 1203 1630 figurata
1229 1557 1309 1627 sunt,
1340 1551 1391 1613 illa
1417 1554 1505 1613 etiarn
1535 1569 1666 1632 compre-

342 1635 424 1698 hendi
446 1648 546 1701 ruente
565 1647 701 1717 possunt:
728 1640 842 1700 infinita
862 1650 891 1702 et
911 1641 1133 1704 indeterminata
1153 1645 1295 1717 quotenne
1316 1639 1388 1700 tolia
1407 1640 1496 1700 nullis
1517 1643 1666 1715 scientiae,

343 1741 412 1801 quae
436 1725 651 1789 definitionibus
674 1735 864 1806 comparatur,
886 1725 973 1790 nullis
988 1728 1263 1810 demonstrationum
1285 1727 1431 1804 repagulis
1454 1729 1576 1788 coartari
1596 1745 1667 1805 poa-

343 1821 413 1872 sont
458 1812 546 1876 Prius
567 1822 665 1877 autem
685 1815 795 1894 figurae
818 1824 885 1877 sunt
907 1819 936 1876 in
958 1816 1125 1894 archetypo,
1148 1831 1236 1892 quam
1258 1816 1398 1893 inopere,
1420 1817 1499 1892 prius
1521 1817 1551 1874 iu
1571 1823 1667 1896 mente

343 1897 454 1976 dirius,
485 1920 572 1980 quam
593 1905 623 1962 in
646 1905 799 1982 creaturis;
828 1903 941 1966 diverso
970 1904 1087 1983 quidem
1109 1903 1233 1979 subjecti
1254 1901 1351 1978 modo,
1374 1902 1425 1963 sed
1448 1901 1549 1963 eadem
1570 1908 1667 1962 umen

345 1990 484 2050 mseutiae
507 2007 577 2052 suae
598 1991 698 2054 torma
722 1991 815 2070 Igitur
838 1993 1048 2071 quantitatibus
1063 1991 1198 2070 figuratio
1220 1989 1354 2050 mentalis
1377 1989 1521 2067 quaedam
1542 1991 1668 2074 amentia

344 2073 381 2149 iit,
401 2093 455 2136 sen
477 2077 651 2158 intellectio,
682 2096 781 2141 earum
802 2081 964 2142 essentialis
993 2080 1162 2140 differentia.
1205 2075 1240 2136 Id
1266 2075 1357 2139 multo
1379 2079 1472 2155 usmis
1494 2077 1602 2138 clarum
1624 2082 1669 2138 est

344 2177 377 2222 en
396 2168 640 2246 proportionibus.
678 2165 751 2228 Cum
772 2183 800 2227 u.
822 2169 957 2246 figuratio
978 2168 1109 2246 pluribus
1131 2165 1258 2227 terminis
1279 2163 1450 2242 perficiatur,
1472 2165 1506 2225 lit
1526 2174 1559 2225 ut
1579 2180 1669 2241 prop·

344 2257 383 2310 ter
403 2251 481 2313 hauc
501 2253 698 2331 pluralitatem
719 2254 853 2333 figuratio
874 2255 1109 2335 proportionibus
1130 2259 1238 2314 utatur.
1276 2251 1427 2331 Proportio
1450 2268 1519 2314 roro
1542 2251 1610 2330 quid
1631 2253 1670 2312 sit

344 2338 403 2399 sine
422 2344 530 2402 mentis
558 2343 686 2418 actione,
715 2335 745 2401 id
774 2361 842 2406 raro
870 2344 992 2422 intelligi
1019 2341 1184 2403 nullatenus
1213 2345 1319 2418 potest.
1367 2340 1469 2418 quue
1498 2342 1587 2401 etiam
1614 2337 1671 2399 hcc

343 2427 468 2502 nomine,
501 2429 551 2506 qui
572 2429 782 2508 quantitatibus
811 2434 949 2492 terminos
979 2430 1030 2491 dat
1055 2446 1108 2508 pro
1139 2429 1279 2507 principio
1302 2427 1463 2502 essentiali,
1485 2429 1510 2487 ia
1532 2427 1671 2504 liguram

345 2516 520 2591 quantitates
542 2515 767 2580 intellectualem
780 2522 936 2580 essentiam
949 2518 1056 2580 habere
1078 2517 1170 2594 ponit.
1200 2515 1259 2577 Sed
1281 2533 1339 2575 non
1362 2522 1407 2577 est
1428 2532 1502 2594 opus
1516 2531 1671 2592 argumen-

344 2604 460 2678 tatione,
482 2603 597 2682 legatur
616 2612 696 2666 totns
716 2605 791 2667 liber
804 2606 914 2683 Procli3
936 2607 1007 2668 satis
1029 2605 1190 2682 apparebit,
1213 2604 1268 2681 ipsi
1293 2602 1466 2664 differentias
1488 2601 1673 2663 intellectua-

343 2685 385 2749 les
406 2708 501 2772 rernm
522 2695 761 2771 geometricorum
783 2695 982 2773 proposuisse
1007 2694 1152 2770 cognitas:
1182 2693 1237 2753 etsi
1259 2689 1431 2752 affirmatum
1458 2690 1515 2752 hoc
1542 2689 1591 2750 ille
1613 2705 1672 2760 non

346 2778 385 2836 its
405 2781 526 2842 moreins
547 2781 708 2842 solitarium
729 2784 760 2842 in
782 2790 882 2861 aperto
905 2791 935 2844 et
956 2783 1112 2858 conspicuo
1135 2780 1230 2860 ponit,
1253 2786 1287 2839 ut
1309 2781 1397 2840 ctiam
1418 2780 1587 2840 oscitantem
1609 2776 1673 2854 ejus

346 2863 514 2927 admoneat:
537 2868 601 2928 iluit
621 2887 650 2930 n.
675 2869 737 2945 ejus
761 2871 852 2930 oratio
874 2869 960 2950 pleno
983 2869 1064 2930 reim
1085 2865 1184 2941 alveo,
1207 2867 1414 2944 copiosissimis
1435 2866 1562 2944 undique
1583 2871 1675 2924 strata

346 2957 496 3016 sententiis
518 2955 704 3018 abstrusioris
725 2956 926 3036 philosophiae
948 2956 1129 3035 Platonicae,
1151 2970 1224 3032 quas
1246 2955 1319 3015 inter
1341 2964 1370 3016 et
1391 2955 1447 3017 boc
1468 2963 1513 3030 est
1532 2953 1598 3013 libri
1618 2950 1675 3012 hu·

342 3038 390 3116 jos
411 3051 612 3121 argumetum
634 3045 789 3122 singulare.
1701 3109 1703 3111 ,

429 3147 539 3210 Μαι
559 3148 627 3212 huic
649 3156 747 3210 nostro
771 3149 870 3212 seculo
891 3167 949 3212 non
972 3151 1090 3212 vacarit
1103 3147 1251 3222 hactenus,
1275 3145 1313 3206 rtd
1334 3153 1394 3207 tam
1414 3144 1564 3208 recondita
1584 3157 1675 3221 peue-

345 3239 434 3296 trsre:
455 3233 550 3306 lectus
573 3247 618 3298 est
639 3235 714 3300 liber
734 3236 830 3299 Procli
851 3239 938 3300 Petro
960 3236 1070 3313 Remo,
1091 3234 1144 3298 sed
1166 3233 1245 3313 quod
1266 3233 1305 3294 ad
1327 3234 1461 3295 nucleum
1483 3233 1587 3295 attinet
1607 3228 1675 3308 plri-

345 3321 514 3402 loaophiae,
542 3328 650 3404 pariter
672 3342 737 3386 cum
760 3324 871 3388 decimo
893 3325 1023 3388 Euclidis
1045 3331 1207 3387 contemtus
1230 3327 1259 3382 et
1280 3321 1427 3398 abjectus,
1459 3323 1567 3399 quique
1595 3334 1676 3380 coru-

345 3414 516 3472 menmium
538 3415 567 3472 in
589 3412 740 3475 Euclidem
761 3416 928 3492 scripserat,
951 3413 1043 3474 veluti
1064 3415 1089 3473 ai
1106 3409 1279 3490 'apologiam
1300 3426 1351 3488 pro
1372 3426 1408 3471 eo
1430 3411 1606 3488 scripsisset,
1628 3420 1677 3465 re·

346 3495 483 3576 pudiatns
506 3506 537 3560 et
557 3501 755 3564 obmutescere
773 3502 886 3579 jusum,
914 3503 1025 3562 irritata
1046 3516 1116 3561 vero
1137 3498 1243 3558 intensi
1264 3497 1390 3558 censoris
1411 3498 1455 3558 ira
1476 3499 1506 3555 in
1528 3493 1679 3555 Euclidem

345 3593 378 3644 ut
397 3603 480 3648 reum
502 3589 604 3665 vertit,
626 3589 780 3651 damnatus
802 3597 846 3651 est
867 3592 957 3650 atroci
979 3590 1124 3650 sententia
1144 3583 1273 3646 Euclidis
1295 3584 1431 3656 decimus,
1453 3593 1487 3645 ut
1506 3600 1545 3645 no
1565 3581 1679 3658 legere·

345 3679 399 3748 tur,
423 3677 475 3752 qul
496 3673 589 3737 lectus
609 3677 832 3754 intellectusque
859 3676 1060 3756 philosophiae
1083 3675 1223 3753 mysteria
1255 3673 1380 3749 pandere
1408 3678 1531 3750 poterat.
1574 3669 1679 3745 Legite

346 3778 456 3838 queue
478 3763 570 3824 verba
591 3763 685 3840 hini,
708 3765 815 3841 quibus
837 3763 886 3826 ille
907 3764 980 3824 nihil
1000 3781 1131 3850 unquam
1152 3759 1298 3838 indignius
1319 3761 1413 3822 Remo
1435 3758 1563 3838 protulit,
1585 3754 1681 3817 Scho-

344 3847 438 3908 laram
452 3849 550 3938 lietht
570 3851 621 3912 lib.
646 3855 703 3911 tl:
728 3856 868 3925 Materies
889 3854 992 3931 lnquit,
1014 3856 1116 3913 dem
1128 3855 1199 3911 libro
1206 3856 1354 3926 proposito
1371 3868 1403 3908 eo
1423 3851 1504 3909 ssodo
1518 3854 1557 3905 ert
1568 3847 1680 3918 bodilo,

345 3934 1680 4016 mammaemammarttbaafflotsesttoummgaomdmrebcodmr

347 4021 977 4096 obmmtmdr'cooooodisttellipeodass,
1001 4019 1383 4094 paidproeoipiotEuolidcs
1405 4011 1683 4084 (ideodedectto

347 4106 371 4155 ot
387 4101 536 4171 eudomio,
554 4100 585 4156 id
601 4101 787 4175 solua-qood
804 4105 881 4162 adut
897 4103 1019 4176 qraodpar
1032 4118 1165 4174 promoto
1182 4109 1234 4172 eat,
1251 4098 1432 4164 mambae,
1446 4094 1536 4164 pouit
1553 4107 1607 4148 saec
1620 4103 1684 4179 por:

345 4180 492 4250 optatu),
509 4179 557 4238 aed
575 4181 613 4236 od
625 4182 844 4252 perspiciendam
855 4184 969 4254 penitere
985 4187 1010 4240 st
1028 4179 1238 4252 explorandam,
1262 4178 1323 4250 qaia
1339 4176 1403 4244 pisia
1423 4174 1459 4230 sit
1482 4178 1507 4228 ct
1527 4187 1593 4228 aeuo
1609 4183 1684 4239 open

342 4259 514 4330 propositus,
532 4276 601 4330 poce
616 4276 724 4332 omero,
742 4260 849 4332 species,
868 4259 1036 4330 diffmmtioe
1052 4261 1108 4317 siat
1120 4275 1211 4314 reram
1223 4257 1418 4326 summosam:
1434 4250 1504 4308 oea
1520 4268 1548 4307 st.
1564 4261 1685 4340 sogum

346 4344 404 4394 tuse
421 4338 564 4407 masiacum
580 4340 622 4395 eal
637 4339 788 4397 mactatam
812 4339 864 4412 legi
885 4341 927 4396 ool
944 4339 1045 4395 oodioi
1083 4335 1158 4410 Qoio
1179 4337 1337 4408 wpoertitio
1353 4331 1540 4405 Pytbupott'ca
1563 4345 1594 4382 tit
1615 4327 1685 4380 Μ

346 4425 428 4497 cedd
443 4439 552 4495 eperum
568 4423 682 4484 adres
697 4425 822 4484 sideman
839 4433 885 4484 cto.
914 4421 954 4482 At
975 4420 1078 4495 hercle,
1101 4419 1205 4500 hmo,
1227 4422 1283 4480 nisi
1301 4419 1422 4478 nimium
1443 4412 1556 4473 facilem
1578 4407 1616 4469 ad
1638 4409 1685 4466 in·

345 4505 540 4584 colligendum
560 4508 637 4570 hunc
658 4508 763 4571 librum
778 4508 956 4586 credidisses,
981 4525 1130 4586 nunquam
1153 4515 1263 4568 mutam
1285 4506 1490 4567 obscuritatem
1505 4499 1609 4558 luisses
1630 4511 1683 4555 ca·
1739 4525 1746 4538 ι

345 4593 517 4656 lumniatus.
563 4593 678 4660 Labore
699 4597 809 4675 majore
838 4615 911 4676 opus
934 4603 992 4674 est,
1023 4598 1119 4676 quiete
1143 4613 1216 4676 opus
1238 4601 1297 4670 cst,
1332 4586 1524 4654 sollicitudine
1547 4600 1620 4663 opus
1642 4589 1686 4642 est

347 4691 376 4744 ct
397 4684 563 4745 attentione
585 4686 741 4765 praecipua
766 4687 885 4766 mentis,
915 4685 1006 4746 donec
1029 4681 1255 4764 comprehendas
1282 4683 1424 4741 intentum
1446 4674 1607 4752 scripturis:
1634 4669 1687 4730 ubi

348 4787 382 4832 eo
405 4771 496 4831 luerit
517 4771 600 4840 enisa
621 4790 701 4833 mens
722 4789 872 4852 generose,
894 4779 956 4836 tum
978 4771 1093 4833 demum
1115 4788 1180 4833 sese
1205 4769 1365 4829 inlumina
1392 4765 1454 4825 veri
1485 4761 1594 4821 versari
1624 4775 1687 4819 cer·

347 4873 430 4932 nens,
453 4856 616 4920 incredibili
637 4861 789 4939 voluptate
810 4861 990 4940 pertunditur
1005 4859 1153 4922 exsultans
1175 4864 1204 4919 et
1225 4857 1263 4917 ab
1285 4855 1337 4916 illa
1350 4853 1441 4914 veluti
1454 4847 1574 4931 specula
1595 4854 1688 4906 totum

347 4941 490 5006 muudum
514 4963 672 5025 omnesque
695 4948 758 5026 ejus
779 4951 903 5029 partium
927 4948 1100 5010 differentias
1116 4946 1298 5007 exactisslme
1313 4942 1458 5025 perspicit.
1489 4937 1530 4998 at
1550 4936 1615 5014 ttbt,
1636 4934 1687 5011 qui

348 5033 404 5095 hoc
426 5032 495 5096 loco
518 5041 671 5113 patronam
693 5038 756 5116 agis
778 5037 959 5114 ignorantiae
981 5035 1121 5114 vulgique
1149 5032 1311 5114 hominum,
1341 5029 1424 5090 lucra
1451 5025 1630 5106 captantium
1652 5035 1688 5080 cx

351 5123 472 5183 omnire
486 5120 595 5198 dirius,
617 5123 753 5199 humane,
776 5125 862 5186 robis
883 5127 1001 5203 iuquam
1022 5123 1080 5184 sint
1102 5123 1160 5181 ista
1174 5118 1360 5200 „prodigiosa
1373 5113 1582 5196 sophismam¹·,
1604 5108 1689 5167 robis

351 5211 434 5286 „otio
462 5209 550 5271 inerit
570 5209 706 5274 Euclides
733 5213 957 5291 intemperanter
983 5209 1122 5287 abusue“,
1149 5209 1235 5271 vobis
1264 5208 1420 5286 „somnino
1449 5206 1506 5264 ists
1531 5199 1628 5260 iocum
1657 5196 1687 5254 lu

401 5318 500 5372 rapum
513 5319 587 5373 Opera
599 5320 627 5364 v.
1518 5305 1537 5365 6
