4467 6192
544 654 608 713 430
1012 642 1180 715 Appendicia
1197 634 1422 701 Harmonichrum

538 842 660 902 cunque
681 825 769 901 igitur
790 825 969 900 quantitates
992 840 1027 882 ex
1050 824 1237 897 opinionibus
1260 832 1391 886 veterum
1418 811 1628 901 nascebantur,
1654 844 1735 903 quas
1756 844 1811 903 ego
1835 844 1887 887 non
1974 831 1975 842 ¹

544 915 681 973 eruebam
711 930 745 971 cx
776 914 842 988 ipsa
868 918 990 980 natura,
1016 909 1114 969 idest
1142 928 1178 969 ex
1200 912 1300 988 figuris
1322 911 1505 990 regularibus
1534 921 1588 974 aut
1617 932 1653 974 ex
1676 918 1888 990 comparatione

543 1008 646 1059 mutua
668 1001 930 1059 consonantiarum.
953 998 991 1057 ab
1016 1000 1050 1054 iis
1080 996 1290 1073 derivatorum,
1321 1000 1388 1059 illas
1409 1018 1466 1076 ego
1489 1001 1585 1061 dimisi
1614 1002 1826 1077 utplurimum
1846 1006 1889 1061 io·

543 1096 651 1163 tactas3
676 1105 749 1163 quas
775 1104 843 1146 vero
866 1103 921 1161 ego
947 1086 1050 1156 elicui,
1075 1086 1112 1142 ad
1135 1086 1244 1164 placita
1268 1095 1397 1147 veterum
1420 1104 1477 1147 non
1500 1089 1658 1167 applicavi,
1685 1090 1737 1149 ubi
1759 1092 1887 1149 contusio

542 1178 633 1236 metui
665 1177 769 1251 potuit.
815 1175 1004 1232 Diatessaron
1037 1172 1155 1247 quidem
1183 1173 1348 1253 applicavi,
1378 1178 1448 1251 quia
1478 1193 1536 1235 oon
1563 1186 1660 1237 emant
1678 1162 1740 1237 xhic
1769 1187 1888 1248 veteres,

543 1264 634 1322 diesin
660 1278 727 1321 vero
751 1278 808 1319 non
832 1261 991 1339 applicavi,
1014 1276 1072 1319 nou
1095 1264 1273 1337 comparavi,
1297 1262 1353 1320 hoc
1376 1272 1422 1326 est
1444 1266 1636 1339 aequiparavi
1653 1281 1719 1324 cnm
1734 1282 1781 1337 ea,
1805 1283 1890 1340 qnam

542 1360 655 1409 veteres
679 1349 771 1409 diesin
795 1349 937 1419 dixerunt,
960 1348 1032 1423 quia
1055 1346 1106 1405 illa
1129 1348 1246 1407 diversa
1268 1342 1312 1409 eat
1335 1367 1442 1409 amsa
1486 1351 1570 1411 Idem
1586 1350 1743 1413 tenendum
1764 1352 1802 1412 de
1818 1353 1890 1411 lem-

542 1448 620 1497 mate
644 1455 709 1496 meo
740 1444 769 1495 et
800 1444 943 1508 veterum,
977 1434 1060 1509 eujus
1088 1434 1149 1496 alin
1178 1440 1339 1517 quantitas,
1373 1437 1449 1497 alius
1470 1438 1661 1500 abscindendi
1684 1439 1798 1499 modus.
1846 1439 1891 1499 Sic

542 1534 644 1584 cantus
666 1542 787 1601 genera,
812 1523 915 1582 durum
937 1528 967 1581 ct
988 1520 1090 1593 mollo,
1120 1540 1178 1581 non
1202 1526 1370 1599 comparavi
1393 1540 1449 1600 ego
1472 1543 1537 1584 cum
1560 1528 1596 1586 iis
1616 1528 1790 1603 generibus,
1813 1544 1889 1602 qnae

542 1622 655 1671 veteres
679 1620 873 1688 agnoverunt,
894 1611 964 1686 quia
986 1628 1005 1668 a
1027 1610 1196 1669 confusione
1219 1610 1320 1669 lectori
1344 1629 1409 1670 meo
1432 1615 1531 1686 metui,
1557 1631 1616 1673 non
1639 1616 1714 1674 enim
1736 1613 1888 1675 fundatam

541 1702 640 1760 inveni
663 1702 693 1757 in
714 1706 820 1758 natura
843 1697 1040 1774 triplicitatem
1063 1696 1143 1755 iliam
1165 1714 1303 1772 generum
1326 1706 1438 1764 cantus

627 1786 715 1846 Libro
745 1794 849 1861 quarto
874 1784 975 1843 videor
1002 1785 1055 1843 tibi
1078 1784 1180 1843 toliere
1211 1784 1393 1845 harmoniam
1423 1802 1539 1846 omnem
1571 1796 1686 1860 praeter
1708 1786 1887 1849 circulatam
1974 1797 1975 1834 ³

544 1875 606 1933 Etsi
629 1876 740 1951 primae
763 1876 950 1933 terminorum
973 1870 1207 1931 harmonicorum
1230 1872 1316 1933 ideae
1339 1882 1407 1932 sunt
1428 1876 1458 1931 in
1481 1874 1607 1934 arcubus
1623 1874 1731 1954 circuli,
1753 1893 1773 1933 a
1794 1875 1891 1951 figura
1974 1951 1975 1956 η

539 1962 665 2037 regulari
696 1961 798 2032 divisi,
832 1970 929 2019 tamen
963 1957 1031 2017 illae
1054 1958 1284 2035 multiplicantur
1316 1964 1403 2020 etiam
1431 1963 1461 2017 iu
1483 1969 1579 2021 rectas
1601 1966 1797 2036 quantitates,
1836 1981 1889 2023 uec

539 2053 617 2109 enim
640 2049 765 2126 amplius
794 2047 868 2108 fluat
888 2047 1003 2105 termini
1029 2050 1224 2123 proportionis
1254 2059 1371 2123 propter
1392 2048 1516 2124 figuram
1539 2049 1724 2127 circularem,
1755 2058 1889 2125 atquae

538 2136 683 2199 divisione
702 2137 765 2211 jam
788 2145 833 2194 est
855 2134 1017 2205 destructa,
1050 2134 1101 2193 sed
1125 2134 1220 2195 solum
1246 2145 1363 2212 propter
1383 2136 1612 2211 longitudinem,
1645 2155 1720 2211 quae
1745 2142 1891 2213 reperitur

538 2227 629 2283 etiarn
650 2226 679 2281 in
700 2226 796 2283 raetis.
841 2222 906 2281 Non
931 2223 1019 2296 igitur
1040 2221 1196 2281 circulares
1218 2221 1294 2282 facio
1317 2222 1485 2285 harmoniae
1507 2223 1608 2295 aliter,
1641 2241 1729 2301 quam
1750 2234 1889 2300 respectu

537 2315 696 2388 primarum
717 2310 847 2382 idearum
869 2308 1039 2369 mentalium
1062 2318 1203 2383 ortusque
1224 2327 1324 2369 earum
1347 2329 1382 2370 ex
1401 2311 1523 2371 circulo.

625 2398 682 2457 Hic
704 2405 735 2458 tu
759 2400 846 2457 etiam
880 2413 926 2456 me
949 2407 1088 2468 mactas„
1113 2398 1257 2469 lioberte,
1290 2400 1348 2456 tuis
1378 2398 1595 2471 additionibus,
1629 2398 1680 2458 ubi
1702 2396 1889 2459 voluntatem

540 2489 687 2563 egregiam
711 2485 864 2556 collaudo,
898 2490 1024 2543 ceterum
1048 2501 1165 2559 operam
1189 2484 1327 2560 deprecor
1358 2487 1386 2542 in
1410 2486 1644 2560 meteorologicis
1672 2489 1745 2543 meis
1766 2486 1891 2545 barmo-

537 2578 608 2632 niis:
632 2573 727 2633 nullas
751 2589 806 2649 ego
829 2580 927 2649 partes
950 2572 1078 2631 musicae
1102 2572 1373 2637 diversasdiversis
1389 2573 1515 2648 planetis
1534 2575 1665 2648 signisve
1679 2574 1890 2648 accommodo;

537 2649 626 2721 mens
642 2668 702 2734 tua,
727 2668 758 2719 ut
781 2660 877 2731 video,
901 2661 1061 2736 praecurrit
1083 2658 1194 2719 oculos.
1239 2659 1365 2717 Rursum
1380 2660 1561 2720 harmoniam
1576 2659 1748 2735 angulorum
1771 2672 1891 2721 tantum

538 2749 631 2822 abest,
657 2755 689 2807 ut
710 2751 745 2807 in
766 2755 851 2808 moto
873 2750 1030 2807 consistere
1053 2745 1165 2819 dicam,
1198 2754 1230 2808 rrt
1251 2750 1366 2821 potius,
1390 2747 1530 2822 quamdiu
1554 2755 1583 2807 et
1606 2750 1799 2821 inquantum
1823 2767 1891 2809 mo-

537 2845 643 2895 ventur
665 2836 811 2912 planetae,
835 2836 977 2893 continua
997 2836 1035 2893 ait
1057 2833 1254 2906 dissonantia,
1277 2834 1502 2908 concordaqtiae
1526 2852 1596 2923 pero
1620 2851 1736 2911 omnes,
1759 2838 1791 2893 in
1812 2853 1891 2911 quaa

537 2924 673 3001 planetas
704 2930 786 2983 motu
818 2929 981 2993 transeunt,
1014 2923 1073 2979 aiut
1094 2931 1332 2995 momentaneae,
1363 2925 1388 2979 si
1412 2924 1596 2983 exactissime
1624 2938 1670 2981 rm
1695 2926 1890 2997 pemiteutur.

470 3028 472 3034 ·
536 3011 595 3070 Sed
619 3028 698 3087 nec,
723 3008 872 3086 quomodo
905 3012 1026 3067 mixtam
1055 3025 1111 3083 ego
1143 3017 1271 3072 statuam
1302 3008 1498 3079 harmoniam,
1533 3011 1606 3068 satis
1637 3008 1714 3069 clare
1746 3009 1891 3087 explicas

535 3098 659 3158 Mixtam
682 3101 778 3174 patior
803 3097 954 3174 appellari,
978 3099 1049 3171 quia
1072 3096 1236 3167 cumradii,
1259 3097 1309 3170 qui
1325 3097 1459 3172 angulos,
1483 3099 1680 3173 proportionis
1701 3096 1891 3158 humonicse

538 3182 694 3259 terminos,
727 3188 963 3259 interstinguunt,
988 3186 1045 3241 sint
1068 3183 1219 3255 coelestes,
1244 3184 1369 3259 angulus
1393 3196 1488 3243 tamen
1512 3186 1591 3261 ipse,
1620 3186 1670 3259 qui
1693 3187 1836 3245 terminus
1859 3186 1892 3243 fir

535 3275 741 3352 proportionis,
765 3276 793 3331 in
817 3272 907 3331 Terra
930 3272 1077 3331 formatur.
1123 3271 1185 3329 Nec
1205 3270 1278 3329 nihil
1302 3272 1384 3331 deest
1406 3271 1500 3331 atilli
1523 3283 1592 3331 tuae
1614 3274 1785 3343 cenationi,
1818 3272 1890 3333 dum

536 3360 670 3421 sextilem
693 3378 711 3420 a
733 3379 780 3421 rue
802 3362 847 3418 ais
870 3362 1033 3434 comparari
1056 3360 1160 3417 tertiae
1181 3356 1278 3433 molli,
1309 3375 1368 3418 non
1398 3361 1466 3435 ipsi,
1499 3360 1617 3435 inquam
1640 3376 1714 3433 ego,
1745 3359 1800 3419 sed
1823 3361 1890 3435 ejus

538 3450 637 3507 socim
660 3440 796 3523 diapente
820 3444 1074 3523 epidisdiapaaon3
1103 3448 1198 3505 itaet
1220 3444 1381 3507 ducatoris
1403 3448 1547 3509 omnibus.
1591 3448 1689 3521 Atque
1710 3446 1758 3505 hic
1780 3452 1892 3525 repetis

540 3538 766 3611 comparationis
789 3551 872 3601 meas
895 3534 998 3606 verba,
1032 3550 1110 3609 quae
1132 3550 1188 3608 ego
1212 3540 1326 3593 tanturn
1349 3532 1385 3591 de
1407 3532 1482 3592 libro
1506 3534 1561 3591 ΙΙΙ.
1592 3532 1686 3609 deqas
1708 3536 1888 3611 investigato

538 3621 754 3682 harmoniarum
768 3623 896 3681 omnium
912 3628 974 3680 ortu
991 3620 1080 3681 ideali
1096 3622 1278 3696 scripseram,
1302 3628 1335 3682 ot
1348 3619 1433 3685 facile
1447 3629 1568 3697 apparet
1585 3621 1791 3697 consideranti,
1813 3641 1893 3698 quae

538 3726 594 3787 ego
619 3711 660 3769 tui
684 3712 779 3788 operis
803 3709 901 3786 capita
923 3724 987 3767 cum
1011 3708 1117 3783 quibua
1140 3708 1198 3767 mei
1220 3710 1457 3785 comparaverim.
1504 3708 1631 3767 Audiam
1654 3715 1751 3771 muron
1784 3711 1889 3785 objec-

538 3801 632 3859 tiones
653 3806 730 3867 tuas,
753 3798 778 3855 ai
801 3795 872 3871 quid
895 3794 963 3873 illae
986 3795 1107 3872 lossitan
1132 3797 1213 3871 operi
1233 3813 1300 3855 meo
1323 3804 1438 3873 praeter
1461 3803 1490 3855 et
1511 3796 1700 3857 ultra.verba
1721 3800 1796 3871 ista,
1818 3815 1890 3874 per·

536 3900 634 3964 param
657 3884 716 3943 huc
738 3883 902 3961 applicata,
926 3891 1056 3958 ereptum
1079 3889 1155 3941 eant.
1227 3919 1256 3935 .«

627 3971 763 4045 Videtur,
787 3972 891 4045 inquis,
915 3970 996 4045 quod
1016 3988 1078 4029 non
1099 3970 1234 4044 coculos
1254 3973 1288 4028 in
1307 3977 1391 4029 terra
1406 3970 1544 4030 duorum
1559 3971 1772 4030 rodtetionum
1794 3990 1889 4034 causa

532 4062 571 4119 ait
593 4065 825 4133 tempestatum,
847 4057 897 4117 aad
916 4061 1018 4132 poetas
1037 4057 1220 4135 influentiae
1247 4057 1409 4129 cujusdem
1431 4061 1530 4115 virtus
1551 4060 1667 4119 occulto
1696 4066 1726 4117 ct
1745 4059 1889 4120 admira·

530 4148 608 4206 bilis.
655 4145 745 4218 Haec,
768 4145 967 4218 multaberis,
991 4161 1049 4205 vox
1073 4153 1117 4203 est
1140 4146 1226 4204 unius
1247 4162 1264 4203 e
1287 4145 1432 4205 mmmuni
1456 4152 1540 4205 coetu
1557 4144 1718 4216 doctorum,
1742 4148 1795 4221 qui
1816 4147 1885 4207 uni·

532 4234 592 4295 lam
615 4234 684 4293 dum
706 4250 825 4309 operam
848 4234 947 4311 posuit
969 4234 998 4289 ia
1022 4233 1271 4309 pervestigatione
1294 4249 1478 4300 causarum„
1503 4232 1549 4290 Ex
1571 4232 1761 4304 admirando,
1793 4236 1887 4310 iuquit

534 4322 593 4396 ille,
617 4323 706 4381 coorti
723 4329 791 4403 sant
813 4318 942 4383 studium
965 4330 1055 4395 atque
1076 4318 1160 4378 labor
1180 4318 1388 4393 investigandi.
1434 4318 1493 4378 Hic
1513 4337 1579 4379 cum
1602 4329 1633 4379 tu
1655 4337 1738 4379 meas
1754 4322 1886 4381 molitio·

532 4426 585 4469 nes
609 4409 723 4482 videas,
751 4408 813 4485 jam
835 4406 944 4467 dudum
969 4410 1045 4466 enim
1074 4414 1105 4467 et
1126 4422 1183 4482 ego
1206 4423 1286 4465 nnus
1304 4404 1419 4481 illosum
1448 4408 1507 4480 lui,
1523 4408 1591 4482 qui
1616 4407 1801 4482 influentiae,
1833 4410 1882 4484 qni

532 4499 663 4557 ooctdtas
685 4496 836 4559 caelorum
860 4498 983 4555 virtutes
1005 4493 1186 4567 admirabar,
1209 4494 1298 4560 rabor
1320 4492 1465 4568 equidem,
1488 4510 1538 4552 eur
1554 4512 1613 4553 non
1634 4494 1696 4555 alia
1715 4513 1748 4557 ra
1763 4514 1884 4557 censam

532 4585 600 4647 illas
622 4584 833 4661 reprimendas,
856 4580 945 4659 q'uam
967 4584 1090 4659 pristina
1112 4580 1164 4639 illa
1185 4587 1215 4639 et
1236 4578 1371 4641 obsoleta
1391 4580 1595 4641 admiratione.
1640 4580 1777 4644 Hooc'me
1799 4586 1885 4658 igiurr

532 4684 586 4744 est,
611 4672 817 4749 philosophum
840 4687 944 4745 agore,
962 4669 1112 4740 ,Roherte,
1144 4666 1399 4745 philosophantem
1423 4668 1541 4743 objectu
1564 4671 1749 4744 ignorantiae
1773 4674 1884 4730 invete-

532 4768 614 4819 ratae
636 4760 790 4835 prohibere
813 4758 851 4819 ab
875 4756 955 4817 aditu
977 4755 1334 4835 penetraliumnaturae?
1380 4755 1415 4813 Et
1430 4764 1556 4832 quantae
1577 4773 1689 4831 quaeso
1711 4767 1783 4817 suot
1810 4762 1882 4818 virsa

429 4884 431 4891 ‹
533 4847 614 4907 illins
636 4855 704 4907 tuae
728 4848 808 4907 vocis
838 4844 980 4918 Videtur,
1003 4860 1077 4920 quas
1101 4860 1168 4906 cnm
1189 4844 1369 4918 argumentis
1391 4846 1464 4906 meio
1487 4840 1643 4906 conterat

620 4934 764 5010 Aspeetus
787 4936 815 4991 in
839 4932 923 4993 coelo
942 4949 1002 4995 non
1025 4938 1078 5003 est,
1103 4933 1132 5001 iq
1156 4930 1247 4992 Terra
1267 4929 1425 5004 formatur,
1448 4932 1477 4987 in
1498 4929 1589 4989 Terra
1611 4948 1683 4993 vero
1706 4939 1737 4993 et
1758 4934 1880 4993 circum·

532 5022 597 5084 loeo
621 5026 688 5081 abra
711 5022 842 5095 sequium
865 5028 1016 5095 aspectum
1038 5020 1210 5091 commotio,
1240 5026 1378 5094 aspectus
1401 5034 1469 5094 ergo
1491 5034 1585 5089 causa
1610 5026 1656 5077 est
1678 5021 1876 5079 commotionis

532 5116 747 5188 tempestatum.
793 5106 937 5182 Rursum,
967 5122 1026 5167 non
1055 5108 1150 5168 omnis
1179 5105 1306 5182 angulus
1328 5105 1525 5165 coincidentes
1552 5106 1644 5169 habet
1673 5116 1772 5167 motos
1792 5106 1871 5178 aeth,
