4467 6192
735 742 911 799 Harmouiois.
947 742 1030 799 Liber
1046 744 1096 799 m
1115 744 1204 812 Caput
1220 742 1292 799 XVI.
1624 750 1683 809 191

346 920 491 996 identitas,
515 939 568 992 nec
591 920 708 983 easdem
731 921 885 1000 deinceps,
908 921 960 982 sed
982 924 1047 999 ipsa
1068 922 1285 981 successionum
1308 920 1498 982 alternatione
1520 922 1558 981 sd
1582 920 1680 982 delec-

347 1010 483 1069 tationem
506 1012 642 1070 variatas.
687 1009 938 1085 Quemadmodum
966 1012 1042 1067 enim
1065 1011 1160 1068 estin
1182 1010 1369 1085 proportione
1398 1013 1590 1070 consonantia
1612 1010 1685 1069 dus-

347 1114 403 1155 rum
426 1114 534 1157 vocum
556 1096 595 1162 ad
617 1099 780 1170 unisonum,
802 1102 845 1157 sic
868 1106 913 1157 est
935 1107 1036 1157 cautus
1052 1096 1238 1155 harmonicus
1262 1095 1299 1155 ad
1319 1096 1481 1174 simplicem
1504 1101 1589 1157 unius
1605 1099 1687 1157 vonis

347 1183 515 1260 melodiam3
538 1203 558 1243 a
580 1202 638 1262 quo
661 1188 803 1264 principio
825 1184 991 1262 dependent
1013 1186 1110 1244 omnia
1133 1183 1308 1243 definitionis
1330 1185 1475 1261 membra,
1505 1204 1580 1262 quae
1604 1184 1687 1245 dein-

350 1289 410 1348 oeps
435 1273 600 1348 explicabo.
1415 1313 1419 1323 -

309 1397 314 1407 -
426 1360 452 1432 Ι,
475 1359 607 1419 Primum
629 1362 716 1437 igitur
738 1360 786 1418 hic
808 1358 880 1417 illud
902 1361 980 1417 circa
1001 1358 1199 1435 pluralitatem
1216 1374 1320 1416 vocum
1335 1359 1459 1418 occurrit
1480 1359 1686 1434 adnotandum,

349 1446 421 1521 qnod
444 1448 571 1507 artifices
602 1448 650 1507 rel
680 1449 804 1507 maxime
828 1454 1055 1506 consentaneum
1076 1454 1197 1503 naturae
1220 1448 1444 1519 constituerunt,
1475 1455 1524 1520 ut,
1554 1452 1688 1524 quamvis

349 1551 430 1611 saepe
455 1537 611 1594 concinant
634 1552 720 1595 voces
744 1535 818 1595 bens
839 1534 963 1607 multae,
994 1550 1093 1591 omnes
1116 1541 1212 1592 tamen
1236 1539 1360 1609 quatuor
1388 1533 1571 1593 solummodo
1593 1538 1688 1595 norni-

348 1622 429 1681 nibus
452 1623 635 1699 appellentur
668 1621 706 1681 ad
728 1640 879 1681 numerum
901 1622 1045 1696 perlectae
1068 1620 1252 1679 harmonicae
1275 1620 1461 1679 mediationis
1485 1624 1515 1679 in
1539 1640 1596 1681 uno
1619 1642 1686 1699 per-

351 1708 421 1768 lecto
445 1718 605 1786 systemate
628 1709 779 1787 diapason.
824 1710 996 1769 Discentum
1019 1708 1096 1767 enim
1117 1710 1269 1766 nominant
1291 1724 1392 1767 vocem
1414 1711 1620 1781 acutissimam,
1644 1710 1689 1769 nl-

349 1806 419 1867 tum,
453 1814 533 1872 quaa
561 1797 604 1855 illi
628 1799 772 1876 proxima,
803 1806 932 1857 tenorem
959 1814 975 1855 e
1006 1796 1146 1872 gravibus
1176 1797 1370 1871 superiorem,
1405 1796 1524 1855 bassum
1553 1798 1689 1856 infimam.

350 1882 419 1942 Nam
452 1888 528 1945 inter
556 1884 629 1944 duas
659 1885 801 1962 diapason
831 1892 970 1943 sonantes
998 1900 1086 1942 voces
1116 1882 1190 1941 duae
1214 1882 1309 1942 solum
1338 1885 1481 1944 intersunt
1510 1886 1688 1957 medietates,

349 1969 514 2030 barmoniae
536 1972 623 2031 simul
645 1980 838 2032 consonantes
866 1988 931 2029 eum
953 1972 1088 2031 extremis
1111 1970 1299 2043 identisonis‚
1328 1979 1360 2027 ut
1387 1974 1482 2048 capite
1505 1974 1535 2032 3.
1559 1972 1689 2049 expliea-

350 2065 416 2117 tum.
464 2056 648 2135 Quamquam
672 2062 755 2135 origo
777 2058 988 2117 vocabulorum
1009 2060 1131 2117 istorum
1146 2057 1250 2117 Italica
1274 2056 1388 2117 videtur
1409 2058 1447 2117 ad
1464 2068 1593 2135 systema
1609 2076 1690 2121 corn-
1726 2086 1734 2103 ·

349 2148 473 2220 positum
496 2150 589 2223 magis
611 2149 770 2224 respicere,
802 2155 834 2205 ut
857 2149 885 2203 in
909 2163 945 2205 eo
966 2153 1063 2221 partes
1086 2147 1235 2221 oppositas
1256 2152 1382 2204 teneant
1412 2144 1490 2205 ultus
1520 2157 1548 2205 et
1575 2149 1687 2219 bassus,

349 2249 401 2290 non
425 2231 477 2292 ille
500 2233 620 2309 quidem
641 2234 802 2293 ulbssimus
823 2235 964 2306 existens,
996 2231 1048 2291 sed
1071 2236 1140 2308 quia
1168 2233 1223 2291 bae
1247 2230 1323 2292 duae
1351 2234 1452 2291 erebro
1475 2233 1558 2311 (lieet
1579 2252 1638 2293 non
1660 2239 1689 2292 in
1728 2273 1732 2280 «
1761 2264 1764 2273 ,

350 2316 417 2400 fise)
441 2320 554 2381 iaciunt
576 2323 731 2397 diapason,
753 2319 804 2379 illa
827 2320 944 2397 quidem
966 2321 1097 2396 superior
1120 2329 1149 2379 et
1170 2322 1298 2393 acutior,
1328 2320 1401 2379 baec
1423 2320 1540 2381 inferior
1569 2330 1597 2382 et
1620 2340 1688 2398 gra·

350 2409 416 2465 rior.
463 2408 513 2467 Sic
545 2412 637 2469 tenori
666 2408 804 2469 vocabuli
834 2411 916 2484 origo
940 2407 991 2487 dat
1011 2407 1123 2466 ideam'
1138 2415 1167 2465 et
1188 2406 1416 2467 modulationem
1442 2417 1545 2473 carrtns
1575 2408 1688 2486 simpli-

347 2511 413 2566 cem,
437 2494 572 2555 diseamo
595 2512 698 2555 nornen
723 2495 837 2554 dedisse
860 2495 976 2554 videtur
989 2504 1140 2571 perpetua.
1149 2494 1317 2553 volubilitas
1340 2502 1370 2555 et
1385 2495 1536 2571 divagatio
1553 2498 1685 2574 aplaga,
1742 2540 1746 2550 .

347 2585 436 2640 tenon
460 2600 512 2658 per
534 2582 675 2660 diapason
698 2584 843 2659 opposita.
889 2582 994 2658 Itaque
1022 2584 1047 2640 si
1070 2599 1269 2657 comparemus
1299 2590 1397 2658 partes
1420 2592 1522 2642 cantus
1545 2602 1608 2661 cap.
1640 2588 1688 2645 13.

347 2687 379 2727 er
401 2670 524 2729 Euclide
546 2671 670 2743 allatas,
694 2673 748 2732 etsi
772 2688 872 2729 omnes
894 2669 962 2729 illae
983 2678 1051 2731 sunt
1074 2687 1179 2729 vocum
1202 2672 1346 2743 omnium,
1370 2679 1453 2729 tenor
1474 2678 1571 2730 tamen
1593 2675 1689 2748 potis-

346 2758 451 2815 simum
473 2760 501 2815 iu
526 2754 616 2838 viyopp
639 2767 809 2833 occupatur,
830 2758 980 2816 discantus
1002 2758 1032 2813 iu
1054 2760 1154 2835 aioap,
1177 2756 1254 2815 altus
1278 2759 1307 2815 in
1328 2778 1410 2837 corp,
1435 2758 1538 2817 bassas
1562 2762 1590 2816 in
1614 2759 1691 2819 saltu

347 2861 394 2919 per
422 2844 580 2904 intervalla
609 2846 794 2919 harmonica3
823 2847 952 2905 omniurn
983 2861 1052 2905 vero
1075 2855 1201 2920 quatuor
1224 2847 1451 2903 communisset
1483 2868 1613 2919 naveta,
1644 2850 1692 2904 in·

350 2933 458 3007 siguior
481 2940 578 2992 tamen
601 2933 631 2989 in
655 2934 725 2992 alto.

431 3018 500 3079 Hae
522 3023 715 3097 proprietates
742 3025 867 3096 quatuor
888 3034 994 3078 vocum
1022 3037 1058 3076 ex
1088 3019 1152 3094 ipsa
1180 3035 1273 3077 rerum
1303 3026 1408 3078 natura
1439 3018 1589 3078 desumtae
1614 3026 1691 3079 snut.

349 3105 421 3165 Nam
445 3109 517 3182 quia
538 3122 591 3183 per
613 3107 810 3166 definitionem
832 3105 968 3165 traditam
992 3114 1149 3164 concentus
1171 3112 1312 3181 perpetuo
1334 3106 1490 3165 mutandus
1513 3117 1557 3165 est
1581 3124 1616 3165 ex
1632 3106 1691 3167 alio

349 3194 377 3249 in
398 3191 507 3267 alium,
537 3210 657 3254 necesse
679 3195 735 3253 luit
762 3191 792 3251 id
814 3193 876 3252 lieri
898 3195 954 3266 sic,
986 3200 1019 3252 ut
1047 3192 1281 3253 intermediarum
1309 3209 1381 3267 uua,
1414 3195 1630 3269 comparatione
1655 3193 1692 3252 ad

350 3290 469 3355 ceteras,
493 3282 523 3338 in
545 3287 671 3357 angusto
693 3282 860 3358 systematis
887 3282 983 3356 spatio
1006 3280 1216 3341 obversaretur.
1261 3279 1335 3339 Nam
1363 3286 1387 3339 si
1411 3283 1543 3340 omnibus
1564 3281 1634 3340 lasa
1657 3300 1693 3341 ex

350 3384 445 3444 aequo
468 3370 508 3427 sit
531 3366 670 3447 libertas,
692 3386 811 3428 necesse
834 3367 930 3426 estid
953 3369 1109 3443 consequi,
1142 3376 1175 3425 ut
1196 3367 1312 3426 inferior
1334 3369 1434 3427 crebro
1457 3370 1613 3444 superioris
1637 3370 1692 3428 ob·

351 3465 424 3515 erret
445 3457 576 3531 spatium
599 3466 629 3515 et
651 3458 793 3528 vicissim,
824 3453 931 3530 fietque
954 3456 1057 3513 insana
1079 3454 1210 3514 confusio
1234 3463 1263 3513 et
1284 3457 1365 3513 irrita
1386 3454 1521 3515 reddetur
1545 3455 1692 3515 distinctio
1753 3449 1757 3458 '

352 3560 456 3601 vocum
485 3551 619 3619 quatuor.
663 3543 725 3602 Has
752 3559 822 3602 vero
851 3542 1004 3616 angustias
1035 3540 1197 3601 mediarum
1219 3544 1316 3617 potius
1345 3560 1403 3601 una
1425 3543 1526 3603 debuit
1548 3560 1693 3619 occupare

351 3626 443 3711 (altus
467 3638 498 3689 et
519 3627 633 3711 tenor),
663 3648 751 3706 quarn
779 3639 924 3689 cruentae
948 3625 1113 3710 (distentus
1138 3629 1184 3689 rel
1207 3625 1340 3711 bassus)OE
1382 3630 1458 3690 Nam
1486 3629 1592 3691 situle
1621 3632 1693 3712 quid

350 3720 378 3775 iu
400 3720 539 3777 eruentis
562 3720 671 3777 lectum
693 3726 779 3789 esset,
803 3718 896 3776 omnis
919 3715 1137 3798 intervallorum
1160 3718 1284 3776 variatio
1308 3722 1335 3773 in
1358 3734 1444 3777 unam
1460 3717 1553 3777 solam
1575 3718 1693 3795 plagam
1756 3741 1758 3752 ·

352 3822 472 3864 versura
494 3806 557 3877 luit,
580 3813 652 3881 puta
675 3804 722 3865 vel
745 3807 773 3861 in
796 3814 912 3863 acutum
937 3804 985 3862 vel
1007 3806 1035 3860 in
1057 3822 1157 3879 grave.
1202 3804 1308 3863 Melius
1327 3806 1414 3880 igitur
1428 3818 1498 3878 erat,
1522 3816 1693 3867 concentum

352 3910 386 3950 ex
407 3893 512 3967 aliqua
535 3890 704 3952 intermedia
726 3909 808 3963 voce,
832 3890 914 3950 velut
936 3908 994 3949 uno
1016 3893 1143 3966 partium
1165 3894 1255 3968 ipsius
1279 3894 1412 3970 termino,
1435 3897 1463 3951 in
1486 3904 1610 3970 angusto
1628 3895 1693 3952 loeo

350 3978 398 4056 figi
420 3996 477 4040 ssu
498 3978 623 4055 alligari,
648 3982 838 4038 variationem
864 3996 931 4037 rero
955 3978 1172 4064 intervallorum
1196 3980 1233 4038 ab
1257 3996 1291 4039 en
1312 3983 1417 4056 partim
1438 3998 1551 4039 sursum
1567 3982 1696 4059 tendere,

350 4068 456 4143 partim
481 4066 625 4125 deorsum.
669 4067 734 4125 Non
758 4066 859 4125 debuit
882 4082 950 4125 vero
973 4065 1133 4125 mediarum
1162 4083 1282 4139 vocum,
1314 4085 1390 4142 quae
1413 4076 1456 4127 est
1479 4069 1610 4140 interior,
1644 4085 1695 4128 co-

350 4155 472 4228 arctari3
498 4156 569 4229 quia
590 4153 657 4213 idea
679 4161 781 4217 cantus
804 4154 911 4226 tenori,
935 4152 1095 4212 mediarum
1116 4154 1260 4228 interiori,
1282 4154 1429 4232 adscripta
1451 4156 1536 4215 debet
1560 4164 1589 4214 et
1603 4156 1696 4215 libera

352 4259 434 4315 esse,
464 4247 496 4299 et
522 4259 573 4318 per
594 4240 720 4300 mediam
749 4242 839 4301 totius
868 4243 1035 4316 systematis
1064 4244 1256 4315 quantitatem
1285 4241 1436 4315 incedere,
1468 4250 1500 4303 ut
1521 4245 1580 4301 sint
1608 4260 1696 4301 voces

352 4330 574 4389 circumstantes
605 4327 677 4386 nibil
705 4328 784 4388 aliud
816 4345 904 4404 quarn
932 4327 1010 4387 illius
1039 4329 1151 4389 colores
1182 4336 1210 4389 et
1238 4338 1407 4389 ornamenta
1434 4348 1487 4389 seu
1510 4328 1694 4389 emblemata.

352 4415 495 4476 Interiora
517 4433 586 4473 vero
610 4414 765 4474 intervalla
786 4432 900 4492 semper
921 4416 1034 4491 majora
1055 4425 1125 4475 sunt
1153 4418 1350 4493 superioribus
1381 4415 1610 4493 cognominibus.
1658 4414 1696 4475 Ut

353 4504 439 4578 igitur
465 4510 547 4561 tenor
569 4502 696 4561 medium
720 4504 890 4577 quantitatis
912 4501 1009 4574 locum
1031 4502 1165 4576 haberet,
1193 4507 1321 4579 oportuit
1342 4504 1424 4562 illurn
1447 4521 1510 4563 esse
1533 4504 1695 4563 interiorem

352 4608 387 4649 ex
408 4588 517 4649 mediis
539 4597 628 4665 atquc
651 4591 694 4648 sic
715 4590 807 4649 altum
830 4592 858 4647 in
874 4599 1030 4666 augustum
1046 4594 1173 4667 oportuit
1188 4591 1288 4667 redigi,
1311 4608 1368 4650 non
1390 4600 1529 4659 tenorem,
1573 4590 1697 4649 Restant

354 4680 441 4755 igitur
464 4693 519 4752 pro
542 4676 728 4742 discantoet
750 4675 837 4736 basso
858 4678 1057 4752 evagationes,
1080 4677 1133 4738 sed
1157 4696 1222 4737 eum
1243 4677 1300 4738 boc
1323 4677 1495 4751 discrimine,
1524 4677 1601 4753 quod
1621 4678 1695 4737 bas-

351 4783 409 4838 sus,
432 4766 489 4840 qui
510 4781 600 4839 grave
622 4772 710 4824 sonat
731 4780 895 4840 magnoque
910 4773 991 4823 motu
1012 4772 1043 4823 et
1057 4766 1151 4842 longis
1168 4764 1282 4823 chordis
1297 4767 1475 4841 exprimitur,
1503 4764 1593 4828 tardis
1609 4768 1695 4825 ctiam

352 4853 498 4911 mensuris
520 4859 551 4911 ot
571 4856 686 4927 maguis
708 4868 801 4926 eoque
824 4850 999 4911 harmonicis
1020 4851 1183 4911 intervallis
1206 4861 1341 4927 vagetur,
1368 4834 1599 4932 discantusfqui
1622 4871 1696 4913 acu·
1734 4910 1739 4946 ι

354 4950 413 4998 turn
436 4945 526 4998 sonat
547 4938 797 5015 supervolitatque
820 4945 849 4999 et
871 4939 1009 5000 brevibus
1032 4938 1147 4998 chordis
1170 4937 1314 5014 celerique
1337 4945 1366 4997 et
1380 4942 1498 5015 angusti
1512 4943 1600 5017 spatii
1614 4950 1696 5000 motu

353 5026 478 5103 elicitur,
503 5025 640 5085 brevibus
664 5028 753 5087 etiarn
776 5042 869 5102 eoque
891 5025 1082 5085 crebrioribus
1102 5028 1244 5088 mensuris
1272 5027 1455 5103 minimisque
1478 5030 1626 5089 concinnis
1649 5030 1695 5085 in-

354 5112 487 5174 tervallis
512 5114 609 5171 omnia
631 5119 815 5189 pervagetur.
860 5112 945 5174 Haec
967 5114 1055 5189 igitur
1077 5130 1183 5173 vocum
1209 5116 1370 5189 proprietas
1393 5124 1446 5195 est.
1490 5116 1574 5176 Nunc
1597 5121 1626 5173 et
1648 5133 1705 5177 re·

354 5201 451 5277 liques
475 5198 652 5261 delinitionis
673 5199 831 5278 particulas
854 5198 1018 5261 declarabo.
