4467 6192
846 2029 1311 2144 Pnoouumum.
1428 2042 1433 2058 ·

1007 2234 1160 2250 *ιι

532 2357 656 2470 Kepleri
691 2391 772 2452 libri·
791 2395 868 2472 typis
902 2395 1046 2474 expressi,
1081 2411 1148 2455 cum
1179 2395 1307 2456 maxims
1341 2408 1377 2457 ex
1412 2401 1495 2472 parte
1528 2393 1691 2472 pertineant
1718 2392 1755 2456 ad

410 2483 631 2554 astronomiam,
647 2501 649 2515 ·
664 2486 760 2541 tamen
789 2481 826 2540 ad
855 2499 944 2542 unum
977 2499 1078 2542 omnes
1108 2476 1392 2560 argumentosum,
1423 2479 1533 2558 quanto
1563 2480 1661 2541 studio
1688 2498 1756 2542 rer-

412 2569 520 2627 earerit
550 2568 702 2642 classicos,
731 2585 805 2644 quos
833 2577 952 2644 vocant,
980 2569 1137 2647 scriptores
1163 2577 1193 2630 at
1219 2579 1330 2646 quanta
1355 2569 1441 2629 inerit
1470 2569 1534 2645 eins
1555 2567 1757 2647 philosophiae

412 2657 542 2715 scientia.
587 2655 680 2717 Plena
708 2662 776 2715 sunt
803 2659 902 2718 omnia
923 2657 1075 2717 sententiis
1104 2655 1283 2718 Graecorum
1305 2657 1560 2733 Romanorumque
1586 2658 1758 2734 scriptorum

412 2749 441 2802 et
461 2749 628 2818 poetamm,
659 2749 789 2802 retemm
823 2744 1093 2806 mathematicorum
1127 2750 1156 2822 at
1186 2752 1417 2807 astronomorum
1449 2743 1757 2822 philosophorumque,

413 2827 449 2894 ad
472 2844 534 2889 reru
555 2847 639 2916 suam
661 2827 843 2906 probandam
865 2833 970 2893 citatis.
1024 2832 1068 2891 lix
1092 2831 1226 2891 omuibus
1254 2831 1318 2909 ejus
1345 2831 1482 2909 oporibus
1504 2831 1598 2892 elucet
1619 2830 1757 2906 studium,

413 2919 580 2977 recentioris
607 2915 712 2977 aetatis
740 2919 882 2978 rationem
911 2918 1153 2997 disciplinamque
1176 2919 1213 2978 ad
1236 2937 1280 2995 aa,
1311 2936 1387 2996 quae
1408 2925 1522 2978 veteres
1544 2925 1758 2997 perspexerant,

413 3004 554 3064 relerendi
576 3001 755 3080 alteramque
775 2999 902 3066 aeta'tem
925 3005 1018 3069 altera
1039 3003 1203 3066 illustrandi
1226 3015 1256 3067 et
1277 3005 1453 3068 stabiliendi
1486 3003 1668 3067 Gravissima
1682 3009 1758 3068 euim

414 3090 581 3152 Aristotelis
613 3107 716 3169 opera,
749 3110 809 3170 qna
840 3095 947 3172 scripta
976 3101 1045 3154 aunt
1073 3093 1190 3171 lingua,
1222 3092 1558 3170 lectitaveratejusqno
1587 3094 1757 3172 interpretas

412 3181 523 3255 priores
546 3187 576 3239 et
595 3181 770 3256 posteriores
791 3180 893 3240 subtili
910 3179 1023 3258 judicio
1045 3183 1280 3258 examinaverat;
1309 3180 1443 3242 Platonis
1463 3193 1533 3240 sero
1554 3181 1673 3258 ingenio
1696 3189 1763 3242 erat'

413 3267 579 3340 innutritus,
601 3273 632 3326 ct
652 3283 729 3343 quae
751 3265 794 3327 de·
802 3267 972 3346 Pythagora
994 3269 1116 3346 ejusque
1139 3267 1240 3329 schola
1262 3267 1305 3327 illi
1328 3265 1418 3329 uetiti
1440 3265 1549 3328 tradita
1570 3275 1660 3344 eraut,
1682 3285 1758 3346 quae

413 3353 450 3413 sb
481 3352 655 3430 aequalibus
685 3352 721 3414 de
752 3353 854 3414 schola
887 3355 945 3416 ista
975 3357 1084 3433 scripta
1116 3362 1211 3432 eraut,
1249 3357 1278 3414 ln
1312 3374 1349 3418 aa
1381 3353 1585 3438 cognoscenda
1616 3355 1758 3433 quidquid

413 3439 558 3517 reliquum
579 3447 642 3500 erat
662 3443 801 3518 temporis
824 3445 1019 3504 astronomiae
1042 3441 1103 3502 dati
1126 3443 1344 3520 impendebat·
1364 3438 1530 3503 Sententiae
1552 3457 1623 3503 vero
1644 3442 1759 3523 Pytha-

415 3543 585 3604 goraeorum
608 3527 645 3588 da
667 3535 923 3606 motucorpomm
947 3529 1116 3591 coelestium
1141 3530 1180 3590 ab
1202 3529 1360 3591 Aristotele
1383 3539 1413 3590 et
1435 3529 1608 3592 Archimede
1629 3531 1776 3607 proditas·

414 3617 519 3691 insigni
552 3631 622 3676 nora
653 3617 890 3693 prosequebatur,
923 3605 1209 3696 Pythagoricaqua
1241 3618 1278 3700 ab
1313 3616 1471 3679 Aristotele
1502 3619 1599 3677 minus
1633 3617 1759 3697 dilucide
1806 3626 1811 3636 ‘

413 3703 549 3764 traditam
563 3717 658 3762 rerum
673 3705 871 3764 universitatis
885 3705 1028 3766 rationem
1041 3703 1186 3764 illustrare
1201 3711 1230 3766 et
1244 3703 1398 3767 emendare
1409 3702 1545 3765 studebat
1558 3705 1758 3783 notitiamque,

414 3798 531 3851 auctore
554 3789 714 3867 Gopernieo
734 3791 775 3868 ab
798 3790 973 3853 Archimede
996 3790 1173 3866 desumtam,
1206 3809 1266 3868 qua
1286 3792 1407 3853 'renam
1429 3793 1506 3852 circa
1527 3790 1625 3852 Solem
1646 3795 1759 3854 moueri

413 3874 598 3938 Aristarchus
620 3873 755 3938 docuisse
778 3878 949 3955 crederetur,
983 3879 1019 3941 ad
1042 3879 1249 3942 stabiliendam
1269 3879 1500 3958 (iopamieanam
1522 3896 1616 3939 rerum
1639 3882 1758 3944 univer·

413 3967 508 4025 sitatis
521 3968 671 4038 rationem,
694 3967 807 4044 qnippe'
818 3979 894 4043 quae
910 3979 975 4027 eom
990 3967 1057 4026 aliis
1072 3966 1177 4042 causis,
1201 3974 1262 4027 tum
1277 3975 1425 4028 vetustate
1439 3967 1564 4026 maxime
1579 3968 1759 4044 probaretur,

413 4059 613 4113 revocaverat.
657 4051 765 4112 hlimm
790 4061 888 4114 antem
916 4056 945 4113 in
973 4053 1092 4115 modum
1113 4060 1210 4116 moins
1233 4061 1297 4116 erat
1315 4053 1436 4132 Keplerl
1459 4055 1574 4114 animos
1595 4053 1759 4116 mathema-

414 4141 484 4214 tica,
507 4157 526 4199 a
547 4138 760 4219 Pythagoraeis
791 4139 931 4218 adjuncta
957 4140 1167 4220 philosophicis
1195 4135 1507 4215 commentationibus,
1539 4143 1759 4218 quaestiouibus

414 4243 512 4286 eorurn
543 4225 580 4287 de
608 4214 738 4287 numana*
764 4233 793 4288 et
821 4227 858 4288 tie
886 4246 934 4303 aa,
961 4229 1141 4306 quae·inter
1169 4228 1223 4290 hos
1246 4236 1275 4290 ot
1296 4227 1466 4289 coelestium
1489 4244 1640 4305 corpomm
1661 4234 1758 4288 motus

346 4381 350 4390 ¹
416 4312 613 4390 intercederet,
628 4315 749 4390 ratione,
774 4315 808 4375 de
822 4317 932 4376 tributa
946 4315 1160 4401 Pythagoraeis
1176 4325 1247 4392 arte,
1270 4332 1360 4376 sonos
1373 4316 1557 4378 harmonicas
1572 4312 1610 4374 a'd
1623 4330 1758 4376 numeros

414 4399 568 4476 referendi,
600 4399 636 4461 de
663 4400 778 4462 illorum
805 4403 965 4480 geometria
988 4409 1018 4463 et
1039 4405 1068 4462 iu
1092 4418 1130 4464 ea
1151 4402 1187 4464 de
1212 4403 1394 4481 regularibus
1424 4398 1549 4467 maxima
1579 4403 1758 4483 corporibus,

416 4489 520 4565 quibus
537 4487 736 4566 Pythagoraei
758 4489 957 4570 symbolorum
978 4491 1169 4552 amantissimi
1190 4491 1347 4567 plurimum
1369 4492 1538 4551 bibuarunt

519 4575 624 4652 Itaque
647 4573 805 4652 Keplems,
832 4576 991 4654 jamdum
1021 4579 1055 4656 in
1075 4579 1233 4638 seminario
1261 4578 1429 4656 theologico
1448 4575 1632 4651 'l'ubingeusi
1659 4575 1758 4655 philo-

415 4662 535 4740 sophiae
562 4671 592 4723 et
617 4665 811 4724 astronomiae
839 4681 956 4742 operam
979 4663 1042 4738 dat,
1073 4672 1186 4725 erectus
1208 4667 1400 4743 cogitatione,
1430 4662 1600 4724 coelestium
1627 4671 1757 4726 motuum

415 4751 494 4828 leges
525 4750 564 4810 ad
593 4765 774 4811 communem
802 4767 933 4811 normam
962 4751 1197 4812 mathematicam
1226 4751 1385 4840 referendi,
1412 4767 1473 4811 rem
1499 4765 1519 4809 a
1544 4748 1758 4830 Pythagoraels

414 4845 556 4900 tentatam
579 4843 609 4896 et
630 4839 693 4914 ipse
714 4855 870 4916 aggressus
893 4842 945 4900 est.
982 4835 1167 4917 Quamquam
1190 4838 1356 4900 disamtatio
1381 4837 1437 4915 ,de
1451 4837 1556 4898 Ιιιιιιιΰι
1580 4855 1657 4899 auno
1674 4839 1756 4900 1593

416 4943 435 4984 a
455 4925 583 5002 Keplaro
606 4926 776 5000 conscripta,
800 4925 883 5003 cujus
904 4935 1112 5002 nonnunquam
1130 4928 1242 4987 mentio
1264 4925 1298 4986 flt
1319 4924 1625 4998 (ctr.v0l.tp.rt.11.
1643 4928 1756 5002 plat),

415 5013 536 5073 lormam
564 5014 657 5089 magis
684 5017 714 5073 et
743 5003 923 5090 superficiem
946 5011 1047 5074 Lunae
1075 5020 1224 5090 spectasse
1254 5021 1284 5074 et
1306 5010 1449 5089 quaedam
1472 5009 1508 5071 de
1529 5010 1632 5071 Lunae
1653 5009 1757 5071 incolis

414 5101 521 5160 inslsae
533 5097 658 5175 ridetur,
681 5103 826 5172 mentione
848 5107 945 5161 tamen
961 5099 1147 5178 Pythagorae
1168 5100 1277 5177 injecta
1298 5099 1492 5162 adolescentia
1515 5099 1644 5159 animum
1663 5097 1756 5160 samu

415 5188 513 5266 ansgui
534 5185 722 5265 philosophia
740 5185 803 5264 iam
816 5193 878 5248 tom
888 5187 889 5190 ’
899 5194 1010 5249 motum
1024 5203 1090 5248 esse
1104 5190 1234 5266 apparet
1270 5189 1360 5269 Brerl
1373 5194 1442 5267 post
1455 5202 1543 5264 quam
1560 5187 1756 5264 praeceptoris

1550 5285 1584 5340 12
