4467 6192
557 708 619 774 626
662 668 665 678 Ι
927 700 959 762 in
978 702 1197 764 stereometriam
1214 703 1355 765 Dollorum
1372 704 1527 780 appendix.

555 883 615 953 legl,
635 882 743 938 omnino
761 881 825 939 mihi
843 890 973 952 punctum
992 882 1135 937 satisfecit·
1168 884 1205 937 At
1221 898 1276 938 uon
1293 884 1373 939 vaide
1390 892 1458 955 puto
1475 892 1614 956 receptam
1625 887 1742 942 irihno
1752 885 1906 955 logisticam

555 963 588 1017 ab
608 960 663 1016 ullo
681 961 819 1015 hominum
838 976 944 1029 genere,
962 960 1122 1029 nequidem
1141 962 1165 1015 si
1183 964 1323 1017 οοιοιιιιιι
1340 966 1495 1032 progressio
1512 983 1563 1036 per
1579 968 1671 1022 omnis
1686 966 1819 1023 obtineat.
1855 968 1907 1023 ile

555 1041 668 1095 cessitas
687 1042 757 1093 enim
776 1039 851 1093 nulla
869 1048 897 1094 et
914 1039 977 1108 plus
996 1048 1038 1094 est
1055 1040 1083 1093 iu
1102 1040 1263 1095 contusione
1282 1040 1465 1112 difficultatis,
1488 1048 1570 1115 quam
1587 1046 1616 1100 in
1632 1045 1793 1101 radnooone
1809 1047 1846 1102 ad
1863 1048 1908 1101 de-

553 1120 656 1173 nariam
674 1117 783 1172 laboris.
821 1116 910 1185 Quare
929 1135 993 1189 ergo
1013 1120 1192 1188 sexagenaria
1209 1122 1368 1189 receptesit
1390 1122 1425 1177 ab
1448 1125 1620 1192 astronomis,
1649 1125 1792 1179 maria
1820 1122 1909 1194 raeipi

553 1214 608 1252 non
625 1198 732 1267 possit?
753 1196 822 1265 Quia
840 1198 1017 1265 sexagenaria
1036 1214 1161 1267 magnam
1180 1215 1319 1271 summam,
1337 1208 1411 1269 puta
1428 1203 1470 1270 60,
1489 1202 1648 1267 accumulat,
1667 1202 1909 1257 commeantum

551 1295 632 1347 quam
652 1280 699 1345 10;
726 1284 753 1332 et
771 1278 834 1345 quia
852 1279 1029 1346 sexagenaria
1056 1278 1185 1346 quamdiu
1210 1284 1239 1334 et
1265 1286 1400 1350 quatenus
1423 1280 1500 1336 intra
1519 1283 1552 1336 10
1578 1288 1687 1349 manet,
1714 1281 1780 1336 nori
1806 1282 1906 1335 maiia

550 1358 663 1414 denaria
680 1356 746 1413 facit
762 1358 789 1411 in
808 1372 902 1412 mensa
920 1355 1108 1427 Pythagorica,
1128 1358 1267 1412 octonaria
1284 1357 1366 1427 plane
1383 1360 1465 1414 vertit
1483 1358 1605 1414 abacum

1022 1552 1025 1561 ’
1102 1536 1150 1596 Ad
1173 1536 1291 1614 Caput
1312 1537 1354 1600 X.

618 1689 682 1755 Jam
694 1690 823 1759 respondi
841 1688 899 1744 iere
918 1695 1049 1757 quantum
1067 1689 1216 1756 quaeritur.
1252 1689 1313 1744 Etsi
1330 1691 1402 1744 enim
1419 1690 1529 1743 uomina
1546 1678 1697 1759 ponderum
1715 1690 1745 1743 in
1763 1691 1905 1747 oetam

550 1770 655 1825 ratione
674 1766 779 1825 institui
797 1770 918 1838 possint,
930 1769 983 1823 non
1004 1768 1135 1821 suaserim
1151 1774 1242 1821 mmeu
1258 1767 1356 1838 vulgus
1379 1768 1546 1825 onerandum
1567 1775 1639 1823 uota
1655 1769 1820 1824 numerandi
1838 1778 1904 1824 arta

550 1848 621 1917 Quin
646 1850 753 1918 potius,
783 1849 847 1917 quia
874 1848 984 1902 schema
1011 1846 1219 1914 comparationis
1245 1861 1439 1916 progressuum
1465 1848 1620 1903 οιιοιιιιίιι
1645 1856 1674 1902 et
1700 1848 1835 1904 denam
1854 1849 1905 1903 boc

548 1930 581 1985 X.
601 1945 660 1999 cap.
678 1928 867 1997 introducitur,
885 1928 946 1982 ioco
965 1925 1111 1981 schematis
1129 1925 1212 1994 hujus
1230 1925 1303 1982 aliud
1322 1927 1433 1983 scbema
1450 1934 1478 1981 st
1494 1934 1577 1997 typus
1600 1929 1776 1997 aequatiouis
1787 1930 1904 1983 omniun

548 2012 735 2064 mensurarum
754 2016 783 2063 et
800 2008 946 2075 nominum,
965 2004 1045 2061 etiam
1064 2005 1091 2059 in
1110 2005 1285 2074 proportione
1303 2004 1474 2063 discoutiuua
1492 2022 1553 2062 sese
1566 2015 1661 2063 mutuo
1678 2009 1904 2077 emunguntur·

548 2084 575 2139 in
594 2084 689 2153 vulgus
708 2086 796 2143 detur.
833 2086 878 2141 Sic
894 2086 968 2140 enim
985 2083 1138 2138 rectissime
1155 2083 1254 2151 vulgus
1269 2084 1411 2153 jurabitur
1431 2086 1535 2143 relictis
1557 2087 1771 2144 nomenclaturin
1793 2097 1824 2143 et
1840 2105 1904 2144 con·

547 2164 735 2221 suetudinibus
753 2173 782 2221 et
799 2165 893 2235 adime
910 2164 1083 2221 nihilominus
1101 2163 1239 2218 memoria.

632 2244 663 2297 In
682 2244 755 2298 omni
770 2244 920 2298 mutatione
937 2242 1082 2311 plurimum
1105 2241 1189 2296 hebet
1210 2241 1328 2305 invidiae
1343 2242 1495 2299 subtilitas:
1512 2244 1586 2301 hauc
1602 2252 1786 2302 asserantur
1803 2244 1902 2302 mbditi

546 2320 645 2389 potiori
663 2337 697 2377 ex
714 2328 804 2392 parte;
823 2320 942 2391 populus
961 2322 1032 2376 enim
1049 2322 1078 2375 in
1095 2336 1240 2377 commune
1256 2338 1316 2377 cnm
1337 2323 1405 2392 ipsis
1427 2323 1496 2379 adso
1519 2325 1669 2381 minoribus
1690 2327 1899 2394 magistratibus

545 2398 697 2455 hebescat.
733 2404 829 2473 ltaque
847 2399 1003 2470 hujusmodi
1022 2401 1131 2470 optima*
1143 2402 1225 2456 etiam
1250 2402 1363 2458 consilia
1384 2404 1549 2461 curiositatis
1572 2406 1681 2462 nomine
1697 2406 1900 2462 calumniantur

546 2484 574 2533 et
591 2481 618 2535 in
634 2480 745 2537 scholas
763 2481 889 2551 ablegare
908 2480 1003 2536 solent.
1040 2481 1092 2550 Qui
1115 2496 1180 2536 vero
1207 2490 1318 2537 nostrae
1344 2498 1398 2537 nou
1420 2485 1544 2548 subsunt
1564 2485 1769 2555 jurisdictioni,
1797 2476 1917 2541 matun'

545 2560 623 2617 abest
641 2568 672 2617 ut
689 2568 783 2617 nostro
802 2560 925 2630 exemplo
944 2560 1049 2615 inritati
1063 2561 1141 2621 ¹brevi
1160 2561 1237 2630 sequi
1255 2559 1339 2616 velint
1364 2561 1434 2617 haec
1460 2562 1587 2633 subtilia,
1615 2570 1647 2620 ut
1673 2564 1770 2633 potius
1794 2566 1898 2632 longius

546 2639 626 2694 etiam
645 2641 756 2697 anobis
775 2640 993 2697 eintdiscessuri.
1031 2640 1166 2695 Existimo
1184 2640 1286 2711 itaque,
1318 2654 1375 2697 rem
1399 2641 1467 2697 adeo
1491 2642 1664 2712 popularem.
1687 2650 1721 2697 ut
1744 2649 1813 2697 sunt
1828 2659 1897 2698 men-

545 2734 633 2789 surae,
652 2724 679 2775 et
695 2721 724 2774 in
741 2737 820 2776 usum
837 2720 931 2790 popuii
949 2719 1071 2775 futurum
1089 2718 1195 2775 felicius
1214 2726 1242 2773 et
1260 2718 1353 2775 nulius
1372 2720 1495 2789 expediri
1510 2736 1564 2775 nou
1575 2736 1666 2790 posse,
1685 2736 1771 2789 quam
1783 2723 1809 2778 ai
1821 2738 1896 2792 quan

544 2796 603 2851 tisri
620 2805 713 2867 potest
729 2800 853 2855 tradatur
867 2798 1089 2870 popularissime.

632 2877 700 2946 Quia
717 2878 905 2941 liberalissime
923 2880 1075 2949 quaesitum
1093 2879 1158 2948 init,
1181 2878 1226 2933 lais
1244 2878 1279 2935 10
1304 2877 1438 2950 capitibus
1455 2877 1572 2937 omdide
1592 2877 1675 2945 οιίίιιι
1693 2876 1764 2933 duxi
1782 2896 1897 2949 respon·

496 2960 499 2969 '
545 2954 672 3010 dendum.
709 2958 823 3012 Veniam
847 2959 940 3027 itaque
965 2973 1064 3029 precer
1089 2956 1270 3014 confidentiae
1294 2972 1371 3011 meae
1392 2954 1590 3026 pronunciandi
1611 2954 1645 3011 de
1665 2955 1752 3011 rebus
1780 2959 1894 3028 paduan

543 3050 637 3091 ames
653 3034 824 3106 professione
842 3037 954 3108 aliems,
980 3047 1012 3095 ut
1036 3054 1107 3110 quae
1133 3038 1210 3093 uuila
1227 3052 1262 3093 ex
1279 3035 1449 3107 arrogantia,
1467 3050 1542 3092 mero
1560 3047 1625 3090 vero
1648 3048 1684 3089 ex
1702 3036 1827 3092 undere
1847 3035 1895 3091 isit

543 3118 683 3187 usurpata.
1313 3162 1317 3171 .
1438 3165 1444 3174 ,

582 3204 585 3211 ’
629 3196 750 3265 Parerga
765 3195 867 3255 inserui
883 3196 1038 3254 delectandi
1055 3212 1152 3254 causa:
1171 3195 1301 3256 ammas
1318 3193 1363 3257 laic
1379 3193 1446 3252 iellx
1463 3208 1527 3251 0⁸¹0
1542 3191 1633 3264 potui,
1657 3198 1701 3248 ⁸⁸1
1720 3200 1800 3251 m
1817 3194 1896 3251 ΝΗ

698 3307 803 3381 Pragae
821 3310 863 3365 24.
881 3310 947 3367 Dec.
966 3324 1037 3367 anno
1056 3310 1134 3369 1605.

1379 3386 1531 3457 Persmipsi
1548 3387 1576 3444 J.
1594 3386 1742 3457 Keplerua.

1086 3598 1349 3669 Postscripta.

610 3757 643 3812 In
657 3756 711 3813 hoc
723 3756 823 3825 scripto
837 3756 906 3813 haec
918 3764 994 3812 suut:
1015 3758 1040 3826 1)
1059 3757 1127 3813 Dico
1139 3755 1219 3812 valde
1230 3756 1324 3813 utilem
1336 3770 1398 3812 esse
1409 3754 1551 3811 scientiam
1563 3754 1733 3824 wenedonia
1745 3755 1895 3827 pondm

542 3848 791 3907 mensuratumque.
810 3838 836 3908 2)
856 3836 1011 3893 Difficulter
1028 3852 1092 3893 vero
1111 3836 1214 3906 aliquid
1238 3835 1266 3891 in
1290 3836 1324 3891 iia
1338 3835 1440 3889 mutari
1457 3833 1686 3903 contusionesqne
1703 3833 1766 3889 tolli
1784 3836 1894 3903 amigo

541 3930 632 3984 posse.
669 3916 696 3980 3)
715 3914 811 3983 Itaque
829 3930 884 3970 non
903 3917 1056 3985 consentio,
1079 3923 1111 3970 ιιι
1135 3914 1295 3971 aboleantur
1317 3913 1451 3969 vocabula
1471 3912 1583 3982 propria
1601 3912 1716 3981 singulis
1731 3914 1895 3982 woman,

478 4024 488 4042 ι
541 4002 631 4061 neque
649 3986 680 4049 ut
698 4010 769 4048 nova
786 3994 867 4064 piane
884 3994 1052 4064 imperentur
1069 3994 1211 4049 universis.
1247 3995 1274 4061 l)
1293 3995 1368 4062 Quae
1385 4008 1450 4048 vero
1469 3999 1535 4048 sunt
1552 3993 1672 4047 omnium
1687 3992 1837 4062 regiam
1851 4008 1894 4045 ιι·

541 4072 646 4141 cabula,
659 4080 690 4127 ut
700 4072 792 4135 librae,
806 4074 960 4139 centenarii,
970 4073 1062 4142 pedes,
1083 4073 1172 4135 ulnae,
1190 4073 1322 4141 canthari,
1340 4088 1410 4140 nego
1426 4073 1456 4125 in
1473 4078 1581 4125 uatum
1598 4071 1737 4138 mumda,
1758 4078 1792 4125 ut
1804 4069 1893 4127 nauide

540 4148 568 4205 in
586 4150 653 4206 locis
669 4151 761 4220 triplo,
780 4151 941 4222 quadruplo,
961 4152 1076 4222 decuplo
1096 4150 1212 4205 eradant
1229 4150 1333 4219 maiora
1350 4150 1392 4204 rei
1410 4151 1521 4204 minora
1558 4150 1589 4217 5)
1607 4147 1848 4218 concedoautem,
1864 4154 1892 4201 ut

540 4230 657 4295 medium
666 4230 767 4300 aliquid
777 4232 847 4287 inter
856 4238 976 4286 extrema
987 4231 1126 4299 regionum
1136 4228 1259 4297 eligatur,
1270 4228 1305 4282 ad
1317 4229 1390 4297 quod
1402 4230 1606 4285 conformentur
1617 4227 1727 4283 illoram
1738 4240 1892 4291 memmae,

442 4364 447 4375 ,
541 4314 586 4378 qui
605 4310 707 4366 habent
725 4308 841 4377 majores
859 4310 1010 4365 minoresve
1036 4322 1176 4362 mensuras
1204 4322 1254 4377 eo,
1283 4307 1356 4375 quod
1379 4324 1473 4364 sumus
1500 4307 1621 4365 eiecturi.
1657 4308 1683 4373 di
1701 4307 1789 4365 lianc,
1809 4307 1893 4376 ipsun

540 4394 631 4443 umen
653 4387 829 4442 mutationem
848 4386 949 4441 suadeo
968 4386 1135 4457 pedetentim
1152 4386 1383 4455 introducendam,
1402 4387 1506 4441 seilicet
1524 4386 1553 4439 ia
1569 4386 1604 4440 iis
1621 4386 1823 4453 namnetibus,
1850 4383 1893 4452 qni

541 4474 605 4519 sunt
622 4465 824 4533 magistratibus
847 4466 918 4521 inter
936 4482 965 4521 se
983 4473 1031 4520 ant
1049 4482 1110 4521 cum
1128 4466 1253 4522 subffitis
1288 4465 1393 4534 liempe
1408 4465 1454 4535 jus
1472 4464 1578 4519 dicatur
1594 4462 1746 4518 secuudum
1770 4462 1892 4534 idquae

541 4558 635 4600 sumus
654 4543 780 4611 eiecturi,
800 4562 854 4601 non
872 4546 1019 4601 secundum
1038 4545 1224 4615 discrepantes
1242 4544 1377 4600 vammum
1394 4541 1646 4614 regionumpedes.
1683 4543 1711 4610 7)
1729 4542 1892 4597 Continuam

540 4622 715 4679 bisectionem
740 4623 809 4679 assis
833 4622 1008 4679 admittimus.
1045 4624 1074 4691 s)
1094 4624 1286 4678 Collectionem
1313 4637 1377 4677 vero
1405 4621 1506 4677 assium
1524 4621 1552 4676 in
1571 4619 1699 4675 conanus
1716 4623 1891 4690 proportione

540 4700 621 4769 vulgo
640 4701 823 4770 imperandam
841 4702 922 4771 plane
941 4702 1094 4757 fflssusdeo.
1132 4703 1161 4770 9)
1180 4702 1310 4757 Permitto
1337 4708 1436 4761 mmen.
1464 4700 1605 4756 emendari
1631 4699 1767 4767 paulatim
1792 4700 1889 4755 termas

540 4776 729 4834 collectionum
746 4786 917 4849 receptarum
934 4779 968 4835 ad
988 4778 1068 4835 cinam
1087 4780 1213 4849 aliquam,
1232 4782 1271 4836 sie
1288 4788 1320 4837 ut
1337 4780 1461 4837 omuibus
1482 4780 1552 4835 iocis
1577 4780 1594 4834 o
1612 4778 1705 4835 Aimer
1721 4778 1780 4834 m'ut
1797 4779 1885 4833 Fades

540 4874 633 4927 mum,
652 4859 777 4913 omnibus
795 4859 862 4915 iocis
882 4860 933 4915 loo
950 4859 1040 4929 pondo
1058 4860 1094 4916 sit
1112 4861 1291 4915 centenarius.
1329 4861 1376 4928 10)
1394 4860 1444 4913 His
1470 4870 1643 4927 oomeqneus
1659 4865 1716 4926 est,
1737 4864 1771 4911 ut
1788 4858 1888 4912 diam

541 4936 627 5009 deam,
646 4937 741 5007 uulgus
752 4937 974 5010 adstringendum
993 4940 1027 4995 ad
1046 4940 1178 4994 unitatem
1196 4939 1289 4995 lateris
1303 4939 1422 4993 omnium
1434 4936 1550 4991 maium·
1575 4936 1618 5003 11)
1636 4938 1674 4992 Ει
1685 4944 1781 4991 tamen
1792 4935 1887 5005 largior

541 5016 860 5075 commensurabilitatem
884 5018 977 5074 lateris
1005 5020 1124 5075 omnium
1150 5020 1265 5083 assium,
1291 5034 1347 5073 nou
1369 5018 1398 5071 in
1423 5016 1530 5073 animle
1554 5015 1765 5083 instituendam,
1791 5017 1885 5071 sedin

540 5096 659 5150 numeris
678 5091 798 5165 pulchris
817 5105 845 5152 et
862 5098 1062 5168 receptissimis.
1101 5100 1142 5173 12)
1160 5097 1327 5156 iinmeraudi
1344 5096 1455 5153 modum
1472 5111 1522 5166 per
1538 5095 1705 5153 octonariam
1721 5092 1886 5165 magade

539 5186 602 5227 uem
620 5186 636 5229 a
652 5174 733 5247 ruigo
750 5174 831 5247 plane
851 5176 955 5237 aufero.
