<?xml version="1.0" encoding="UTF-8"?>
<!DOCTYPE html PUBLIC "-//W3C//DTD XHTML 1.0 Transitional//EN"
    "http://www.w3.org/TR/xhtml1/DTD/xhtml1-transitional.dtd">
<html xmlns="http://www.w3.org/1999/xhtml" xml:lang="en" lang="en">
 <head>
  <title>
</title>
<meta http-equiv="Content-Type" content="text/html;charset=utf-8" />
  <meta name='ocr-system' content='tesseract 3.04.00' />
  <meta name='ocr-capabilities' content='ocr_page ocr_carea ocr_par ocr_line ocrx_word'/>
</head>
<body>
  <div class='ocr_page' id='page_1' title='image "./joanniskepleria19frisgoog_0073.png"; bbox 0 0 4467 6192; ppageno 0'>
   <div class='ocr_carea' id='block_1_1' title="bbox 822 713 1822 804">
    <p class='ocr_par' dir='ltr' id='par_1_1' title="bbox 822 713 1822 804">
     <span class='ocr_line' id='line_1_1' title="bbox 822 713 1822 804; baseline 0.008 -30"><span class='ocrx_word' id='word_1_1' title='bbox 822 713 1132 804; x_wconf 24' lang='lat' dir='ltr'><strong>,amona</strong></span> <span class='ocrx_word' id='word_1_2' title='bbox 1452 720 1822 798; x_wconf 12' lang='lat' dir='ltr'><strong>‘ss‘</strong></span> 
     </span>
    </p>
   </div>
   <div class='ocr_carea' id='block_1_2' title="bbox 365 890 1702 978">
    <p class='ocr_par' dir='ltr' id='par_1_2' title="bbox 365 890 1702 978">
     <span class='ocr_line' id='line_1_2' title="bbox 365 890 1702 978; baseline 0.001 -26"><span class='ocrx_word' id='word_1_3' title='bbox 365 893 500 969; x_wconf 65' lang='lat' dir='ltr'><strong>macedo.</strong></span> <span class='ocrx_word' id='word_1_4' title='bbox 544 890 697 970; x_wconf 80' lang='lat' dir='ltr'><strong>lipllogue&#39;</strong></span> <span class='ocrx_word' id='word_1_5' title='bbox 710 895 806 972; x_wconf 77' lang='lat' dir='ltr'><strong>capite</strong></span> <span class='ocrx_word' id='word_1_6' title='bbox 826 893 868 956; x_wconf 85' lang='lat' dir='ltr'><strong>X.</strong></span> <span class='ocrx_word' id='word_1_7' title='bbox 892 894 1008 958; x_wconf 81' lang='lat' dir='ltr'><strong>ridetur</strong></span> <span class='ocrx_word' id='word_1_8' title='bbox 1021 897 1222 956; x_wconf 76' lang='lat' dir='ltr'><strong>attentionem</strong></span> <span class='ocrx_word' id='word_1_9' title='bbox 1244 902 1392 970; x_wconf 70' lang='lat' dir='ltr'><strong>moturusp</strong></span> <span class='ocrx_word' id='word_1_10' title='bbox 1420 892 1538 978; x_wconf 82' lang='lat' dir='ltr'><strong>qualem</strong></span> <span class='ocrx_word' id='word_1_11' title='bbox 1557 894 1589 952; x_wconf 93' lang='lat' dir='ltr'><strong>in</strong></span> <span class='ocrx_word' id='word_1_12' title='bbox 1609 893 1702 954; x_wconf 80' lang='lat' dir='ltr'><strong>&#39;l&#39;errs</strong></span> 
     </span>
    </p>
   </div>
   <div class='ocr_carea' id='block_1_3' title="bbox 259 977 1702 1065">
    <p class='ocr_par' dir='ltr' id='par_1_3' title="bbox 259 977 1702 1065">
     <span class='ocr_line' id='line_1_3' title="bbox 259 977 1702 1065; baseline 0.003 -29"><span class='ocrx_word' id='word_1_13' title='bbox 259 1013 260 1036; x_wconf 70' lang='lat'><em>2</em></span> <span class='ocrx_word' id='word_1_14' title='bbox 364 995 463 1057; x_wconf 85' lang='lat' dir='ltr'><strong>ponam</strong></span> <span class='ocrx_word' id='word_1_15' title='bbox 489 977 660 1042; x_wconf 87' lang='lat' dir='ltr'><strong>laenitatem</strong></span> <span class='ocrx_word' id='word_1_16' title='bbox 689 981 859 1054; x_wconf 74' lang='lat' dir='ltr'><strong>animalem,</strong></span> <span class='ocrx_word' id='word_1_17' title='bbox 895 985 942 1042; x_wconf 85' lang='lat' dir='ltr'><strong>cul</strong></span> <span class='ocrx_word' id='word_1_18' title='bbox 970 991 1141 1044; x_wconf 68' lang='lat' dir='ltr'><strong>concreatus</strong></span> <span class='ocrx_word' id='word_1_19' title='bbox 1170 985 1323 1051; x_wconf 84' lang='lat' dir='ltr'><strong>instinctus</strong></span> <span class='ocrx_word' id='word_1_20' title='bbox 1337 1058 1341 1065; x_wconf 11' lang='grc' dir='ltr'><strong>ἦ</strong></span> <span class='ocrx_word' id='word_1_21' title='bbox 1356 981 1537 1061; x_wconf 84' lang='lat' dir='ltr'><strong>percipiendi</strong></span> <span class='ocrx_word' id='word_1_22' title='bbox 1564 989 1702 1059; x_wconf 84' lang='lat' dir='ltr'><strong>aspertus</strong></span> 
     </span>
    </p>
   </div>
   <div class='ocr_carea' id='block_1_4' title="bbox 317 1061 1705 2810">
    <p class='ocr_par' dir='ltr' id='par_1_4' title="bbox 317 1061 1705 2810">
     <span class='ocr_line' id='line_1_4' title="bbox 364 1061 1704 1150; baseline 0.001 -24"><span class='ocrx_word' id='word_1_23' title='bbox 364 1069 419 1127; x_wconf 85' lang='lat' dir='ltr'><strong>rire</strong></span> <span class='ocrx_word' id='word_1_24' title='bbox 441 1067 604 1141; x_wconf 82' lang='lat' dir='ltr'><strong>discursu,</strong></span> <span class='ocrx_word' id='word_1_25' title='bbox 625 1064 656 1128; x_wconf 94' lang='lat' dir='ltr'><strong>id</strong></span> <span class='ocrx_word' id='word_1_26' title='bbox 679 1083 715 1130; x_wconf 87' lang='lat' dir='ltr'><strong>ex</strong></span> <span class='ocrx_word' id='word_1_27' title='bbox 736 1067 886 1132; x_wconf 78' lang='lat' dir='ltr'><strong>libro&#39;lV.</strong></span> <span class='ocrx_word' id='word_1_28' title='bbox 909 1077 1001 1150; x_wconf 90' lang='lat' dir='ltr'><strong>patet.</strong></span> <span class='ocrx_word' id='word_1_29' title='bbox 1045 1068 1116 1142; x_wconf 86' lang='lat' dir='ltr'><strong>Jam</strong></span> <span class='ocrx_word' id='word_1_30' title='bbox 1139 1061 1327 1132; x_wconf 80' lang='lat' dir='ltr'><strong>harmonicae</strong></span> <span class='ocrx_word' id='word_1_31' title='bbox 1349 1076 1520 1132; x_wconf 77' lang='lat' dir='ltr'><strong>meae&#39;sunt</strong></span> <span class='ocrx_word' id='word_1_32' title='bbox 1542 1068 1617 1129; x_wconf 89' lang='lat' dir='ltr'><strong>inter</strong></span> <span class='ocrx_word' id='word_1_33' title='bbox 1638 1086 1704 1128; x_wconf 92' lang='lat' dir='ltr'><strong>mo·</strong></span> 
     </span>
     <span class='ocr_line' id='line_1_5' title="bbox 364 1151 1703 1240; baseline 0.001 -26"><span class='ocrx_word' id='word_1_34' title='bbox 364 1162 406 1214; x_wconf 81' lang='lat' dir='ltr'><strong>tas</strong></span> <span class='ocrx_word' id='word_1_35' title='bbox 424 1154 623 1230; x_wconf 84' lang='lat' dir='ltr'><strong>planetarum,</strong></span> <span class='ocrx_word' id='word_1_36' title='bbox 654 1163 799 1233; x_wconf 84' lang='lat' dir='ltr'><strong>quatenus</strong></span> <span class='ocrx_word' id='word_1_37' title='bbox 820 1152 864 1216; x_wconf 91' lang='lat' dir='ltr'><strong>illi</strong></span> <span class='ocrx_word' id='word_1_38' title='bbox 885 1175 921 1219; x_wconf 86' lang='lat' dir='ltr'><strong>ex</strong></span> <span class='ocrx_word' id='word_1_39' title='bbox 943 1157 1013 1218; x_wconf 84' lang='lat' dir='ltr'><strong>Sole</strong></span> <span class='ocrx_word' id='word_1_40' title='bbox 1036 1167 1195 1236; x_wconf 78' lang='lat' dir='ltr'><strong>apparent,</strong></span> <span class='ocrx_word' id='word_1_41' title='bbox 1216 1167 1290 1222; x_wconf 76' lang='lat' dir='ltr'><strong>sunt,</strong></span> <span class='ocrx_word' id='word_1_42' title='bbox 1315 1159 1403 1235; x_wconf 86' lang='lat' dir='ltr'><strong>igitur</strong></span> <span class='ocrx_word' id='word_1_43' title='bbox 1423 1157 1552 1240; x_wconf 88' lang='lat' dir='ltr'><strong>solares,</strong></span> <span class='ocrx_word' id='word_1_44' title='bbox 1580 1165 1610 1222; x_wconf 80' lang='lat' dir='ltr'><strong>et</strong></span> <span class='ocrx_word' id='word_1_45' title='bbox 1632 1151 1703 1216; x_wconf 89' lang='lat' dir='ltr'><strong>har-</strong></span> 
     </span>
     <span class='ocr_line' id='line_1_6' title="bbox 364 1243 1702 1319; baseline 0.001 -19"><span class='ocrx_word' id='word_1_46' title='bbox 364 1243 488 1304; x_wconf 85' lang='lat' dir='ltr'><strong>monicae</strong></span> <span class='ocrx_word' id='word_1_47' title='bbox 508 1243 572 1303; x_wconf 87' lang='lat' dir='ltr'><strong>sine</strong></span> <span class='ocrx_word' id='word_1_48' title='bbox 593 1250 691 1304; x_wconf 83' lang='lat' dir='ltr'><strong>mente</strong></span> <span class='ocrx_word' id='word_1_49' title='bbox 711 1261 770 1304; x_wconf 94' lang='lat' dir='ltr'><strong>nou</strong></span> <span class='ocrx_word' id='word_1_50' title='bbox 792 1252 870 1318; x_wconf 90' lang='lat' dir='ltr'><strong>sunt,</strong></span> <span class='ocrx_word' id='word_1_51' title='bbox 891 1244 997 1305; x_wconf 87' lang='lat' dir='ltr'><strong>saltem</strong></span> <span class='ocrx_word' id='word_1_52' title='bbox 1018 1248 1162 1306; x_wconf 79' lang='lat' dir='ltr'><strong>non-sine</strong></span> <span class='ocrx_word' id='word_1_53' title='bbox 1184 1247 1332 1319; x_wconf 88' lang='lat' dir='ltr'><strong>instinctu,</strong></span> <span class='ocrx_word' id='word_1_54' title='bbox 1356 1245 1459 1304; x_wconf 90' lang='lat' dir='ltr'><strong>similis</strong></span> <span class='ocrx_word' id='word_1_55' title='bbox 1481 1243 1525 1302; x_wconf 90' lang='lat' dir='ltr'><strong>illi</strong></span> <span class='ocrx_word' id='word_1_56' title='bbox 1548 1245 1578 1300; x_wconf 91' lang='lat' dir='ltr'><strong>iu</strong></span> <span class='ocrx_word' id='word_1_57' title='bbox 1593 1243 1702 1304; x_wconf 82' lang='lat' dir='ltr'><strong>Terrae</strong></span> 
     </span>
     <span class='ocr_line' id='line_1_7' title="bbox 365 1329 1705 1414; baseline 0.002 -26"><span class='ocrx_word' id='word_1_58' title='bbox 365 1329 474 1390; x_wconf 82' lang='lat' dir='ltr'><strong>misaeli</strong></span> <span class='ocrx_word' id='word_1_59' title='bbox 496 1329 646 1414; x_wconf 82' lang='lat' dir='ltr'><strong>facultate,</strong></span> <span class='ocrx_word' id='word_1_60' title='bbox 659 1333 719 1408; x_wconf 71' lang='lat' dir='ltr'><strong>‘qni</strong></span> <span class='ocrx_word' id='word_1_61' title='bbox 741 1333 840 1406; x_wconf 81' lang='lat' dir='ltr'><strong>anima</strong></span> <span class='ocrx_word' id='word_1_62' title='bbox 861 1332 961 1392; x_wconf 92' lang='lat' dir='ltr'><strong>mundi</strong></span> <span class='ocrx_word' id='word_1_63' title='bbox 984 1332 1040 1393; x_wconf 89' lang='lat' dir='ltr'><strong>dici</strong></span> <span class='ocrx_word' id='word_1_64' title='bbox 1055 1339 1162 1410; x_wconf 86' lang='lat' dir='ltr'><strong>potest,</strong></span> <span class='ocrx_word' id='word_1_65' title='bbox 1186 1332 1221 1393; x_wconf 90' lang='lat' dir='ltr'><strong>de</strong></span> <span class='ocrx_word' id='word_1_66' title='bbox 1237 1350 1297 1409; x_wconf 85' lang='lat' dir='ltr'><strong>qua</strong></span> <span class='ocrx_word' id='word_1_67' title='bbox 1317 1335 1407 1392; x_wconf 88' lang='lat' dir='ltr'><strong>etlam</strong></span> <span class='ocrx_word' id='word_1_68' title='bbox 1422 1333 1450 1390; x_wconf 93' lang='lat' dir='ltr'><strong>in</strong></span> <span class='ocrx_word' id='word_1_69' title='bbox 1465 1329 1540 1391; x_wconf 88' lang='lat' dir='ltr'><strong>libro</strong></span> <span class='ocrx_word' id='word_1_70' title='bbox 1558 1330 1594 1390; x_wconf 91' lang='lat' dir='ltr'><strong>de</strong></span> <span class='ocrx_word' id='word_1_71' title='bbox 1610 1329 1705 1391; x_wconf 86' lang='lat' dir='ltr'><strong>Stella</strong></span> 
     </span>
     <span class='ocr_line' id='line_1_8' title="bbox 363 1413 1704 1504; baseline -0.001 -28"><span class='ocrx_word' id='word_1_72' title='bbox 363 1413 449 1476; x_wconf 78' lang='lat' dir='ltr'><strong>liora</strong></span> <span class='ocrx_word' id='word_1_73' title='bbox 493 1417 557 1478; x_wconf 79' lang='lat' dir='ltr'><strong>Aut</strong></span> <span class='ocrx_word' id='word_1_74' title='bbox 579 1417 660 1498; x_wconf 76' lang='lat' dir='ltr'><strong>Deus</strong></span> <span class='ocrx_word' id='word_1_75' title='bbox 684 1419 725 1480; x_wconf 91' lang='lat' dir='ltr'><strong>ihi</strong></span> <span class='ocrx_word' id='word_1_76' title='bbox 747 1423 810 1497; x_wconf 87' lang='lat' dir='ltr'><strong>ipse</strong></span> <span class='ocrx_word' id='word_1_77' title='bbox 833 1418 1012 1480; x_wconf 81' lang='lat' dir='ltr'><strong>domicilium</strong></span> <span class='ocrx_word' id='word_1_78' title='bbox 1033 1419 1132 1494; x_wconf 88' lang='lat' dir='ltr'><strong>hebet,</strong></span> <span class='ocrx_word' id='word_1_79' title='bbox 1156 1426 1209 1481; x_wconf 90' lang='lat' dir='ltr'><strong>aut</strong></span> <span class='ocrx_word' id='word_1_80' title='bbox 1229 1419 1485 1504; x_wconf 80' lang='lat' dir='ltr'><strong>mentesaliquae,</strong></span> <span class='ocrx_word' id='word_1_81' title='bbox 1509 1418 1611 1494; x_wconf 89' lang='lat' dir='ltr'><strong>quales</strong></span> <span class='ocrx_word' id='word_1_82' title='bbox 1634 1427 1704 1476; x_wconf 89' lang='lat' dir='ltr'><strong>sunt</strong></span> 
     </span>
     <span class='ocr_line' id='line_1_9' title="bbox 366 1504 1704 1584; baseline 0.002 -20"><span class='ocrx_word' id='word_1_83' title='bbox 366 1513 508 1565; x_wconf 76' lang='lat' dir='ltr'><strong>calmae</strong></span> <span class='ocrx_word' id='word_1_84' title='bbox 521 1507 646 1580; x_wconf 77' lang='lat' dir='ltr'><strong>generis</strong></span> <span class='ocrx_word' id='word_1_85' title='bbox 666 1504 786 1568; x_wconf 86' lang='lat' dir='ltr'><strong>hnmani</strong></span> <span class='ocrx_word' id='word_1_86' title='bbox 815 1509 846 1566; x_wconf 93' lang='lat' dir='ltr'><strong>in</strong></span> <span class='ocrx_word' id='word_1_87' title='bbox 870 1508 977 1568; x_wconf 79' lang='lat' dir='ltr'><strong>Terris.</strong></span> <span class='ocrx_word' id='word_1_88' title='bbox 1022 1505 1178 1584; x_wconf 73' lang='lat' dir='ltr'><strong>objectum</strong></span> <span class='ocrx_word' id='word_1_89' title='bbox 1204 1510 1284 1567; x_wconf 88' lang='lat' dir='ltr'><strong>enirn</strong></span> <span class='ocrx_word' id='word_1_90' title='bbox 1306 1507 1485 1567; x_wconf 88' lang='lat' dir='ltr'><strong>Harmoniae</strong></span> <span class='ocrx_word' id='word_1_91' title='bbox 1508 1522 1570 1564; x_wconf 90' lang='lat' dir='ltr'><strong>non</strong></span> <span class='ocrx_word' id='word_1_92' title='bbox 1597 1504 1704 1567; x_wconf 79' lang='lat' dir='ltr'><strong>trustra</strong></span> 
     </span>
     <span class='ocr_line' id='line_1_10' title="bbox 363 1590 1701 1672; baseline 0 -20"><span class='ocrx_word' id='word_1_93' title='bbox 363 1590 463 1652; x_wconf 82' lang='lat' dir='ltr'><strong>lsotmn</strong></span> <span class='ocrx_word' id='word_1_94' title='bbox 485 1599 548 1668; x_wconf 88' lang='lat' dir='ltr'><strong>ast,</strong></span> <span class='ocrx_word' id='word_1_95' title='bbox 571 1592 623 1657; x_wconf 91' lang='lat' dir='ltr'><strong>sed</strong></span> <span class='ocrx_word' id='word_1_96' title='bbox 645 1592 683 1668; x_wconf 84' lang='lat' dir='ltr'><strong>ad</strong></span> <span class='ocrx_word' id='word_1_97' title='bbox 705 1590 881 1656; x_wconf 79' lang='lat' dir='ltr'><strong>movendam</strong></span> <span class='ocrx_word' id='word_1_98' title='bbox 903 1594 1033 1672; x_wconf 83' lang='lat' dir='ltr'><strong>aliquam</strong></span> <span class='ocrx_word' id='word_1_99' title='bbox 1055 1601 1219 1656; x_wconf 69' lang='lat' dir='ltr'><strong>cremeram</strong></span> <span class='ocrx_word' id='word_1_100' title='bbox 1243 1593 1403 1655; x_wconf 85' lang='lat' dir='ltr'><strong>idoneam&#39;</strong></span> <span class='ocrx_word' id='word_1_101' title='bbox 1432 1594 1498 1654; x_wconf 90' lang='lat' dir='ltr'><strong>Deo</strong></span> <span class='ocrx_word' id='word_1_102' title='bbox 1521 1609 1591 1652; x_wconf 86' lang='lat' dir='ltr'><strong>raro</strong></span> <span class='ocrx_word' id='word_1_103' title='bbox 1611 1599 1701 1653; x_wconf 86' lang='lat' dir='ltr'><strong>natu-</strong></span> 
     </span>
     <span class='ocr_line' id='line_1_11' title="bbox 364 1675 1704 1759; baseline 0.001 -21"><span class='ocrx_word' id='word_1_104' title='bbox 364 1675 417 1738; x_wconf 83' lang='lat' dir='ltr'><strong>rale</strong></span> <span class='ocrx_word' id='word_1_105' title='bbox 437 1677 531 1740; x_wconf 87' lang='lat' dir='ltr'><strong>relnti</strong></span> <span class='ocrx_word' id='word_1_106' title='bbox 553 1687 583 1741; x_wconf 89' lang='lat' dir='ltr'><strong>et</strong></span> <span class='ocrx_word' id='word_1_107' title='bbox 605 1679 782 1742; x_wconf 88' lang='lat' dir='ltr'><strong>ordinarium</strong></span> <span class='ocrx_word' id='word_1_108' title='bbox 802 1683 968 1750; x_wconf 74' lang='lat' dir='ltr'><strong>adscribere</strong></span> <span class='ocrx_word' id='word_1_109' title='bbox 991 1683 1019 1740; x_wconf 90' lang='lat' dir='ltr'><strong>in</strong></span> <span class='ocrx_word' id='word_1_110' title='bbox 1036 1681 1106 1743; x_wconf 85' lang='lat' dir='ltr'><strong>Sole</strong></span> <span class='ocrx_word' id='word_1_111' title='bbox 1123 1681 1310 1757; x_wconf 79' lang='lat' dir='ltr'><strong>domicilium,</strong></span> <span class='ocrx_word' id='word_1_112' title='bbox 1334 1689 1435 1742; x_wconf 89' lang='lat' dir='ltr'><strong>eontra</strong></span> <span class='ocrx_word' id='word_1_113' title='bbox 1449 1678 1536 1740; x_wconf 90' lang='lat' dir='ltr'><strong>iidem</strong></span> <span class='ocrx_word' id='word_1_114' title='bbox 1551 1687 1609 1755; x_wconf 86' lang='lat' dir='ltr'><strong>est,</strong></span> <span class='ocrx_word' id='word_1_115' title='bbox 1633 1680 1704 1759; x_wconf 89' lang='lat' dir='ltr'><strong>qnia</strong></span> 
     </span>
     <span class='ocr_line' id='line_1_12' title="bbox 364 1765 1704 1851; baseline 0 -27"><span class='ocrx_word' id='word_1_116' title='bbox 364 1765 530 1843; x_wconf 89' lang='lat' dir='ltr'><strong>isuhique,</strong></span> <span class='ocrx_word' id='word_1_117' title='bbox 553 1769 582 1826; x_wconf 91' lang='lat' dir='ltr'><strong>in</strong></span> <span class='ocrx_word' id='word_1_118' title='bbox 605 1767 687 1829; x_wconf 91' lang='lat' dir='ltr'><strong>coelo</strong></span> <span class='ocrx_word' id='word_1_119' title='bbox 710 1787 780 1831; x_wconf 86' lang='lat' dir='ltr'><strong>vero</strong></span> <span class='ocrx_word' id='word_1_120' title='bbox 803 1778 866 1831; x_wconf 89' lang='lat' dir='ltr'><strong>toto</strong></span> <span class='ocrx_word' id='word_1_121' title='bbox 887 1767 1136 1848; x_wconf 86' lang='lat' dir='ltr'><strong>generaliterpet</strong></span> <span class='ocrx_word' id='word_1_122' title='bbox 1158 1768 1282 1847; x_wconf 76' lang='lat' dir='ltr'><strong>gloriam</strong></span> <span class='ocrx_word' id='word_1_123' title='bbox 1311 1777 1341 1830; x_wconf 91' lang='lat' dir='ltr'><strong>et</strong></span> <span class='ocrx_word' id='word_1_124' title='bbox 1361 1768 1556 1851; x_wconf 75' lang='lat' dir='ltr'><strong>maiestatem.</strong></span> <span class='ocrx_word' id='word_1_125' title='bbox 1600 1766 1704 1828; x_wconf 83' lang='lat' dir='ltr'><strong>Relin-</strong></span> 
     </span>
     <span class='ocr_line' id='line_1_13' title="bbox 365 1853 1704 1936; baseline 0.007 -25"><span class='ocrx_word' id='word_1_126' title='bbox 365 1853 468 1928; x_wconf 83' lang='lat' dir='ltr'><strong>quitur,</strong></span> <span class='ocrx_word' id='word_1_127' title='bbox 502 1862 535 1915; x_wconf 92' lang='lat' dir='ltr'><strong>nt</strong></span> <span class='ocrx_word' id='word_1_128' title='bbox 557 1855 687 1933; x_wconf 85' lang='lat' dir='ltr'><strong>aliquam</strong></span> <span class='ocrx_word' id='word_1_129' title='bbox 706 1859 882 1919; x_wconf 86' lang='lat' dir='ltr'><strong>rationalem</strong></span> <span class='ocrx_word' id='word_1_130' title='bbox 905 1860 935 1918; x_wconf 90' lang='lat' dir='ltr'><strong>in</strong></span> <span class='ocrx_word' id='word_1_131' title='bbox 957 1855 1047 1936; x_wconf 89' lang='lat' dir='ltr'><strong>gloho</strong></span> <span class='ocrx_word' id='word_1_132' title='bbox 1069 1855 1148 1918; x_wconf 84' lang='lat' dir='ltr'><strong>Solis</strong></span> <span class='ocrx_word' id='word_1_133' title='bbox 1170 1865 1331 1918; x_wconf 77' lang='lat' dir='ltr'><strong>uenturam</strong></span> <span class='ocrx_word' id='word_1_134' title='bbox 1354 1854 1480 1917; x_wconf 92' lang='lat' dir='ltr'><strong>incolam</strong></span> <span class='ocrx_word' id='word_1_135' title='bbox 1505 1854 1610 1919; x_wconf 86' lang='lat' dir='ltr'><strong>saltem</strong></span> <span class='ocrx_word' id='word_1_136' title='bbox 1632 1871 1704 1920; x_wconf 90' lang='lat' dir='ltr'><strong>con.-</strong></span> 
     </span>
     <span class='ocr_line' id='line_1_14' title="bbox 362 1935 1704 2023; baseline 0.001 -23"><span class='ocrx_word' id='word_1_137' title='bbox 362 1939 538 2014; x_wconf 78' lang='lat' dir='ltr'><strong>ieetnrsliter</strong></span> <span class='ocrx_word' id='word_1_138' title='bbox 559 1958 775 2021; x_wconf 71' lang='lat' dir='ltr'><strong>supponamus,</strong></span> <span class='ocrx_word' id='word_1_139' title='bbox 798 1962 875 2023; x_wconf 86' lang='lat' dir='ltr'><strong>quae</strong></span> <span class='ocrx_word' id='word_1_140' title='bbox 897 1953 995 2008; x_wconf 86' lang='lat' dir='ltr'><strong>tamen</strong></span> <span class='ocrx_word' id='word_1_141' title='bbox 1018 1961 1075 2006; x_wconf 93' lang='lat' dir='ltr'><strong>non</strong></span> <span class='ocrx_word' id='word_1_142' title='bbox 1097 1947 1138 2006; x_wconf 91' lang='lat' dir='ltr'><strong>sit</strong></span> <span class='ocrx_word' id='word_1_143' title='bbox 1160 1944 1262 2005; x_wconf 86' lang='lat' dir='ltr'><strong>eadem</strong></span> <span class='ocrx_word' id='word_1_144' title='bbox 1278 1961 1349 2005; x_wconf 87' lang='lat' dir='ltr'><strong>eum</strong></span> <span class='ocrx_word' id='word_1_145' title='bbox 1370 1935 1513 2013; x_wconf 87' lang='lat' dir='ltr'><strong>humana,</strong></span> <span class='ocrx_word' id='word_1_146' title='bbox 1535 1940 1588 2002; x_wconf 89' lang='lat' dir='ltr'><strong>sed</strong></span> <span class='ocrx_word' id='word_1_147' title='bbox 1610 1942 1704 2018; x_wconf 90' lang='lat' dir='ltr'><strong>magis</strong></span> 
     </span>
     <span class='ocr_line' id='line_1_15' title="bbox 364 2025 1704 2109; baseline 0.001 -23"><span class='ocrx_word' id='word_1_148' title='bbox 364 2025 518 2088; x_wconf 81' lang='lat' dir='ltr'><strong>intehcotui</strong></span> <span class='ocrx_word' id='word_1_149' title='bbox 530 2030 665 2108; x_wconf 72' lang='lat' dir='ltr'><strong>‘simplici</strong></span> <span class='ocrx_word' id='word_1_150' title='bbox 688 2031 812 2108; x_wconf 73' lang='lat' dir='ltr'><strong>similia·</strong></span> <span class='ocrx_word' id='word_1_151' title='bbox 824 2027 918 2109; x_wconf 65' lang='lat' dir='ltr'><strong>qudm‘</strong></span> <span class='ocrx_word' id='word_1_152' title='bbox 934 2033 1041 2092; x_wconf 82' lang='lat' dir='ltr'><strong>rationi</strong></span> <span class='ocrx_word' id='word_1_153' title='bbox 1062 2034 1263 2107; x_wconf 71' lang='lat' dir='ltr'><strong>ratiocinanti,</strong></span> <span class='ocrx_word' id='word_1_154' title='bbox 1276 2039 1320 2101; x_wconf 48' lang='lat' dir='ltr'><strong>„ut</strong></span> <span class='ocrx_word' id='word_1_155' title='bbox 1340 2026 1416 2092; x_wconf 88' lang='lat' dir='ltr'><strong>solet</strong></span> <span class='ocrx_word' id='word_1_156' title='bbox 1438 2031 1532 2104; x_wconf 87' lang='lat' dir='ltr'><strong>homo,</strong></span> <span class='ocrx_word' id='word_1_157' title='bbox 1556 2031 1626 2107; x_wconf 89' lang='lat' dir='ltr'><strong>quia</strong></span> <span class='ocrx_word' id='word_1_158' title='bbox 1641 2029 1704 2088; x_wconf 84' lang='lat' dir='ltr'><strong>&#39;ho-</strong></span> 
     </span>
     <span class='ocr_line' id='line_1_16' title="bbox 363 2115 1702 2197; baseline 0.001 -25"><span class='ocrx_word' id='word_1_159' title='bbox 363 2116 427 2173; x_wconf 90' lang='lat' dir='ltr'><strong>mini</strong></span> <span class='ocrx_word' id='word_1_160' title='bbox 447 2123 545 2177; x_wconf 84' lang='lat' dir='ltr'><strong>motus</strong></span> <span class='ocrx_word' id='word_1_161' title='bbox 569 2117 677 2182; x_wconf 84' lang='lat' dir='ltr'><strong>‘lerrao</strong></span> <span class='ocrx_word' id='word_1_162' title='bbox 701 2137 815 2180; x_wconf 89' lang='lat' dir='ltr'><strong>annuus</strong></span> <span class='ocrx_word' id='word_1_163' title='bbox 845 2122 921 2182; x_wconf 88' lang='lat' dir='ltr'><strong>circa</strong></span> <span class='ocrx_word' id='word_1_164' title='bbox 943 2119 1042 2182; x_wconf 83' lang='lat' dir='ltr'><strong>Solem</strong></span> <span class='ocrx_word' id='word_1_165' title='bbox 1070 2133 1123 2197; x_wconf 92' lang='lat' dir='ltr'><strong>pro</strong></span> <span class='ocrx_word' id='word_1_166' title='bbox 1146 2118 1242 2180; x_wconf 90' lang='lat' dir='ltr'><strong>medio</strong></span> <span class='ocrx_word' id='word_1_167' title='bbox 1265 2124 1311 2181; x_wconf 90' lang='lat' dir='ltr'><strong>est</strong></span> <span class='ocrx_word' id='word_1_168' title='bbox 1332 2120 1540 2179; x_wconf 85' lang='lat' dir='ltr'><strong>astronomiam</strong></span> <span class='ocrx_word' id='word_1_169' title='bbox 1558 2115 1702 2178; x_wconf 86' lang='lat' dir='ltr'><strong>&#39;discendi</strong></span> 
     </span>
     <span class='ocr_line' id='line_1_17' title="bbox 364 2198 1703 2283; baseline 0.001 -21"><span class='ocrx_word' id='word_1_170' title='bbox 364 2219 410 2280; x_wconf 86' lang='lat' dir='ltr'><strong>per</strong></span> <span class='ocrx_word' id='word_1_171' title='bbox 429 2201 607 2280; x_wconf 83' lang='lat' dir='ltr'><strong>discursum,</strong></span> <span class='ocrx_word' id='word_1_172' title='bbox 635 2223 693 2283; x_wconf 88' lang='lat' dir='ltr'><strong>quo</strong></span> <span class='ocrx_word' id='word_1_173' title='bbox 716 2198 814 2272; x_wconf 80' lang='lat' dir='ltr'><strong>m&#39;edio</strong></span> <span class='ocrx_word' id='word_1_174' title='bbox 843 2208 959 2270; x_wconf 83' lang='lat' dir='ltr'><strong>solares</strong></span> <span class='ocrx_word' id='word_1_175' title='bbox 978 2213 1090 2282; x_wconf 84' lang='lat' dir='ltr'><strong>carent,</strong></span> <span class='ocrx_word' id='word_1_176' title='bbox 1121 2199 1260 2269; x_wconf 73' lang='lat' dir='ltr'><strong>obdulie</strong></span> <span class='ocrx_word' id='word_1_177' title='bbox 1283 2207 1462 2283; x_wconf 88' lang='lat' dir='ltr'><strong>quietamin</strong></span> <span class='ocrx_word' id='word_1_178' title='bbox 1485 2211 1592 2268; x_wconf 85' lang='lat' dir='ltr'><strong>centro.</strong></span> <span class='ocrx_word' id='word_1_179' title='bbox 1636 2203 1703 2264; x_wconf 82' lang='lat' dir='ltr'><strong>An·</strong></span> 
     </span>
     <span class='ocr_line' id='line_1_18' title="bbox 363 2287 1704 2369; baseline 0.004 -21"><span class='ocrx_word' id='word_1_180' title='bbox 363 2287 438 2365; x_wconf 87' lang='lat' dir='ltr'><strong>gaios</strong></span> <span class='ocrx_word' id='word_1_181' title='bbox 460 2290 601 2368; x_wconf 88' lang='lat' dir='ltr'><strong>dicerem,</strong></span> <span class='ocrx_word' id='word_1_182' title='bbox 630 2293 749 2354; x_wconf 65' lang='lat' dir='ltr'><strong>sed‘illi</strong></span> <span class='ocrx_word' id='word_1_183' title='bbox 782 2311 841 2355; x_wconf 91' lang='lat' dir='ltr'><strong>non</strong></span> <span class='ocrx_word' id='word_1_184' title='bbox 864 2291 974 2356; x_wconf 80' lang='lat' dir='ltr'><strong>hahent</strong></span> <span class='ocrx_word' id='word_1_185' title='bbox 1000 2292 1161 2356; x_wconf 88' lang='lat' dir='ltr'><strong>inmundo</strong></span> <span class='ocrx_word' id='word_1_186' title='bbox 1189 2294 1253 2355; x_wconf 88' lang='lat' dir='ltr'><strong>tale</strong></span> <span class='ocrx_word' id='word_1_187' title='bbox 1271 2302 1382 2356; x_wconf 89' lang='lat' dir='ltr'><strong>certum</strong></span> <span class='ocrx_word' id='word_1_188' title='bbox 1408 2291 1602 2366; x_wconf 83' lang='lat' dir='ltr'><strong>domicilium,</strong></span> <span class='ocrx_word' id='word_1_189' title='bbox 1633 2294 1704 2369; x_wconf 85' lang='lat' dir='ltr'><strong>qnia</strong></span> 
     </span>
     <span class='ocr_line' id='line_1_19' title="bbox 362 2376 1705 2460; baseline 0.003 -24"><span class='ocrx_word' id='word_1_190' title='bbox 362 2383 424 2436; x_wconf 87' lang='lat' dir='ltr'><strong>sunt</strong></span> <span class='ocrx_word' id='word_1_191' title='bbox 441 2376 579 2458; x_wconf 88' lang='lat' dir='ltr'><strong>deputati</strong></span> <span class='ocrx_word' id='word_1_192' title='bbox 599 2379 639 2440; x_wconf 91' lang='lat' dir='ltr'><strong>ad</strong></span> <span class='ocrx_word' id='word_1_193' title='bbox 661 2383 860 2443; x_wconf 86' lang='lat' dir='ltr'><strong>ministerium.</strong></span> <span class='ocrx_word' id='word_1_194' title='bbox 903 2383 959 2443; x_wconf 75' lang='lat' dir='ltr'><strong>liet</strong></span> <span class='ocrx_word' id='word_1_195' title='bbox 979 2384 1067 2459; x_wconf 90' lang='lat' dir='ltr'><strong>igitur</strong></span> <span class='ocrx_word' id='word_1_196' title='bbox 1088 2390 1209 2443; x_wconf 89' lang='lat' dir='ltr'><strong>naturae</strong></span> <span class='ocrx_word' id='word_1_197' title='bbox 1225 2381 1325 2458; x_wconf 85' lang='lat' dir='ltr'><strong>aliqua</strong></span> <span class='ocrx_word' id='word_1_198' title='bbox 1339 2397 1417 2460; x_wconf 88' lang='lat' dir='ltr'><strong>pars,</strong></span> <span class='ocrx_word' id='word_1_199' title='bbox 1438 2380 1561 2458; x_wconf 84' lang='lat' dir='ltr'><strong>alligata</strong></span> <span class='ocrx_word' id='word_1_200' title='bbox 1575 2377 1647 2453; x_wconf 86' lang='lat' dir='ltr'><strong>Soli,</strong></span> <span class='ocrx_word' id='word_1_201' title='bbox 1671 2386 1705 2440; x_wconf 92' lang='lat' dir='ltr'><strong>ut</strong></span> 
     </span>
     <span class='ocr_line' id='line_1_20' title="bbox 362 2461 1701 2548; baseline 0.002 -26"><span class='ocrx_word' id='word_1_202' title='bbox 362 2463 488 2526; x_wconf 86' lang='lat' dir='ltr'><strong>homines</strong></span> <span class='ocrx_word' id='word_1_203' title='bbox 511 2465 619 2530; x_wconf 81' lang='lat' dir='ltr'><strong>Terrae</strong></span> <span class='ocrx_word' id='word_1_204' title='bbox 640 2471 753 2531; x_wconf 88' lang='lat' dir='ltr'><strong>ratione</strong></span> <span class='ocrx_word' id='word_1_205' title='bbox 776 2486 945 2548; x_wconf 82' lang='lat' dir='ltr'><strong>corporum,</strong></span> <span class='ocrx_word' id='word_1_206' title='bbox 976 2461 1100 2547; x_wconf 83' lang='lat' dir='ltr'><strong>quaesi</strong></span> <span class='ocrx_word' id='word_1_207' title='bbox 1123 2470 1221 2532; x_wconf 83' lang='lat' dir='ltr'><strong>Solem</strong></span> <span class='ocrx_word' id='word_1_208' title='bbox 1245 2468 1422 2544; x_wconf 85' lang='lat' dir='ltr'><strong>desererent,</strong></span> <span class='ocrx_word' id='word_1_209' title='bbox 1453 2467 1611 2528; x_wconf 86' lang='lat' dir='ltr'><strong>harmoniis</strong></span> <span class='ocrx_word' id='word_1_210' title='bbox 1633 2465 1701 2541; x_wconf 89' lang='lat' dir='ltr'><strong>iili&#39;s,</strong></span> 
     </span>
     <span class='ocr_line' id='line_1_21' title="bbox 364 2551 1705 2634; baseline 0.004 -24"><span class='ocrx_word' id='word_1_211' title='bbox 364 2552 398 2612; x_wconf 84' lang='lat' dir='ltr'><strong>ob</strong></span> <span class='ocrx_word' id='word_1_212' title='bbox 419 2569 493 2629; x_wconf 87' lang='lat' dir='ltr'><strong>quse</strong></span> <span class='ocrx_word' id='word_1_213' title='bbox 516 2553 591 2616; x_wconf 85' lang='lat' dir='ltr'><strong>talia</strong></span> <span class='ocrx_word' id='word_1_214' title='bbox 611 2555 780 2633; x_wconf 82' lang='lat' dir='ltr'><strong>introduco,</strong></span> <span class='ocrx_word' id='word_1_215' title='bbox 802 2573 862 2618; x_wconf 90' lang='lat' dir='ltr'><strong>non</strong></span> <span class='ocrx_word' id='word_1_216' title='bbox 883 2557 1053 2618; x_wconf 84' lang='lat' dir='ltr'><strong>haereatur.</strong></span> <span class='ocrx_word' id='word_1_217' title='bbox 1097 2552 1161 2634; x_wconf 79' lang='lat' dir='ltr'><strong>ileo</strong></span> <span class='ocrx_word' id='word_1_218' title='bbox 1181 2556 1289 2629; x_wconf 84' lang='lat' dir='ltr'><strong>sullioit</strong></span> <span class='ocrx_word' id='word_1_219' title='bbox 1311 2555 1422 2632; x_wconf 81' lang='lat' dir='ltr'><strong>dicere,</strong></span> <span class='ocrx_word' id='word_1_220' title='bbox 1450 2555 1616 2617; x_wconf 87' lang='lat' dir='ltr'><strong>harmonias</strong></span> <span class='ocrx_word' id='word_1_221' title='bbox 1638 2551 1705 2615; x_wconf 89' lang='lat' dir='ltr'><strong>ilias</strong></span> 
     </span>
     <span class='ocr_line' id='line_1_22' title="bbox 317 2641 1705 2723; baseline 0.001 -22"><span class='ocrx_word' id='word_1_222' title='bbox 317 2711 320 2716; x_wconf 15' lang='grc' dir='ltr'><strong>Δ</strong></span> <span class='ocrx_word' id='word_1_223' title='bbox 363 2655 423 2701; x_wconf 83' lang='lat' dir='ltr'><strong>asse</strong></span> <span class='ocrx_word' id='word_1_224' title='bbox 449 2647 570 2718; x_wconf 88' lang='lat' dir='ltr'><strong>propter</strong></span> <span class='ocrx_word' id='word_1_225' title='bbox 592 2641 750 2722; x_wconf 84' lang='lat' dir='ltr'><strong>Keplerum</strong></span> <span class='ocrx_word' id='word_1_226' title='bbox 781 2649 811 2706; x_wconf 89' lang='lat' dir='ltr'><strong>et</strong></span> <span class='ocrx_word' id='word_1_227' title='bbox 838 2646 889 2723; x_wconf 84' lang='lat' dir='ltr'><strong>qui</strong></span> <span class='ocrx_word' id='word_1_228' title='bbox 916 2652 985 2723; x_wconf 90' lang='lat' dir='ltr'><strong>post</strong></span> <span class='ocrx_word' id='word_1_229' title='bbox 1013 2643 1095 2704; x_wconf 80' lang='lat' dir='ltr'><strong>ilium</strong></span> <span class='ocrx_word' id='word_1_230' title='bbox 1123 2642 1226 2706; x_wconf 86' lang='lat' dir='ltr'><strong>lecturi</strong></span> <span class='ocrx_word' id='word_1_231' title='bbox 1257 2651 1325 2704; x_wconf 90' lang='lat' dir='ltr'><strong>sunt</strong></span> <span class='ocrx_word' id='word_1_232' title='bbox 1353 2643 1411 2704; x_wconf 86' lang='lat' dir='ltr'><strong>hoa</strong></span> <span class='ocrx_word' id='word_1_233' title='bbox 1436 2660 1520 2720; x_wconf 87' lang='lat' dir='ltr'><strong>opus.</strong></span> <span class='ocrx_word' id='word_1_234' title='bbox 1563 2641 1639 2702; x_wconf 86' lang='lat' dir='ltr'><strong>Nam</strong></span> <span class='ocrx_word' id='word_1_235' title='bbox 1667 2659 1705 2703; x_wconf 88' lang='lat' dir='ltr'><strong>ue</strong></span> 
     </span>
     <span class='ocr_line' id='line_1_23' title="bbox 364 2728 1705 2810; baseline 0.001 -25"><span class='ocrx_word' id='word_1_236' title='bbox 364 2735 493 2803; x_wconf 82' lang='lat' dir='ltr'><strong>rapacum</strong></span> <span class='ocrx_word' id='word_1_237' title='bbox 516 2728 634 2806; x_wconf 85' lang='lat' dir='ltr'><strong>quidem</strong></span> <span class='ocrx_word' id='word_1_238' title='bbox 666 2733 697 2790; x_wconf 88' lang='lat' dir='ltr'><strong>ln</strong></span> <span class='ocrx_word' id='word_1_239' title='bbox 718 2731 816 2793; x_wconf 79' lang='lat' dir='ltr'><strong>Terris</strong></span> <span class='ocrx_word' id='word_1_240' title='bbox 838 2729 966 2793; x_wconf 86' lang='lat' dir='ltr'><strong>siderum</strong></span> <span class='ocrx_word' id='word_1_241' title='bbox 989 2740 1057 2792; x_wconf 90' lang='lat' dir='ltr'><strong>sunt</strong></span> <span class='ocrx_word' id='word_1_242' title='bbox 1086 2740 1206 2810; x_wconf 91' lang='lat' dir='ltr'><strong>propter</strong></span> <span class='ocrx_word' id='word_1_243' title='bbox 1227 2731 1307 2807; x_wconf 80' lang='lat' dir='ltr'><strong>solos</strong></span> <span class='ocrx_word' id='word_1_244' title='bbox 1329 2738 1526 2804; x_wconf 85' lang='lat' dir='ltr'><strong>astronomos,</strong></span> <span class='ocrx_word' id='word_1_245' title='bbox 1556 2729 1609 2790; x_wconf 88' lang='lat' dir='ltr'><strong>sed</strong></span> <span class='ocrx_word' id='word_1_246' title='bbox 1631 2731 1705 2798; x_wconf 82' lang='lat' dir='ltr'><strong>insi—</strong></span> 
     </span>
    </p>
   </div>
   <div class='ocr_carea' id='block_1_5' title="bbox 259 2816 1706 2898">
    <p class='ocr_par' dir='ltr' id='par_1_5' title="bbox 259 2816 1706 2898">
     <span class='ocr_line' id='line_1_24' title="bbox 259 2816 1706 2898; baseline 0.004 -27"><span class='ocrx_word' id='word_1_247' title='bbox 259 2881 261 2894; x_wconf 30' lang='lat'>.</span> <span class='ocrx_word' id='word_1_248' title='bbox 363 2823 449 2879; x_wconf 82' lang='lat' dir='ltr'><strong>unani</strong></span> <span class='ocrx_word' id='word_1_249' title='bbox 470 2831 503 2876; x_wconf 86' lang='lat' dir='ltr'><strong>ae</strong></span> <span class='ocrx_word' id='word_1_250' title='bbox 524 2817 702 2894; x_wconf 38' lang='lat' dir='ltr'><strong>generaliter,</strong></span> <span class='ocrx_word' id='word_1_251' title='bbox 722 2819 877 2894; x_wconf 78' lang='lat' dir='ltr'><strong>omnihui,</strong></span> <span class='ocrx_word' id='word_1_252' title='bbox 904 2822 992 2880; x_wconf 90' lang='lat' dir='ltr'><strong>etiam</strong></span> <span class='ocrx_word' id='word_1_253' title='bbox 1015 2822 1145 2894; x_wconf 86' lang='lat' dir='ltr'><strong>rusticis,</strong></span> <span class='ocrx_word' id='word_1_254' title='bbox 1171 2835 1225 2898; x_wconf 92' lang='lat' dir='ltr'><strong>per</strong></span> <span class='ocrx_word' id='word_1_255' title='bbox 1251 2818 1396 2892; x_wconf 84' lang='lat' dir='ltr'><strong>occultum</strong></span> <span class='ocrx_word' id='word_1_256' title='bbox 1418 2819 1602 2892; x_wconf 80' lang='lat' dir='ltr'><strong>instinetnm3</strong></span> <span class='ocrx_word' id='word_1_257' title='bbox 1631 2816 1706 2877; x_wconf 90' lang='lat' dir='ltr'><strong>haec</strong></span> 
     </span>
    </p>
   </div>
   <div class='ocr_carea' id='block_1_6' title="bbox 360 2902 1732 3600">
    <p class='ocr_par' dir='ltr' id='par_1_6' title="bbox 360 2902 1732 3600">
     <span class='ocr_line' id='line_1_25' title="bbox 364 2902 1705 2992; baseline 0.002 -32"><span class='ocrx_word' id='word_1_258' title='bbox 364 2902 434 2960; x_wconf 82' lang='lat' dir='ltr'><strong>mim</strong></span> <span class='ocrx_word' id='word_1_259' title='bbox 456 2911 503 2963; x_wconf 92' lang='lat' dir='ltr'><strong>est</strong></span> <span class='ocrx_word' id='word_1_260' title='bbox 527 2905 571 2964; x_wconf 86' lang='lat' dir='ltr'><strong>vis</strong></span> <span class='ocrx_word' id='word_1_261' title='bbox 594 2909 755 2984; x_wconf 82' lang='lat' dir='ltr'><strong>genesium.</strong></span> <span class='ocrx_word' id='word_1_262' title='bbox 801 2907 920 2968; x_wconf 87' lang='lat' dir='ltr'><strong>interim</strong></span> <span class='ocrx_word' id='word_1_263' title='bbox 943 2906 1096 2992; x_wconf 77' lang='lat' dir='ltr'><strong>diligenter</strong></span> <span class='ocrx_word' id='word_1_264' title='bbox 1117 2903 1220 2982; x_wconf 78' lang='lat' dir='ltr'><strong>cas&#39;eo,</strong></span> <span class='ocrx_word' id='word_1_265' title='bbox 1243 2923 1289 2967; x_wconf 92' lang='lat' dir='ltr'><strong>me</strong></span> <span class='ocrx_word' id='word_1_266' title='bbox 1311 2905 1520 2984; x_wconf 78' lang='lat' dir='ltr'><strong>intelligentias</strong></span> <span class='ocrx_word' id='word_1_267' title='bbox 1542 2905 1624 2965; x_wconf 89' lang='lat' dir='ltr'><strong>Deos</strong></span> <span class='ocrx_word' id='word_1_268' title='bbox 1646 2920 1705 2963; x_wconf 93' lang='lat' dir='ltr'><strong>non</strong></span> 
     </span>
     <span class='ocr_line' id='line_1_26' title="bbox 364 2987 1707 3074; baseline 0.004 -28"><span class='ocrx_word' id='word_1_269' title='bbox 364 2989 552 3068; x_wconf 87' lang='lat' dir='ltr'><strong>introducere,</strong></span> <span class='ocrx_word' id='word_1_270' title='bbox 575 3010 629 3054; x_wconf 90' lang='lat' dir='ltr'><strong>nec</strong></span> <span class='ocrx_word' id='word_1_271' title='bbox 651 2993 816 3072; x_wconf 77' lang='lat' dir='ltr'><strong>theurgicae</strong></span> <span class='ocrx_word' id='word_1_272' title='bbox 838 2987 1059 3073; x_wconf 82' lang='lat' dir='ltr'><strong>superstitiones&#39;</strong></span> <span class='ocrx_word' id='word_1_273' title='bbox 1080 2993 1224 3068; x_wconf 85' lang='lat' dir='ltr'><strong>stabilire,</strong></span> <span class='ocrx_word' id='word_1_274' title='bbox 1248 2991 1301 3055; x_wconf 89' lang='lat' dir='ltr'><strong>sed</strong></span> <span class='ocrx_word' id='word_1_275' title='bbox 1323 2992 1359 3054; x_wconf 92' lang='lat' dir='ltr'><strong>de</strong></span> <span class='ocrx_word' id='word_1_276' title='bbox 1380 2991 1427 3054; x_wconf 90' lang='lat' dir='ltr'><strong>his</strong></span> <span class='ocrx_word' id='word_1_277' title='bbox 1450 2992 1594 3070; x_wconf 82' lang='lat' dir='ltr'><strong>conjicere</strong></span> <span class='ocrx_word' id='word_1_278' title='bbox 1615 2997 1648 3074; x_wconf 84' lang='lat' dir='ltr'><strong>ut</strong></span> <span class='ocrx_word' id='word_1_279' title='bbox 1670 2988 1707 3052; x_wconf 85' lang='lat' dir='ltr'><strong>do</strong></span> 
     </span>
     <span class='ocr_line' id='line_1_27' title="bbox 361 3077 1705 3163; baseline 0.001 -27"><span class='ocrx_word' id='word_1_280' title='bbox 361 3083 439 3152; x_wconf 85' lang='lat' dir='ltr'><strong>parte</strong></span> <span class='ocrx_word' id='word_1_281' title='bbox 460 3087 594 3155; x_wconf 89' lang='lat' dir='ltr'><strong>naturae,</strong></span> <span class='ocrx_word' id='word_1_282' title='bbox 619 3079 745 3158; x_wconf 90' lang='lat' dir='ltr'><strong>denique</strong></span> <span class='ocrx_word' id='word_1_283' title='bbox 762 3081 879 3163; x_wconf 79' lang='lat' dir='ltr'><strong>&#39;tanturn</strong></span> <span class='ocrx_word' id='word_1_284' title='bbox 900 3079 976 3142; x_wconf 89' lang='lat' dir='ltr'><strong>iilud</strong></span> <span class='ocrx_word' id='word_1_285' title='bbox 998 3077 1161 3156; x_wconf 80' lang='lat' dir='ltr'><strong>velle,&#39;nos</strong></span> <span class='ocrx_word' id='word_1_286' title='bbox 1182 3081 1312 3144; x_wconf 87' lang='lat' dir='ltr'><strong>nondum</strong></span> <span class='ocrx_word' id='word_1_287' title='bbox 1326 3098 1427 3141; x_wconf 89' lang='lat' dir='ltr'><strong>omnes</strong></span> <span class='ocrx_word' id='word_1_288' title='bbox 1447 3089 1569 3141; x_wconf 90' lang='lat' dir='ltr'><strong>naturae</strong></span> <span class='ocrx_word' id='word_1_289' title='bbox 1584 3077 1705 3140; x_wconf 87' lang='lat' dir='ltr'><strong>thesau-</strong></span> 
     </span>
     <span class='ocr_line' id='line_1_28' title="bbox 361 3164 1732 3252; baseline 0.002 -29"><span class='ocrx_word' id='word_1_290' title='bbox 361 3179 406 3222; x_wconf 86' lang='lat' dir='ltr'><strong>roe</strong></span> <span class='ocrx_word' id='word_1_291' title='bbox 428 3169 567 3242; x_wconf 86' lang='lat' dir='ltr'><strong>angustia</strong></span> <span class='ocrx_word' id='word_1_292' title='bbox 590 3170 763 3246; x_wconf 88' lang='lat' dir='ltr'><strong>cognitionis</strong></span> <span class='ocrx_word' id='word_1_293' title='bbox 785 3177 903 3230; x_wconf 88' lang='lat' dir='ltr'><strong>nostrae</strong></span> <span class='ocrx_word' id='word_1_294' title='bbox 926 3167 1111 3246; x_wconf 85' lang='lat' dir='ltr'><strong>exhausisse,</strong></span> <span class='ocrx_word' id='word_1_295' title='bbox 1142 3167 1194 3228; x_wconf 89' lang='lat' dir='ltr'><strong>sed</strong></span> <span class='ocrx_word' id='word_1_296' title='bbox 1213 3168 1312 3230; x_wconf 90' lang='lat' dir='ltr'><strong>adhuc</strong></span> <span class='ocrx_word' id='word_1_297' title='bbox 1328 3168 1417 3246; x_wconf 90' lang='lat' dir='ltr'><strong>plara</strong></span> <span class='ocrx_word' id='word_1_298' title='bbox 1445 3169 1474 3226; x_wconf 92' lang='lat' dir='ltr'><strong>in</strong></span> <span class='ocrx_word' id='word_1_299' title='bbox 1497 3164 1605 3226; x_wconf 90' lang='lat' dir='ltr'><strong>mundo</strong></span> <span class='ocrx_word' id='word_1_300' title='bbox 1629 3182 1704 3240; x_wconf 90' lang='lat' dir='ltr'><strong>esse,</strong></span> <span class='ocrx_word' id='word_1_301' title='bbox 1727 3243 1732 3252; x_wconf 16' lang='grc' dir='ltr'>ἱ</span> 
     </span>
     <span class='ocr_line' id='line_1_29' title="bbox 362 3251 1705 3340; baseline 0.002 -31"><span class='ocrx_word' id='word_1_302' title='bbox 362 3267 440 3340; x_wconf 32' lang='lat' dir='ltr'><strong>quae,</strong></span> <span class='ocrx_word' id='word_1_303' title='bbox 455 3255 644 3316; x_wconf 80' lang='lat' dir='ltr'><strong>nesciamus·</strong></span> <span class='ocrx_word' id='word_1_304' title='bbox 674 3256 759 3330; x_wconf 87' lang='lat' dir='ltr'><strong>Dico,</strong></span> <span class='ocrx_word' id='word_1_305' title='bbox 783 3274 842 3316; x_wconf 92' lang='lat' dir='ltr'><strong>non</strong></span> <span class='ocrx_word' id='word_1_306' title='bbox 864 3259 977 3332; x_wconf 89' lang='lat' dir='ltr'><strong>mirum,</strong></span> <span class='ocrx_word' id='word_1_307' title='bbox 1001 3259 1026 3316; x_wconf 91' lang='lat' dir='ltr'><strong>sl</strong></span> <span class='ocrx_word' id='word_1_308' title='bbox 1048 3258 1114 3334; x_wconf 91' lang='lat' dir='ltr'><strong>quis</strong></span> <span class='ocrx_word' id='word_1_309' title='bbox 1137 3258 1180 3317; x_wconf 89' lang='lat' dir='ltr'><strong>ita</strong></span> <span class='ocrx_word' id='word_1_310' title='bbox 1200 3251 1335 3332; x_wconf 86' lang='lat' dir='ltr'><strong>somniet,</strong></span> <span class='ocrx_word' id='word_1_311' title='bbox 1357 3253 1432 3316; x_wconf 89' lang='lat' dir='ltr'><strong>nihil</strong></span> <span class='ocrx_word' id='word_1_312' title='bbox 1446 3253 1582 3338; x_wconf 81' lang='lat' dir='ltr'><strong>ahsolutc</strong></span> <span class='ocrx_word' id='word_1_313' title='bbox 1597 3259 1705 3314; x_wconf 89' lang='lat' dir='ltr'><strong>statuo.</strong></span> 
     </span>
     <span class='ocr_line' id='line_1_30' title="bbox 360 3333 1707 3424; baseline 0.001 -24"><span class='ocrx_word' id='word_1_314' title='bbox 360 3333 443 3400; x_wconf 82' lang='lat' dir='ltr'><strong>Haeo</strong></span> <span class='ocrx_word' id='word_1_315' title='bbox 463 3357 579 3402; x_wconf 86' lang='lat' dir='ltr'><strong>summa</strong></span> <span class='ocrx_word' id='word_1_316' title='bbox 601 3343 766 3418; x_wconf 88' lang='lat' dir='ltr'><strong>est,.tu.si</strong></span> <span class='ocrx_word' id='word_1_317' title='bbox 786 3346 888 3404; x_wconf 86' lang='lat' dir='ltr'><strong>statim</strong></span> <span class='ocrx_word' id='word_1_318' title='bbox 910 3345 1109 3424; x_wconf 85' lang='lat' dir='ltr'><strong>rescripseris,</strong></span> <span class='ocrx_word' id='word_1_319' title='bbox 1137 3345 1246 3422; x_wconf 86' lang='lat' dir='ltr'><strong>poteris</strong></span> <span class='ocrx_word' id='word_1_320' title='bbox 1267 3361 1357 3422; x_wconf 82' lang='lat' dir='ltr'><strong>super</strong></span> <span class='ocrx_word' id='word_1_321' title='bbox 1377 3341 1434 3404; x_wconf 90' lang='lat' dir='ltr'><strong>hac</strong></span> <span class='ocrx_word' id='word_1_322' title='bbox 1454 3361 1486 3405; x_wconf 91' lang='lat' dir='ltr'><strong>re</strong></span> <span class='ocrx_word' id='word_1_323' title='bbox 1508 3360 1555 3404; x_wconf 88' lang='lat' dir='ltr'><strong>me</strong></span> <span class='ocrx_word' id='word_1_324' title='bbox 1578 3348 1707 3418; x_wconf 86' lang='lat' dir='ltr'><strong>tempore</strong></span> 
     </span>
     <span class='ocr_line' id='line_1_31' title="bbox 362 3430 1708 3518; baseline 0.004 -35"><span class='ocrx_word' id='word_1_325' title='bbox 362 3442 493 3518; x_wconf 70' lang='lat' dir='ltr'><strong>monere5</strong></span> <span class='ocrx_word' id='word_1_326' title='bbox 523 3430 573 3489; x_wconf 81' lang='lat' dir='ltr'><strong>vix</strong></span> <span class='ocrx_word' id='word_1_327' title='bbox 602 3431 768 3491; x_wconf 91' lang='lat' dir='ltr'><strong>animante</strong></span> <span class='ocrx_word' id='word_1_328' title='bbox 799 3433 1020 3509; x_wconf 76' lang='lat' dir='ltr'><strong>lseplimanas</strong></span> <span class='ocrx_word' id='word_1_329' title='bbox 1050 3430 1089 3492; x_wconf 92' lang='lat' dir='ltr'><strong>ad</strong></span> <span class='ocrx_word' id='word_1_330' title='bbox 1117 3431 1201 3491; x_wconf 89' lang='lat' dir='ltr'><strong>illum</strong></span> <span class='ocrx_word' id='word_1_331' title='bbox 1227 3430 1324 3492; x_wconf 87' lang='lat' dir='ltr'><strong>locum</strong></span> <span class='ocrx_word' id='word_1_332' title='bbox 1346 3433 1474 3492; x_wconf 87' lang='lat' dir='ltr'><strong>‘venient</strong></span> <span class='ocrx_word' id='word_1_333' title='bbox 1493 3445 1622 3507; x_wconf 83' lang='lat' dir='ltr'><strong>operae,</strong></span> <span class='ocrx_word' id='word_1_334' title='bbox 1655 3436 1708 3488; x_wconf 88' lang='lat' dir='ltr'><strong>aut</strong></span> 
     </span>
     <span class='ocr_line' id='line_1_32' title="bbox 360 3515 1707 3600; baseline -0.001 -27"><span class='ocrx_word' id='word_1_335' title='bbox 360 3521 454 3588; x_wconf 88' lang='lat' dir='ltr'><strong>potest</strong></span> <span class='ocrx_word' id='word_1_336' title='bbox 476 3517 566 3575; x_wconf 87' lang='lat' dir='ltr'><strong>etiarn</strong></span> <span class='ocrx_word' id='word_1_337' title='bbox 583 3533 648 3578; x_wconf 86' lang='lat' dir='ltr'><strong>nna</strong></span> <span class='ocrx_word' id='word_1_338' title='bbox 669 3521 778 3596; x_wconf 85' lang='lat' dir='ltr'><strong>pagina</strong></span> <span class='ocrx_word' id='word_1_339' title='bbox 800 3522 913 3600; x_wconf 73' lang='lat' dir='ltr'><strong>mauri.</strong></span> <span class='ocrx_word' id='word_1_340' title='bbox 956 3519 1003 3580; x_wconf 77' lang='lat' dir='ltr'><strong>lle</strong></span> <span class='ocrx_word' id='word_1_341' title='bbox 1025 3519 1210 3580; x_wconf 84' lang='lat' dir='ltr'><strong>Harmonicis</strong></span> <span class='ocrx_word' id='word_1_342' title='bbox 1233 3518 1388 3594; x_wconf 80' lang='lat' dir='ltr'><strong>haetenue3</strong></span> <span class='ocrx_word' id='word_1_343' title='bbox 1408 3519 1524 3578; x_wconf 89' lang='lat' dir='ltr'><strong>initium</strong></span> <span class='ocrx_word' id='word_1_344' title='bbox 1545 3515 1603 3577; x_wconf 92' lang='lat' dir='ltr'><strong>hoo</strong></span> <span class='ocrx_word' id='word_1_345' title='bbox 1625 3516 1707 3576; x_wconf 59' lang='lat' dir='ltr'><strong>iece-⁸</strong></span> 
     </span>
    </p>
   </div>
   <div class='ocr_carea' id='block_1_7' title="bbox 360 3593 1710 3759">
    <p class='ocr_par' dir='ltr' id='par_1_7' title="bbox 360 3593 1710 3759">
     <span class='ocr_line' id='line_1_33' title="bbox 361 3593 1710 3686; baseline 0.003 -27"><span class='ocrx_word' id='word_1_346' title='bbox 361 3615 421 3659; x_wconf 91' lang='lat' dir='ltr'><strong>rsm</strong></span> <span class='ocrx_word' id='word_1_347' title='bbox 444 3599 561 3662; x_wconf 88' lang='lat' dir='ltr'><strong>dicendi</strong></span> <span class='ocrx_word' id='word_1_348' title='bbox 593 3603 629 3666; x_wconf 90' lang='lat' dir='ltr'><strong>da</strong></span> <span class='ocrx_word' id='word_1_349' title='bbox 652 3608 838 3666; x_wconf 90' lang='lat' dir='ltr'><strong>cunctatione</strong></span> <span class='ocrx_word' id='word_1_350' title='bbox 859 3623 926 3667; x_wconf 88' lang='lat' dir='ltr'><strong>mea</strong></span> <span class='ocrx_word' id='word_1_351' title='bbox 947 3607 983 3666; x_wconf 66' lang='lat' dir='ltr'><strong>&#39;in</strong></span> <span class='ocrx_word' id='word_1_352' title='bbox 1008 3607 1163 3686; x_wconf 89' lang='lat' dir='ltr'><strong>operibus,</strong></span> <span class='ocrx_word' id='word_1_353' title='bbox 1194 3623 1270 3685; x_wconf 84' lang='lat' dir='ltr'><strong>quae</strong></span> <span class='ocrx_word' id='word_1_354' title='bbox 1299 3606 1356 3666; x_wconf 88' lang='lat' dir='ltr'><strong>snb</strong></span> <span class='ocrx_word' id='word_1_355' title='bbox 1378 3605 1514 3666; x_wconf 85' lang='lat' dir='ltr'><strong>manibus</strong></span> <span class='ocrx_word' id='word_1_356' title='bbox 1537 3593 1642 3664; x_wconf 86' lang='lat' dir='ltr'><strong>haheo.</strong></span> <span class='ocrx_word' id='word_1_357' title='bbox 1665 3635 1710 3682; x_wconf 70' lang='lat'><strong>···.</strong></span> 
     </span>
     <span class='ocr_line' id='line_1_34' title="bbox 360 3684 1706 3759; baseline 0.001 -24"><span class='ocrx_word' id='word_1_358' title='bbox 360 3684 425 3735; x_wconf 84' lang='lat' dir='ltr'><strong>llaec</strong></span> <span class='ocrx_word' id='word_1_359' title='bbox 442 3693 580 3748; x_wconf 71' lang='lat' dir='ltr'><strong>uqnnntnr</strong></span> <span class='ocrx_word' id='word_1_360' title='bbox 598 3693 772 3746; x_wconf 79' lang='lat' dir='ltr'><strong>excusstlonsa</strong></span> <span class='ocrx_word' id='word_1_361' title='bbox 790 3693 969 3759; x_wconf 72' lang='lat' dir='ltr'><strong>concutionis,</strong></span> <span class='ocrx_word' id='word_1_362' title='bbox 989 3695 1055 3753; x_wconf 79' lang='lat' dir='ltr'><strong>‘quas</strong></span> <span class='ocrx_word' id='word_1_363' title='bbox 1073 3691 1284 3756; x_wconf 83' lang='lat' dir='ltr'><strong>supradiximus.</strong></span> <span class='ocrx_word' id='word_1_364' title='bbox 1322 3690 1455 3741; x_wconf 77' lang='lat' dir='ltr'><strong>Conclusio</strong></span> <span class='ocrx_word' id='word_1_365' title='bbox 1473 3696 1558 3739; x_wconf 85' lang='lat' dir='ltr'><strong>autern</strong></span> <span class='ocrx_word' id='word_1_366' title='bbox 1574 3691 1706 3743; x_wconf 83' lang='lat' dir='ltr'><strong>literarum</strong></span> 
     </span>
    </p>
   </div>
   <div class='ocr_carea' id='block_1_8' title="bbox 358 3759 1711 4016">
    <p class='ocr_par' dir='ltr' id='par_1_8' title="bbox 358 3759 1711 4016">
     <span class='ocr_line' id='line_1_35' title="bbox 358 3759 1711 3842; baseline 0.007 -30"><span class='ocrx_word' id='word_1_367' title='bbox 358 3763 424 3818; x_wconf 75' lang='lat' dir='ltr'><strong>aare</strong></span> <span class='ocrx_word' id='word_1_368' title='bbox 445 3771 496 3816; x_wconf 84' lang='lat' dir='ltr'><strong>sse:</strong></span> <span class='ocrx_word' id='word_1_369' title='bbox 519 3759 621 3837; x_wconf 80' lang='lat' dir='ltr'><strong>Mitto,</strong></span> <span class='ocrx_word' id='word_1_370' title='bbox 645 3779 732 3839; x_wconf 88' lang='lat' dir='ltr'><strong>quem</strong></span> <span class='ocrx_word' id='word_1_371' title='bbox 753 3765 842 3842; x_wconf 87' lang='lat' dir='ltr'><strong>petis,</strong></span> <span class='ocrx_word' id='word_1_372' title='bbox 864 3763 972 3825; x_wconf 87' lang='lat' dir='ltr'><strong>librum</strong></span> <span class='ocrx_word' id='word_1_373' title='bbox 994 3762 1031 3824; x_wconf 90' lang='lat' dir='ltr'><strong>de</strong></span> <span class='ocrx_word' id='word_1_374' title='bbox 1052 3763 1264 3839; x_wconf 77' lang='lat' dir='ltr'><strong>Stellallova,</strong></span> <span class='ocrx_word' id='word_1_375' title='bbox 1287 3764 1419 3825; x_wconf 79' lang='lat' dir='ltr'><strong>hrenies</strong></span> <span class='ocrx_word' id='word_1_376' title='bbox 1443 3765 1473 3823; x_wconf 92' lang='lat' dir='ltr'><strong>iu</strong></span> <span class='ocrx_word' id='word_1_377' title='bbox 1496 3779 1531 3823; x_wconf 93' lang='lat' dir='ltr'><strong>eo</strong></span> <span class='ocrx_word' id='word_1_378' title='bbox 1553 3763 1631 3822; x_wconf 83' lang='lat' dir='ltr'><strong>viris</strong></span> <span class='ocrx_word' id='word_1_379' title='bbox 1654 3777 1711 3822; x_wconf 62' lang='lat' dir='ltr'><strong>oo«</strong></span> 
     </span>
     <span class='ocr_line' id='line_1_36' title="bbox 359 3842 1706 3928; baseline 0.006 -26"><span class='ocrx_word' id='word_1_380' title='bbox 359 3842 470 3906; x_wconf 84' lang='lat' dir='ltr'><strong>loribus</strong></span> <span class='ocrx_word' id='word_1_381' title='bbox 500 3847 645 3926; x_wconf 79' lang='lat' dir='ltr'><strong>depictum</strong></span> <span class='ocrx_word' id='word_1_382' title='bbox 667 3849 709 3912; x_wconf 85' lang='lat' dir='ltr'><strong>iu.</strong></span> <span class='ocrx_word' id='word_1_383' title='bbox 732 3851 891 3911; x_wconf 81' lang='lat' dir='ltr'><strong>Antonium</strong></span> <span class='ocrx_word' id='word_1_384' title='bbox 914 3851 950 3912; x_wconf 90' lang='lat' dir='ltr'><strong>de</strong></span> <span class='ocrx_word' id='word_1_385' title='bbox 973 3849 1108 3912; x_wconf 87' lang='lat' dir='ltr'><strong>Dominis</strong></span> <span class='ocrx_word' id='word_1_386' title='bbox 1130 3855 1246 3926; x_wconf 67' lang='lat'><strong>(1:659),</strong></span> <span class='ocrx_word' id='word_1_387' title='bbox 1269 3853 1320 3927; x_wconf 89' lang='lat' dir='ltr'><strong>qnl</strong></span> <span class='ocrx_word' id='word_1_388' title='bbox 1349 3852 1389 3920; x_wconf 90' lang='lat' dir='ltr'><strong>si,</strong></span> <span class='ocrx_word' id='word_1_389' title='bbox 1421 3857 1456 3909; x_wconf 92' lang='lat' dir='ltr'><strong>nt</strong></span> <span class='ocrx_word' id='word_1_390' title='bbox 1485 3848 1629 3928; x_wconf 80' lang='lat' dir='ltr'><strong>aorihlinr,</strong></span> <span class='ocrx_word' id='word_1_391' title='bbox 1654 3866 1706 3910; x_wconf 84' lang='lat' dir='ltr'><strong>ou·</strong></span> 
     </span>
     <span class='ocr_line' id='line_1_37' title="bbox 359 3931 1492 4016; baseline 0.005 -26"><span class='ocrx_word' id='word_1_392' title='bbox 359 3931 440 4010; x_wconf 88' lang='lat' dir='ltr'><strong>cidit,</strong></span> <span class='ocrx_word' id='word_1_393' title='bbox 465 3935 640 3996; x_wconf 79' lang='lat' dir='ltr'><strong>annihilavit</strong></span> <span class='ocrx_word' id='word_1_394' title='bbox 662 3944 692 3998; x_wconf 90' lang='lat' dir='ltr'><strong>et</strong></span> <span class='ocrx_word' id='word_1_395' title='bbox 713 3947 836 4000; x_wconf 87' lang='lat' dir='ltr'><strong>conatus</strong></span> <span class='ocrx_word' id='word_1_396' title='bbox 858 3955 928 3999; x_wconf 91' lang='lat' dir='ltr'><strong>suos</strong></span> <span class='ocrx_word' id='word_1_397' title='bbox 950 3953 1074 4016; x_wconf 86' lang='lat' dir='ltr'><strong>magnos</strong></span> <span class='ocrx_word' id='word_1_398' title='bbox 1097 3945 1127 3999; x_wconf 89' lang='lat' dir='ltr'><strong>et</strong></span> <span class='ocrx_word' id='word_1_399' title='bbox 1147 3953 1244 3998; x_wconf 88' lang='lat' dir='ltr'><strong>meum</strong></span> <span class='ocrx_word' id='word_1_400' title='bbox 1265 3938 1492 4016; x_wconf 88' lang='lat' dir='ltr'><strong>prognosticum.</strong></span> 
     </span>
    </p>
   </div>
   <div class='ocr_carea' id='block_1_9' title="bbox 442 4016 1813 4106">
    <p class='ocr_par' dir='ltr' id='par_1_9' title="bbox 442 4016 1813 4106">
     <span class='ocr_line' id='line_1_38' title="bbox 442 4016 1813 4106; baseline 0.004 -26"><span class='ocrx_word' id='word_1_401' title='bbox 442 4020 530 4082; x_wconf 74' lang='lat' dir='ltr'><strong>Pinio</strong></span> <span class='ocrx_word' id='word_1_402' title='bbox 553 4022 670 4084; x_wconf 88' lang='lat' dir='ltr'><strong>tandem</strong></span> <span class='ocrx_word' id='word_1_403' title='bbox 693 4041 823 4104; x_wconf 85' lang='lat' dir='ltr'><strong>rogoque</strong></span> <span class='ocrx_word' id='word_1_404' title='bbox 844 4021 892 4086; x_wconf 92' lang='grc'><strong>111.</strong></span> <span class='ocrx_word' id='word_1_405' title='bbox 916 4025 1005 4106; x_wconf 85' lang='lat' dir='ltr'><strong>Dign.</strong></span> <span class='ocrx_word' id='word_1_406' title='bbox 1028 4025 1139 4106; x_wconf 68' lang='lat' dir='ltr'><strong>Tuam,</strong></span> <span class='ocrx_word' id='word_1_407' title='bbox 1167 4025 1405 4102; x_wconf 87' lang='lat' dir='ltr'><strong>aequibonique</strong></span> <span class='ocrx_word' id='word_1_408' title='bbox 1427 4021 1560 4095; x_wconf 85' lang='lat' dir='ltr'><strong>consulat</strong></span> <span class='ocrx_word' id='word_1_409' title='bbox 1582 4022 1708 4084; x_wconf 85' lang='lat' dir='ltr'><strong>rustica·</strong></span> <span class='ocrx_word' id='word_1_410' title='bbox 1810 4016 1813 4023; x_wconf 79' lang='grc'><strong><em>’</em></strong></span> 
     </span>
    </p>
   </div>
   <div class='ocr_carea' id='block_1_10' title="bbox 357 4108 1713 4523">
    <p class='ocr_par' dir='ltr' id='par_1_10' title="bbox 361 4108 1706 4202">
     <span class='ocr_line' id='line_1_39' title="bbox 361 4108 1706 4202; baseline 0.005 -40"><span class='ocrx_word' id='word_1_411' title='bbox 361 4123 414 4167; x_wconf 90' lang='lat' dir='ltr'><strong>nos</strong></span> <span class='ocrx_word' id='word_1_412' title='bbox 437 4114 469 4169; x_wconf 89' lang='lat' dir='ltr'><strong>et</strong></span> <span class='ocrx_word' id='word_1_413' title='bbox 491 4108 605 4171; x_wconf 89' lang='lat' dir='ltr'><strong>literam</strong></span> <span class='ocrx_word' id='word_1_414' title='bbox 628 4119 657 4172; x_wconf 89' lang='lat' dir='ltr'><strong>et</strong></span> <span class='ocrx_word' id='word_1_415' title='bbox 679 4129 782 4173; x_wconf 89' lang='lat' dir='ltr'><strong>sensus</strong></span> <span class='ocrx_word' id='word_1_416' title='bbox 798 4109 975 4191; x_wconf 59' lang='lat' dir='ltr'><strong>‘moresquep</strong></span> <span class='ocrx_word' id='word_1_417' title='bbox 989 4112 1065 4193; x_wconf 72' lang='lat' dir='ltr'><strong>,plns</strong></span> <span class='ocrx_word' id='word_1_418' title='bbox 1081 4112 1217 4190; x_wconf 89' lang='lat' dir='ltr'><strong>equidein</strong></span> <span class='ocrx_word' id='word_1_419' title='bbox 1239 4115 1266 4174; x_wconf 91' lang='lat' dir='ltr'><strong>ei</strong></span> <span class='ocrx_word' id='word_1_420' title='bbox 1279 4113 1480 4202; x_wconf 68' lang='lat' dir='ltr'><strong>renuationis</strong></span> <span class='ocrx_word' id='word_1_421' title='bbox 1492 4110 1605 4186; x_wconf 74' lang='lat' dir='ltr'><strong>debeo,</strong></span> <span class='ocrx_word' id='word_1_422' title='bbox 1619 4127 1706 4188; x_wconf 90' lang='lat' dir='ltr'><strong>quam</strong></span> 
     </span>
    </p>

    <p class='ocr_par' dir='ltr' id='par_1_11' title="bbox 358 4193 1708 4284">
     <span class='ocr_line' id='line_1_40' title="bbox 358 4193 1708 4284; baseline 0.004 -30"><span class='ocrx_word' id='word_1_423' title='bbox 358 4193 418 4254; x_wconf 87' lang='lat' dir='ltr'><strong>ulls</strong></span> <span class='ocrx_word' id='word_1_424' title='bbox 439 4193 547 4258; x_wconf 78' lang='lat' dir='ltr'><strong>calarm</strong></span> <span class='ocrx_word' id='word_1_425' title='bbox 571 4198 762 4262; x_wconf 81' lang='lat' dir='ltr'><strong>verborumve</strong></span> <span class='ocrx_word' id='word_1_426' title='bbox 784 4199 930 4280; x_wconf 78' lang='lat' dir='ltr'><strong>elegantia</strong></span> <span class='ocrx_word' id='word_1_427' title='bbox 951 4206 1100 4279; x_wconf 86' lang='lat' dir='ltr'><strong>praestare</strong></span> <span class='ocrx_word' id='word_1_428' title='bbox 1122 4217 1252 4280; x_wconf 89' lang='lat' dir='ltr'><strong>possum,</strong></span> <span class='ocrx_word' id='word_1_429' title='bbox 1276 4199 1536 4284; x_wconf 79' lang='lat' dir='ltr'><strong>eoqueconsillum</strong></span> <span class='ocrx_word' id='word_1_430' title='bbox 1559 4215 1578 4258; x_wconf 89' lang='lat' dir='ltr'><strong>a</strong></span> <span class='ocrx_word' id='word_1_431' title='bbox 1601 4195 1708 4275; x_wconf 86' lang='lat' dir='ltr'><strong>despe-</strong></span> 
     </span>
    </p>

    <p class='ocr_par' dir='ltr' id='par_1_12' title="bbox 357 4279 1713 4368">
     <span class='ocr_line' id='line_1_41' title="bbox 357 4279 1713 4368; baseline 0.001 -29"><span class='ocrx_word' id='word_1_432' title='bbox 357 4285 469 4344; x_wconf 88' lang='lat' dir='ltr'><strong>ratione</strong></span> <span class='ocrx_word' id='word_1_433' title='bbox 492 4287 557 4363; x_wconf 87' lang='lat' dir='ltr'><strong>oapl</strong></span> <span class='ocrx_word' id='word_1_434' title='bbox 580 4302 753 4364; x_wconf 83' lang='lat' dir='ltr'><strong>omnemque</strong></span> <span class='ocrx_word' id='word_1_435' title='bbox 783 4284 922 4350; x_wconf 82' lang='lat' dir='ltr'><strong>omarum&#39;</strong></span> <span class='ocrx_word' id='word_1_436' title='bbox 940 4279 1099 4368; x_wconf 80' lang='lat' dir='ltr'><strong>omnesque</strong></span> <span class='ocrx_word' id='word_1_437' title='bbox 1129 4288 1284 4356; x_wconf 83' lang='lat' dir='ltr'><strong>verborum</strong></span> <span class='ocrx_word' id='word_1_438' title='bbox 1312 4289 1491 4348; x_wconf 88' lang='lat' dir='ltr'><strong>ceremonias</strong></span> <span class='ocrx_word' id='word_1_439' title='bbox 1513 4287 1645 4362; x_wconf 88' lang='lat' dir='ltr'><strong>seposui,</strong></span> <span class='ocrx_word' id='word_1_440' title='bbox 1675 4291 1713 4341; x_wconf 89' lang='lat' dir='ltr'><strong>ut</strong></span> 
     </span>
    </p>

    <p class='ocr_par' dir='ltr' id='par_1_13' title="bbox 357 4369 1707 4523">
     <span class='ocr_line' id='line_1_42' title="bbox 357 4369 1707 4516; baseline 0.004 -89"><span class='ocrx_word' id='word_1_441' title='bbox 357 4371 445 4516; x_wconf 53' lang='grc' dir='ltr'>ὶιιίιιή</span> <span class='ocrx_word' id='word_1_442' title='bbox 475 4388 563 4451; x_wconf 79' lang='lat' dir='ltr'><strong>sensa</strong></span> <span class='ocrx_word' id='word_1_443' title='bbox 591 4375 653 4434; x_wconf 88' lang='lat' dir='ltr'><strong>sine</strong></span> <span class='ocrx_word' id='word_1_444' title='bbox 683 4373 889 4454; x_wconf 87' lang='lat' dir='ltr'><strong>impedimento</strong></span> <span class='ocrx_word' id='word_1_445' title='bbox 922 4374 1130 4455; x_wconf 89' lang='lat' dir='ltr'><strong>depromerem.</strong></span> <span class='ocrx_word' id='word_1_446' title='bbox 1174 4373 1265 4450; x_wconf 85' lang='lat' dir='ltr'><strong>Vale,</strong></span> <span class='ocrx_word' id='word_1_447' title='bbox 1305 4372 1422 4436; x_wconf 90' lang='lat' dir='ltr'><strong>Dabam</strong></span> <span class='ocrx_word' id='word_1_448' title='bbox 1445 4370 1537 4434; x_wconf 85' lang='lat' dir='ltr'><strong>Lincii</strong></span> <span class='ocrx_word' id='word_1_449' title='bbox 1569 4371 1617 4431; x_wconf 85' lang='grc'><strong>13.</strong></span> <span class='ocrx_word' id='word_1_450' title='bbox 1642 4369 1707 4432; x_wconf 73' lang='lat' dir='ltr'><strong>Gai</strong></span> 
     </span>
     <span class='ocr_line' id='line_1_43' title="bbox 387 4461 1402 4523; baseline 0.01 -5"><span class='ocrx_word' id='word_1_451' title='bbox 387 4461 482 4520; x_wconf 76' lang='lat' dir='ltr'><strong>ertias</strong></span> <span class='ocrx_word' id='word_1_452' title='bbox 506 4461 599 4523; x_wconf 78' lang='lat'><strong>1619.</strong></span> <span class='ocrx_word' id='word_1_453' title='bbox 1250 4487 1253 4495; x_wconf 91' lang='lat'><em>·</em></span> <span class='ocrx_word' id='word_1_454' title='bbox 1398 4490 1402 4496; x_wconf 73' lang='grc'>’</span> 
     </span>
    </p>
   </div>
   <div class='ocr_carea' id='block_1_11' title="bbox 356 4559 1710 4846">
    <p class='ocr_par' dir='ltr' id='par_1_14' title="bbox 356 4559 1710 4846">
     <span class='ocr_line' id='line_1_44' title="bbox 442 4559 1710 4636; baseline -0.005 -22"><span class='ocrx_word' id='word_1_455' title='bbox 442 4564 609 4618; x_wconf 83' lang='lat' dir='ltr'><strong>Bisnchus</strong></span> <span class='ocrx_word' id='word_1_456' title='bbox 626 4568 768 4632; x_wconf 79' lang='lat' dir='ltr'><strong>respoudit:</strong></span> <span class='ocrx_word' id='word_1_457' title='bbox 793 4569 830 4630; x_wconf 82' lang='lat' dir='ltr'><strong>Da</strong></span> <span class='ocrx_word' id='word_1_458' title='bbox 848 4573 918 4620; x_wconf 86' lang='lat' dir='ltr'><strong>moin</strong></span> <span class='ocrx_word' id='word_1_459' title='bbox 936 4567 1038 4636; x_wconf 79' lang='lat' dir='ltr'><strong>Terrse,</strong></span> <span class='ocrx_word' id='word_1_460' title='bbox 1063 4573 1196 4633; x_wconf 86' lang='lat' dir='ltr'><strong>postquam</strong></span> <span class='ocrx_word' id='word_1_461' title='bbox 1220 4563 1301 4616; x_wconf 81' lang='lat' dir='ltr'><strong>divini</strong></span> <span class='ocrx_word' id='word_1_462' title='bbox 1319 4566 1362 4634; x_wconf 74' lang='lat' dir='ltr'><strong>iul</strong></span> <span class='ocrx_word' id='word_1_463' title='bbox 1384 4563 1478 4624; x_wconf 87' lang='lat' dir='ltr'><strong>ingenii</strong></span> <span class='ocrx_word' id='word_1_464' title='bbox 1500 4560 1619 4610; x_wconf 75' lang='lat' dir='ltr'><strong>felicitate</strong></span> <span class='ocrx_word' id='word_1_465' title='bbox 1636 4559 1710 4622; x_wconf 85' lang='lat' dir='ltr'><strong>plura</strong></span> 
     </span>
     <span class='ocr_line' id='line_1_45' title="bbox 357 4627 1708 4706; baseline -0.005 -23"><span class='ocrx_word' id='word_1_466' title='bbox 357 4627 509 4706; x_wconf 71' lang='lat' dir='ltr'><strong>disseruisti,</strong></span> <span class='ocrx_word' id='word_1_467' title='bbox 527 4631 643 4687; x_wconf 78' lang='lat' dir='ltr'><strong>mmssnt</strong></span> <span class='ocrx_word' id='word_1_468' title='bbox 660 4641 758 4702; x_wconf 73' lang='lat' dir='ltr'><strong>omnis,</strong></span> <span class='ocrx_word' id='word_1_469' title='bbox 773 4651 854 4703; x_wconf 87' lang='lat' dir='ltr'><strong>neque</strong></span> <span class='ocrx_word' id='word_1_470' title='bbox 873 4645 917 4700; x_wconf 76' lang='lat' dir='ltr'><strong>ego</strong></span> <span class='ocrx_word' id='word_1_471' title='bbox 935 4639 963 4688; x_wconf 91' lang='lat' dir='ltr'><strong>ln</strong></span> <span class='ocrx_word' id='word_1_472' title='bbox 981 4639 1063 4702; x_wconf 85' lang='lat' dir='ltr'><strong>eapite</strong></span> <span class='ocrx_word' id='word_1_473' title='bbox 1081 4643 1125 4686; x_wconf 91' lang='lat' dir='ltr'><strong>snt</strong></span> <span class='ocrx_word' id='word_1_474' title='bbox 1140 4637 1169 4686; x_wconf 90' lang='lat' dir='ltr'><strong>in</strong></span> <span class='ocrx_word' id='word_1_475' title='bbox 1186 4636 1254 4686; x_wconf 83' lang='lat' dir='ltr'><strong>calce</strong></span> <span class='ocrx_word' id='word_1_476' title='bbox 1271 4636 1354 4701; x_wconf 88' lang='lat' dir='ltr'><strong>operis</strong></span> <span class='ocrx_word' id='word_1_477' title='bbox 1371 4631 1495 4682; x_wconf 77' lang='lat' dir='ltr'><strong>diemde</strong></span> <span class='ocrx_word' id='word_1_478' title='bbox 1512 4643 1551 4678; x_wconf 87' lang='lat' dir='ltr'><strong>sne</strong></span> <span class='ocrx_word' id='word_1_479' title='bbox 1569 4629 1636 4692; x_wconf 85' lang='lat' dir='ltr'><strong>apud</strong></span> <span class='ocrx_word' id='word_1_480' title='bbox 1654 4643 1708 4679; x_wconf 85' lang='lat' dir='ltr'><strong>oro·</strong></span> 
     </span>
     <span class='ocr_line' id='line_1_46' title="bbox 357 4700 1709 4776; baseline -0.006 -20"><span class='ocrx_word' id='word_1_481' title='bbox 357 4701 431 4753; x_wconf 73' lang='lat' dir='ltr'><strong>thius</strong></span> <span class='ocrx_word' id='word_1_482' title='bbox 453 4709 484 4776; x_wconf 64' lang='lat' dir='ltr'><strong>at</strong></span> <span class='ocrx_word' id='word_1_483' title='bbox 502 4708 631 4770; x_wconf 77' lang='lat' dir='ltr'><strong>imperitos</strong></span> <span class='ocrx_word' id='word_1_484' title='bbox 655 4711 758 4761; x_wconf 81' lang='lat' dir='ltr'><strong>iacerem</strong></span> <span class='ocrx_word' id='word_1_485' title='bbox 775 4700 979 4761; x_wconf 77' lang='lat' dir='ltr'><strong>&#39;armentionem</strong></span> <span class='ocrx_word' id='word_1_486' title='bbox 1014 4707 1341 4765; x_wconf 58' lang='lat' dir='ltr'><strong>Dissimsisrann‘silantio,</strong></span> <span class='ocrx_word' id='word_1_487' title='bbox 1364 4716 1429 4768; x_wconf 83' lang='lat' dir='ltr'><strong>quse</strong></span> <span class='ocrx_word' id='word_1_488' title='bbox 1445 4703 1515 4750; x_wconf 84' lang='lat' dir='ltr'><strong>tanto</strong></span> <span class='ocrx_word' id='word_1_489' title='bbox 1534 4700 1628 4749; x_wconf 74' lang='grc' dir='ltr'>Βοιιιιο</span> <span class='ocrx_word' id='word_1_490' title='bbox 1649 4705 1709 4752; x_wconf 83' lang='lat' dir='ltr'><strong>suut</strong></span> 
     </span>
     <span class='ocr_line' id='line_1_47' title="bbox 356 4770 1708 4846; baseline -0.01 -15"><span class='ocrx_word' id='word_1_491' title='bbox 356 4779 410 4822; x_wconf 56' lang='grc' dir='ltr'><strong>ΙΝ</strong></span> <span class='ocrx_word' id='word_1_492' title='bbox 428 4789 537 4828; x_wconf 71' lang='lat' dir='ltr'><strong>moro.</strong></span> <span class='ocrx_word' id='word_1_493' title='bbox 571 4777 694 4832; x_wconf 70' lang='lat' dir='ltr'><strong>&amp;linesi</strong></span> <span class='ocrx_word' id='word_1_494' title='bbox 711 4779 844 4846; x_wconf 80' lang='lat' dir='ltr'><strong>superque,</strong></span> <span class='ocrx_word' id='word_1_495' title='bbox 864 4791 962 4829; x_wconf 84' lang='lat' dir='ltr'><strong>cansam</strong></span> <span class='ocrx_word' id='word_1_496' title='bbox 981 4779 1169 4840; x_wconf 73' lang='lat' dir='ltr'><strong>snamcosetos</strong></span> <span class='ocrx_word' id='word_1_497' title='bbox 1187 4777 1316 4826; x_wconf 84' lang='lat' dir='ltr'><strong>sustinere.</strong></span> <span class='ocrx_word' id='word_1_498' title='bbox 1351 4770 1560 4834; x_wconf 38' lang='lat' dir='ltr'><strong>fllnvdlsputandi</strong></span> <span class='ocrx_word' id='word_1_499' title='bbox 1578 4775 1708 4834; x_wconf 82' lang='lat' dir='ltr'><strong>contemp-</strong></span> 
     </span>
    </p>
   </div>
   <div class='ocr_carea' id='block_1_12' title="bbox 259 4839 1708 4912">
    <p class='ocr_par' dir='ltr' id='par_1_15' title="bbox 259 4839 1708 4912">
     <span class='ocr_line' id='line_1_48' title="bbox 259 4839 1708 4912; baseline -0.013 -6"><span class='ocrx_word' id='word_1_500' title='bbox 259 4889 261 4906; x_wconf 59' lang='lat'><strong>,</strong></span> <span class='ocrx_word' id='word_1_501' title='bbox 355 4839 477 4910; x_wconf 63' lang='lat' dir='ltr'><strong>ludique</strong></span> <span class='ocrx_word' id='word_1_502' title='bbox 493 4846 601 4899; x_wconf 71' lang='lat' dir='ltr'><strong>ramus</strong></span> <span class='ocrx_word' id='word_1_503' title='bbox 619 4852 649 4899; x_wconf 86' lang='lat' dir='ltr'><strong>sis</strong></span> <span class='ocrx_word' id='word_1_504' title='bbox 667 4851 812 4904; x_wconf 82' lang='lat' dir='ltr'><strong>huminibus</strong></span> <span class='ocrx_word' id='word_1_505' title='bbox 830 4851 935 4910; x_wconf 87' lang='lat' dir='ltr'><strong>tollitur,</strong></span> <span class='ocrx_word' id='word_1_506' title='bbox 953 4847 1069 4898; x_wconf 81' lang='lat' dir='ltr'><strong>noluntas</strong></span> <span class='ocrx_word' id='word_1_507' title='bbox 1086 4858 1187 4912; x_wconf 85' lang='lat' dir='ltr'><strong>quoque</strong></span> <span class='ocrx_word' id='word_1_508' title='bbox 1204 4852 1229 4895; x_wconf 85' lang='lat' dir='ltr'><strong>st</strong></span> <span class='ocrx_word' id='word_1_509' title='bbox 1246 4848 1329 4894; x_wconf 83' lang='lat' dir='ltr'><strong>enims</strong></span> <span class='ocrx_word' id='word_1_510' title='bbox 1347 4843 1459 4895; x_wconf 85' lang='lat' dir='ltr'><strong>deleatur</strong></span> <span class='ocrx_word' id='word_1_511' title='bbox 1475 4841 1590 4890; x_wconf 82' lang='lat' dir='ltr'><strong>hnmana</strong></span> <span class='ocrx_word' id='word_1_512' title='bbox 1625 4839 1708 4900; x_wconf 83' lang='lat' dir='ltr'><strong>Daga-</strong></span> 
     </span>
    </p>
   </div>
   <div class='ocr_carea' id='block_1_13' title="bbox 356 4907 1707 4983">
    <p class='ocr_par' dir='ltr' id='par_1_16' title="bbox 356 4907 1707 4983">
     <span class='ocr_line' id='line_1_49' title="bbox 356 4907 1707 4983; baseline -0.007 -18"><span class='ocrx_word' id='word_1_513' title='bbox 356 4909 411 4962; x_wconf 77' lang='lat' dir='ltr'><strong>buu</strong></span> <span class='ocrx_word' id='word_1_514' title='bbox 429 4913 533 4982; x_wconf 73' lang='lat' dir='ltr'><strong>idomas,</strong></span> <span class='ocrx_word' id='word_1_515' title='bbox 552 4933 608 4968; x_wconf 86' lang='lat' dir='ltr'><strong>cum</strong></span> <span class='ocrx_word' id='word_1_516' title='bbox 626 4925 790 4970; x_wconf 75' lang='lat' dir='ltr'><strong>monumenta</strong></span> <span class='ocrx_word' id='word_1_517' title='bbox 806 4917 940 4983; x_wconf 81' lang='lat' dir='ltr'><strong>Gopernicl</strong></span> <span class='ocrx_word' id='word_1_518' title='bbox 957 4917 1043 4969; x_wconf 87' lang='lat' dir='ltr'><strong>omnia</strong></span> <span class='ocrx_word' id='word_1_519' title='bbox 1060 4919 1164 4980; x_wconf 79' lang='lat' dir='ltr'><strong>ejusque</strong></span> <span class='ocrx_word' id='word_1_520' title='bbox 1183 4927 1272 4964; x_wconf 88' lang='lat' dir='ltr'><strong>nomeu</strong></span> <span class='ocrx_word' id='word_1_521' title='bbox 1289 4926 1376 4977; x_wconf 82' lang='lat' dir='ltr'><strong>parum</strong></span> <span class='ocrx_word' id='word_1_522' title='bbox 1395 4909 1477 4960; x_wconf 86' lang='lat' dir='ltr'><strong>siilhlt</strong></span> <span class='ocrx_word' id='word_1_523' title='bbox 1493 4925 1525 4960; x_wconf 88' lang='lat' dir='ltr'><strong>ue</strong></span> <span class='ocrx_word' id='word_1_524' title='bbox 1543 4907 1707 4958; x_wconf 90' lang='lat' dir='ltr'><strong>sholerentur.</strong></span> 
     </span>
    </p>
   </div>
   <div class='ocr_carea' id='block_1_14' title="bbox 259 4972 1707 5055">
    <p class='ocr_par' dir='ltr' id='par_1_17' title="bbox 259 4972 1707 5055">
     <span class='ocr_line' id='line_1_50' title="bbox 259 4972 1707 5055; baseline -0.006 -18"><span class='ocrx_word' id='word_1_525' title='bbox 259 5001 260 5010; x_wconf 58' lang='lat'>¹</span> <span class='ocrx_word' id='word_1_526' title='bbox 356 4977 430 5045; x_wconf 77' lang='lat' dir='ltr'><strong>Dixi,</strong></span> <span class='ocrx_word' id='word_1_527' title='bbox 455 4999 522 5051; x_wconf 85' lang='lat' dir='ltr'><strong>quse</strong></span> <span class='ocrx_word' id='word_1_528' title='bbox 536 4987 664 5050; x_wconf 77' lang='lat' dir='ltr'><strong>jndicibus</strong></span> <span class='ocrx_word' id='word_1_529' title='bbox 688 4991 861 5055; x_wconf 87' lang='lat' dir='ltr'><strong>displicerent,</strong></span> <span class='ocrx_word' id='word_1_530' title='bbox 885 4988 975 5054; x_wconf 86' lang='lat' dir='ltr'><strong>adimi,</strong></span> <span class='ocrx_word' id='word_1_531' title='bbox 1001 4999 1065 5052; x_wconf 85' lang='lat' dir='ltr'><strong>quse</strong></span> <span class='ocrx_word' id='word_1_532' title='bbox 1082 4987 1209 5046; x_wconf 81' lang='lat' dir='ltr'><strong>ignorent,</strong></span> <span class='ocrx_word' id='word_1_533' title='bbox 1234 4997 1308 5053; x_wconf 77' lang='lat' dir='ltr'><strong>posse</strong></span> <span class='ocrx_word' id='word_1_534' title='bbox 1333 4983 1448 5047; x_wconf 84' lang='lat' dir='ltr'><strong>relinqui.</strong></span> <span class='ocrx_word' id='word_1_535' title='bbox 1484 4972 1622 5042; x_wconf 57' lang='lat' dir='ltr'><strong>lirgo*non</strong></span> <span class='ocrx_word' id='word_1_536' title='bbox 1646 4977 1707 5028; x_wconf 84' lang='lat' dir='ltr'><strong>adeo</strong></span> 
     </span>
    </p>
   </div>
   <div class='ocr_carea' id='block_1_15' title="bbox 355 5048 1709 5266">
    <p class='ocr_par' dir='ltr' id='par_1_18' title="bbox 355 5048 1709 5266">
     <span class='ocr_line' id='line_1_51' title="bbox 355 5048 1709 5124; baseline -0.007 -19"><span class='ocrx_word' id='word_1_537' title='bbox 355 5051 453 5113; x_wconf 67' lang='lat' dir='ltr'><strong>rigidus</strong></span> <span class='ocrx_word' id='word_1_538' title='bbox 471 5056 521 5120; x_wconf 84' lang='lat' dir='ltr'><strong>lul,</strong></span> <span class='ocrx_word' id='word_1_539' title='bbox 538 5061 569 5106; x_wconf 84' lang='lat' dir='ltr'><strong>ut</strong></span> <span class='ocrx_word' id='word_1_540' title='bbox 585 5050 694 5124; x_wconf 65' lang='lat' dir='ltr'><strong>ursonem</strong></span> <span class='ocrx_word' id='word_1_541' title='bbox 713 5059 821 5124; x_wconf 77' lang='lat' dir='ltr'><strong>Telluris</strong></span> <span class='ocrx_word' id='word_1_542' title='bbox 839 5065 934 5109; x_wconf 89' lang='lat' dir='ltr'><strong>motum</strong></span> <span class='ocrx_word' id='word_1_543' title='bbox 953 5055 1135 5108; x_wconf 80' lang='lat' dir='ltr'><strong>stnrmsnunus</strong></span> <span class='ocrx_word' id='word_1_544' title='bbox 1151 5055 1198 5102; x_wconf 86' lang='lat' dir='ltr'><strong>aisn</strong></span> <span class='ocrx_word' id='word_1_545' title='bbox 1217 5056 1369 5103; x_wconf 68' lang='lat' dir='ltr'><strong>obventus</strong></span> <span class='ocrx_word' id='word_1_546' title='bbox 1400 5053 1450 5102; x_wconf 72' lang='lat' dir='ltr'><strong>Vix</strong></span> <span class='ocrx_word' id='word_1_547' title='bbox 1467 5063 1569 5115; x_wconf 76' lang='lat' dir='ltr'><strong>popsum</strong></span> <span class='ocrx_word' id='word_1_548' title='bbox 1587 5048 1709 5099; x_wconf 78' lang='lat' dir='ltr'><strong>ooutiueri</strong></span> 
     </span>
     <span class='ocr_line' id='line_1_52' title="bbox 356 5115 1707 5196; baseline -0.011 -17"><span class='ocrx_word' id='word_1_549' title='bbox 356 5121 381 5170; x_wconf 70' lang='lat'><strong>¹2</strong></span> <span class='ocrx_word' id='word_1_550' title='bbox 397 5127 579 5190; x_wconf 63' lang='lat' dir='ltr'><strong>“aptandis</strong></span> <span class='ocrx_word' id='word_1_551' title='bbox 596 5132 646 5178; x_wconf 89' lang='lat' dir='ltr'><strong>tnls</strong></span> <span class='ocrx_word' id='word_1_552' title='bbox 664 5129 834 5196; x_wconf 80' lang='lat' dir='ltr'><strong>Harmonlcls,</strong></span> <span class='ocrx_word' id='word_1_553' title='bbox 859 5135 929 5180; x_wconf 70' lang='lat' dir='ltr'><strong>unis</strong></span> <span class='ocrx_word' id='word_1_554' title='bbox 946 5129 1020 5181; x_wconf 83' lang='lat' dir='ltr'><strong>ardeo</strong></span> <span class='ocrx_word' id='word_1_555' title='bbox 1040 5124 1177 5188; x_wconf 88' lang='lat' dir='ltr'><strong>onpldltsts</strong></span> <span class='ocrx_word' id='word_1_556' title='bbox 1201 5128 1226 5174; x_wconf 78' lang='lat' dir='ltr'><strong>et</strong></span> <span class='ocrx_word' id='word_1_557' title='bbox 1244 5121 1362 5177; x_wconf 85' lang='lat' dir='ltr'><strong>studendi</strong></span> <span class='ocrx_word' id='word_1_558' title='bbox 1384 5123 1451 5186; x_wconf 81' lang='lat' dir='ltr'><strong>libro</strong></span> <span class='ocrx_word' id='word_1_559' title='bbox 1469 5126 1495 5172; x_wconf 84' lang='lat' dir='ltr'><strong>st</strong></span> <span class='ocrx_word' id='word_1_560' title='bbox 1511 5134 1540 5170; x_wconf 87' lang='lat' dir='ltr'><strong>as</strong></span> <span class='ocrx_word' id='word_1_561' title='bbox 1557 5115 1707 5180; x_wconf 83' lang='lat' dir='ltr'><strong>excipiendi,</strong></span> 
     </span>
     <span class='ocr_line' id='line_1_53' title="bbox 357 5189 1709 5266; baseline -0.007 -19"><span class='ocrx_word' id='word_1_562' title='bbox 357 5205 418 5257; x_wconf 74' lang='lat' dir='ltr'><strong>ques</strong></span> <span class='ocrx_word' id='word_1_563' title='bbox 438 5195 472 5248; x_wconf 83' lang='lat' dir='ltr'><strong>de</strong></span> <span class='ocrx_word' id='word_1_564' title='bbox 489 5197 535 5250; x_wconf 88' lang='lat' dir='ltr'><strong>iilo</strong></span> <span class='ocrx_word' id='word_1_565' title='bbox 553 5201 694 5266; x_wconf 80' lang='lat' dir='ltr'><strong>scrupulosi</strong></span> <span class='ocrx_word' id='word_1_566' title='bbox 710 5205 815 5265; x_wconf 83' lang='lat' dir='ltr'><strong>possent</strong></span> <span class='ocrx_word' id='word_1_567' title='bbox 831 5199 959 5251; x_wconf 79' lang='lat' dir='ltr'><strong>blaterare.</strong></span> <span class='ocrx_word' id='word_1_568' title='bbox 989 5198 1036 5246; x_wconf 84' lang='lat' dir='ltr'><strong>Per</strong></span> <span class='ocrx_word' id='word_1_569' title='bbox 1046 5195 1212 5264; x_wconf 82' lang='lat' dir='ltr'><strong>petulantiam</strong></span> <span class='ocrx_word' id='word_1_570' title='bbox 1226 5197 1279 5258; x_wconf 77' lang='lat' dir='ltr'><strong>jam</strong></span> <span class='ocrx_word' id='word_1_571' title='bbox 1292 5193 1365 5244; x_wconf 85' lang='lat' dir='ltr'><strong>vtdso</strong></span> <span class='ocrx_word' id='word_1_572' title='bbox 1383 5192 1504 5259; x_wconf 85' lang='lat' dir='ltr'><strong>quosdam</strong></span> <span class='ocrx_word' id='word_1_573' title='bbox 1521 5189 1618 5240; x_wconf 87' lang='lat' dir='ltr'><strong>tortltar</strong></span> <span class='ocrx_word' id='word_1_574' title='bbox 1629 5189 1709 5238; x_wconf 84' lang='lat' dir='ltr'><strong>motui</strong></span> 
     </span>
    </p>
   </div>
   <div class='ocr_carea' id='block_1_16' title="bbox 0 0 2238 6192">
    <p class='ocr_par' dir='ltr' id='par_1_19' title="bbox 0 0 2238 6192">
     <span class='ocr_line' id='line_1_54' title="bbox 0 0 2238 6192; baseline 0 1"><span class='ocrx_word' id='word_1_575' title='bbox 0 0 2238 6192; x_wconf 95' lang='lat' dir='ltr'><strong> </strong></span> 
     </span>
    </p>
   </div>
  </div>
 </body>
</html>
