4467 6192
878 683 970 744 lietu
985 681 1115 744 Ediierh·
1605 689 1668 752 488

322 865 591 924 oonistminridie
624 862 964 950 Πιιιιεεειιεεεειῷιε
989 866 1028 942 i]
1052 871 1095 941 d,
1121 859 1260 950 QWA
1283 867 1327 942 6,
1353 861 1393 941 Θ
1416 860 1668 945 intendimur

319 949 800 1036 jusuuueeQetQinvli.
1058 966 1061 971 ⁴
1162 957 1164 962 '
1313 949 1316 954 '
1433 1007 1436 1014 Δ
1515 977 1517 984 ’
1627 957 1639 1032 ¹.

403 1051 495 1109 Hebet
515 1053 597 1111 homo
621 1055 675 1112 iste
699 1063 825 1112 nantem
848 1055 1024 1127 undiquaque
1044 1057 1183 1117 nemiuem.
1227 1055 1281 1114 nrt
1305 1055 1389 1112 instet
1413 1053 1504 1110 estelli
1528 1051 1670 1112 domestici

321 1129 433 1186 deiieiti.
468 1134 494 1200 1)
513 1134 619 1204 corpus
637 1139 681 1190 εει
698 1132 779 1203 egile,
798 1133 912 1206 aridum,
930 1138 1001 1192 bene
1019 1137 1263 1207 proportionetum.
1298 1134 1394 1190 Victus
1412 1132 1506 1202 utique
1523 1131 1604 1198 idem,
1624 1130 1669 1186 de·
1779 1189 1784 1200 ,

318 1207 432 1267 leetetur
449 1211 578 1269 rodendis
596 1214 715 1284 ossibus,
733 1214 808 1270 duris
826 1215 905 1284 punis
923 1215 1031 1283 crustis,
1048 1222 1093 1272 εει
1109 1231 1207 1286 sorex,
1225 1214 1284 1270 sine
1302 1212 1408 1282 ordine,
1427 1216 1458 1265 ut
1477 1209 1603 1278 qnodque
1622 1208 1670 1263 ob·

318 1295 441 1345 versetur
459 1289 554 1358 oeulis,
573 1292 677 1363 arripit.
711 1291 813 1350 Porum
830 1298 918 1364 potet.
954 1295 1105 1352 Contentus
1130 1303 1173 1351 εει
1190 1291 1234 1350 vel
1251 1292 1398 1350 vilissimis.
1433 1291 1459 1360 2)
1477 1289 1570 1353 Mores
1588 1287 1670 1344 simil·

316 1367 382 1428 limi
416 1370 536 1444 Primum
555 1371 740 1441 superioribus
757 1379 798 1436 (ιιι
810 1372 885 1429 esuis
898 1367 1064 1442 domesticis)
1082 1381 1215 1444 perpetuo
1228 1389 1289 1430 sese
1301 1373 1428 1441 insiuust,
1447 1387 1482 1424 ex
1494 1369 1554 1424 eliis
1569 1367 1670 1438 pendet

316 1464 368 1519 per
390 1450 485 1519 omnis,
511 1449 568 1506 illis
590 1452 741 1521 ministret,
764 1447 820 1506 illis
840 1467 897 1507 uon
918 1451 1046 1508 ιεεεείιιιι
1072 1453 1098 1508 si
1118 1451 1349 1522 reprehendatur,
1378 1450 1451 1507 omni
1472 1447 1553 1504 modo
1577 1446 1669 1513 studet

315 1529 405 1588 redire
421 1530 449 1586 in
466 1531 590 1600 metm.
625 1530 678 1588 Per
696 1545 727 1586 se
743 1530 835 1586 omniu
852 1531 965 1588 rimstm
982 1529 1012 1587 iu
1029 1531 1195 1602 disciplinis,
1213 1529 1242 1588 in
1259 1529 1363 1600 politis,
1380 1529 1409 1586 in
1427 1543 1457 1584 re
1475 1527 1623 1584 domestice
1640 1533 1669 1583 et

316 1605 458 1664 vilissimus
480 1623 586 1678 operes.
621 1608 674 1666 iet
694 1607 722 1663 in
746 1615 881 1680 perpetuo
903 1611 990 1666 eumn
1003 1616 1032 1665 et
1049 1608 1189 1679 quaelibet
1211 1608 1343 1680 quidlibet
1360 1613 1472 1678 mentes
1495 1613 1669 1664 consectetur

316 1686 388 1742 idem
405 1689 510 1757 egendo
534 1697 564 1744 ει
588 1687 778 1758 exeogiteudo.
812 1689 866 1745 Εει
886 1689 1031 1758 impetiens
1048 1689 1261 1747 eousereetionis
1279 1693 1307 1744 et
1325 1687 1419 1744 erebro
1436 1688 1464 1742 in
1482 1685 1566 1742 sedes
1584 1687 1668 1741 seuti-

315 1773 405 1822 tnntos
422 1784 477 1824 uon
494 1783 574 1824 secus
592 1769 695 1824 selutst
711 1785 745 1825 εε
761 1768 846 1825 oeuis
881 1767 936 1824 Ubi
953 1768 1016 1838 quis
1033 1768 1059 1824 oi
1076 1769 1217 1824 minimum
1235 1767 1326 1838 eripit,
1344 1771 1509 1834 murmuret,
1528 1763 1619 1833 nrdet,
1630 1769 1669 1827 ¹ut

317 1846 401 1902 esuis.
434 1847 488 1903 Est
504 1855 595 1917 tensx,
613 1847 764 1904 inseetetor
780 1847 964 1919 quorumlibet
980 1847 1067 1918 prure'
1082 1849 1228 1918 egentium,
1245 1846 1329 1902 lstret
1341 1845 1451 1902 scilieet.
1487 1845 1541 1901 Est
1553 1849 1581 1898 et
1597 1857 1667 1897 mor·

315 1923 378 1994 dux,
396 1926 509 1982 dioteris
524 1925 675 1996 pungentia
692 1925 776 1983 hebet
793 1927 821 1984 in
839 1933 955 1996 promtu.
991 1926 1118 1982 Plurimis
1135 1926 1218 1996 igitur
1235 1940 1336 1982 exosus
1354 1931 1397 1981 est
1416 1930 1444 1978 et
1457 1923 1496 1978 eb
1507 1921 1543 1978 iis
1559 1922 1668 1990 vitetur,
1750 1961 1763 1986 ,

315 2004 366 2061 sed
382 2006 537 2076 superiores
554 2021 647 2061 oerum
664 2005 779 2075 hebent,
796 2021 852 2061 non
869 2020 949 2062 sonus
967 2021 1000 2061 ee
1017 2005 1161 2064 domestici
1178 2008 1279 2063 bonum
1298 2019 1400 2062 omem.
1437 2003 1539 2058 Horret
1560 2001 1665 2069 bninsu,
1702 2008 1707 2020 ·

314 2084 468 2154 tinedonsq
495 2084 613 2140 lotiones
639 2090 672 2140 ut
697 2084 780 2140 osne.
823 2083 933 2140 Summe
959 2084 985 2140 ei
1011 2083 1123 2143 infrenis
1150 2087 1290 2142 temeritss
1315 2085 1399 2154 inest,
1426 2095 1523 2152 nempe
1550 2097 1568 2138 s
1594 2072 1667 2164 Q'in

312 2170 352 2244 [l
388 2173 430 2243 d,
461 2165 505 2251 Q
522 2174 551 2228 in
571 2177 606 2242 Δ
631 2173 675 2236 d.
711 2172 766 2229 Sed
782 2171 863 2242 juxto
880 2172 952 2230 ritso
969 2189 1059 2231 curse.
1095 2173 1219 2232 Audsole
1236 2173 1264 2236 in
1282 2171 1338 2227 vite
1349 2169 1504 2242 periculose
1520 2167 1601 2238 longe
1619 2169 1667 2224 eb·

310 2268 368 2330 est,
393 2261 492 2332 opinor
515 2263 581 2331 quis
601 2258 656 2317 noir
675 2262 710 2318 ud
728 2256 768 2335 Θ
790 2261 929 2330 pertinent
957 2260 987 2317 hi
1014 2266 1150 2331 uspeetue.
1194 2263 1334 2320 lisoienue
1363 2259 1421 2318 iere
1447 2259 1481 2314 de
1506 2257 1667 2326 temeritste,
1732 2307 1742 2330 ,

309 2338 435 2410 animm
452 2341 503 2410 ire,
522 2340 671 2411 eupiditate
689 2340 777 2410 deque
795 2339 837 2406 iis,
854 2348 968 2411 propter
985 2356 1055 2414 quse
1072 2339 1260 2411 utplurimum
1279 2339 1350 2398 solet
1360 2337 1532 2410 reprehendi.
1569 2337 1667 2392 Dicen-

310 2417 376 2473 dum
397 2418 455 2486 jsm
473 2426 516 2474 εει
533 2419 568 2476 (ιε
592 2419 626 2476 iie
643 2417 786 2476 effectibus
809 2427 838 2475 et
859 2421 995 2486 moribus,
1019 2419 1054 2475 ob
1072 2434 1142 2490 quos
1164 2419 1193 2476 iu
1210 2419 1304 2490 ulique
1330 2433 1415 2476 oeusu
1432 2421 1487 2487 est,
1514 2412 1667 2484 eujusmodi

309 2504 377 2552 sunt
393 2497 527 2568 probitss,
554 2497 659 2569 religio,
676 2498 754 2571 tides,
772 2497 911 2569 bonatus,
926 2499 1072 2568 eegmeu
1106 2499 1209 2556 Ultimo
1227 2499 1370 2556 dicendum
1391 2498 1443 2554 erit
1460 2497 1494 2553 de
1511 2495 1607 2552 mediis
1624 2492 1668 2561 sel

306 2576 399 2633 mistis
416 2577 579 2648 quibusdem
596 2593 632 2633 er
650 2583 766 2646 utroque
783 2576 894 2648 horum,
920 2592 959 2634 se
976 2578 1012 2633 de
1039 2578 1198 2635 euriositrte
1225 2586 1253 2636 st
1278 2577 1354 2634 initu
1381 2589 1472 2634 rernm
1490 2574 1667 2632 memmernm

305 2655 487 2727 oppetitione.

395 2751 482 2821 Igitur
499 2751 627 2808 leudetus
645 2759 689 2808 est
705 2751 740 2809 ob
757 2753 877 2810 indolem
889 2755 989 2810 bouem
1007 2755 1034 2810 in
1052 2755 1171 2824 pueritie
1188 2753 1448 2826 upreeoeptoribus,
1468 2749 1590 2823 quemvis
1609 2758 1666 2806 tum

304 2832 490 2903 pessimorum
506 2839 582 2888 esset
598 2847 705 2887 morum
721 2833 793 2890 hrtsr
810 2833 947 2903 sequules.
984 2834 1086 2891 Adulte
1100 2834 1159 2904 jem
1173 2834 1318 2903 juventute
1337 2833 1491 2904 opinionem
1508 2831 1593 2886 hebet
1609 2831 1666 2901 pie·
1685 2825 1689 2832 '

303 2913 382 2980 tetis,
400 2910 603 2980 moderationis,
622 2911 782 2982 industries,
802 2913 838 2968 ob
857 2929 938 2982 quem
956 2913 1021 2970 boni
1039 2913 1184 2968 eitsveut.
1215 2913 1276 2969 iioe
1293 2910 1328 2967 ed
1346 2904 1485 2966 iortnuem'
1500 2909 1620 2980 pertinet
1638 2913 1666 2964 et

301 2991 445 3061 posterius
464 2987 654 3059 explicandum
672 2997 721 3044 εει.
749 2991 818 3046 Rem
836 2992 923 3062 ipsum
940 2991 1013 3064 quod
1032 2994 1139 3060 ettluet,
1158 3000 1199 3049 εει
1216 2993 1262 3050 ille
1282 2989 1391 3062 quidem
1408 3006 1458 3060 per
1475 3005 1505 3046 se
1522 2986 1665 3067 religiosus

301 3069 341 3126 nd
360 3067 582 3138 superstitionem
601 3082 699 3137 neque:
731 3069 804 3126 Puer
822 3072 856 3128 10
874 3065 1022 3131 annorum,
1041 3078 1102 3127 euin
1121 3072 1237 3141 primum
1254 3071 1346 3140 legere
1365 3085 1442 3126 esere
1458 3067 1556 3138 potuit,
1575 3081 1664 3122 exem.

299 3150 383 3220 pium
401 3146 499 3204 Jseobi
516 3155 544 3202 ει
560 3146 771 3214 Βειιεεεεε,,ιιιί
786 3148 815 3204 in
831 3148 952 3207 ineundo
969 3149 1096 3220 eoniugio
1114 3151 1271 3220 proposuit,
1297 3149 1365 3219 legis
1392 3152 1540 3217 preeoopts
1556 3159 1665 3202 semus

300 3227 409 3296 voluit3
436 3224 524 3281 doluit
541 3224 593 3280 sibi
611 3227 647 3281 ob
665 3225 724 3295 jem
742 3226 887 3284 edmissem
905 3229 977 3284 sitne
999 3228 1185 3298 impuritatem
1206 3235 1335 3297 uegetum
1352 3241 1413 3283 esse
1440 3224 1599 3295 prophetiae
1616 3224 1664 3279 ho·

298 3322 418 3377 norem3
445 3320 508 3361 eum
526 3304 592 3374 quie
607 3303 719 3361 soeieris
737 3307 869 3380 patrarit,
898 3307 1054 3378 expletione
1080 3315 1156 3363 uerte
1173 3321 1239 3364 usus
1258 3313 1313 3368 est,
1337 3320 1391 3376 que
1408 3303 1460 3360 rite
1477 3303 1666 3360 sdministrets

298 3383 424 3447 eredidit
439 3399 471 3440 se
487 3383 584 3454 poenis
601 3383 692 3439 eximi.
728 3382 797 3440 Erst
822 3393 912 3441 sutem
940 3384 1109 3456 querundem
1136 3383 1296 3454 conciunum
1323 3383 1453 3441 recitetio.
1490 3383 1589 3439 Preoee
1605 3399 1664 3440 ses·

296 3466 428 3538 pertines
446 3463 471 3520 si
488 3469 570 3518 noeto
587 3477 682 3519 somno
708 3472 873 3534 preeveutus
891 3466 1040 3533 omisisset,
1067 3481 1228 3524 manetem
1251 3465 1391 3523 metutinis
1414 3462 1604 3534 oenjuugebst.
1639 3463 1665 3518 A

294 3540 364 3599 Deo
382 3542 502 3603 metim
518 3549 548 3600 et
565 3542 669 3612 optime
686 3559 811 3614 quosque
827 3551 922 3614 petere
939 3545 1073 3615 instituit,
1097 3545 1139 3600 uti
1157 3545 1301 3615 temporeli
1319 3559 1349 3600 se
1367 3542 1470 3600 suxilio
1487 3541 1664 3612 psieiteeret,

296 3639 360 3692 quo
384 3629 527 3678 ueternum
550 3621 681 3677 suxilium
706 3623 819 3680 eredere
840 3623 929 3694 possit
952 3631 1005 3682 ete.
1025 3625 1083 3679 ·De
1105 3624 1237 3694 religione
1259 3623 1358 3694 cupide
1383 3621 1412 3678 in
1429 3621 1528 3692 vulgus
1546 3620 1663 3677 disserit

295 3701 375 3756 Tnm
395 3703 488 3754 nutem
506 3708 534 3756 ει
552 3715 637 3770 supre
654 3702 757 3758 diotimo
781 3709 839 3772 est,
863 3703 971 3760 virtutis
996 3718 1046 3773 per
1073 3717 1103 3759 se
1128 3703 1356 3760 studiosissimum
1380 3716 1450 3760 esse.
1487 3701 1583 3770 ltuque
1609 3699 1664 3759 viu

295 3778 365 3849 eius
385 3785 462 3834 erret
478 3777 628 3850 insignibus
646 3779 773 3851 merulis,
801 3782 853 3837 uisi
871 3797 942 3851 quse
960 3797 994 3837 ex
1017 3782 1058 3838 ire
1080 3788 1110 3838 et
1131 3781 1240 3838 leeeivis
1264 3788 1346 3850 etque
1364 3779 1572 3836 inconsideratis
1591 3776 1663 3846 jocis

294 3857 481 3931 proveniunt,
508 3859 573 3929 quis
589 3858 630 3913 iili
647 3857 738 3914 sdhue
759 3866 876 3929 regnent
892 3860 966 3930 epud
987 3858 1086 3929 ipsum.
1124 3859 1209 3915 Senes
1227 3867 1300 3920 emet
1323 3865 1350 3915 et
1368 3858 1445 3928 colit,
1472 3851 1663 3926 grstitudinem

293 3934 396 3992 verbis
415 3943 443 3990 et
461 3951 544 4006 opere
562 3946 672 3994 exornet
689 3945 771 4009 etque
789 3940 871 3996 etiem
888 3946 1016 3996 ostentet
1045 3939 1240 3995 hioderstionis
1258 3938 1398 3995 studiosus
1416 3944 1466 4006 est,
1484 3935 1549 4008 quin
1565 3949 1663 3992 osuses

292 4031 398 4072 rerum
416 4013 561 4086 diligenter
577 4017 716 4088 expendit
750 4019 820 4074 Num
839 4017 912 4088 quod
929 4031 984 4072 nou
1001 4017 1115 4087 probet,
1144 4017 1182 4074 ibi
1204 4023 1234 4072 et
1256 4017 1316 4086 ipse
1339 4032 1415 4072 ernis
1433 4023 1533 4086 erepet
1567 4013 1612 4068 iix
1630 4028 1663 4076 eo

288 4095 346 4164 iit,
375 4101 462 4152 utne
479 4097 568 4153 Deum
587 4097 698 4167 quidem
722 4097 859 4154 existimet
887 4097 1047 4166 simpliciter
1070 4094 1259 4152 demnatumm
1283 4101 1378 4164 gentes
1397 4093 1504 4152 christo
1528 4107 1584 4154 non
1606 4107 1663 4148 ere·

291 4174 415 4230 dentes:
444 4189 479 4229 ex
497 4190 530 4231 eo
552 4192 648 4248 paeon
671 4177 743 4234 inter
759 4176 934 4234 Lutherenos
957 4183 986 4232 st
1003 4174 1165 4255 Gslriniutes
1188 4177 1300 4248 suedet,
1326 4189 1391 4246 erge
1407 4175 1534 4246 Pspistes
1559 4186 1663 4242 eequus

292 4259 347 4310 est
365 4259 397 4310 ει
414 4253 580 4336 nequitatem
598 4273 660 4314 eum
671 4253 802 4335 'ominbus
821 4253 1001 4327 commendet
1069 4257 1073 4264 '
1131 4247 1136 4260 ‘

391 4351 471 4407 iisee
488 4351 597 4422 quidem
614 4353 708 4410 omnis
723 4368 759 4408 su
775 4351 873 4408 meon
895 4348 974 4408 ionts
990 4348 1052 4419 quis
1068 4350 1181 4420 derivet,
1199 4349 1305 4409 soilieet
1321 4350 1397 4420 quis,
1423 4349 1470 4421 qui
1497 4348 1593 4404 dextre
1616 4346 1662 4418 ju-

288 4429 393 4501 dicet,
414 4431 506 4486 omnis
522 4430 590 4488 hsee
606 4431 648 4486 its
664 4439 776 4502 censet,
798 4431 889 4486 Deum
906 4436 980 4484 umet
997 4435 1026 4484 st
1042 4429 1210 4499 proximum3
1236 4430 1286 4488 sed
1303 4429 1519 4486 tenen-ridetur
1536 4425 1663 4482 mollities

287 4507 441 4579 quedem
459 4509 642 4579 peeuiieriten
652 4510 812 4582 subingredi
829 4508 920 4564 omnis
942 4508 1002 4577 eius
1025 4507 1148 4564 sonulie
1183 4506 1262 4565 Unde
1284 4507 1368 4578 igitur
1389 4506 1462 4564 iste?
1496 4504 1567 4561 iism
1586 4504 1662 4560 Chri·

287 4587 413 4644 utiense
431 4583 546 4644 ιίιιιὶιεε
563 4603 598 4644 ex
615 4589 676 4646 Deo
695 4596 766 4648 snut
803 4588 896 4656 Unde,
913 4588 1019 4644 nisiex
1039 4579 1075 4664 ‘ll
1101 4579 1208 4660 Quum
1226 4579 1269 4718 q
1287 4586 1437 4644 connexis?
1456 4586 1535 4642 Certo
1553 4601 1571 4640 s
1588 4575 1615 4661 Q
1634 4583 1663 4637 in

285 4667 335 4740 Π
370 4667 401 4729 ό·
431 4665 501 4720 nihil
517 4666 573 4723 tele
590 4674 641 4722 est
676 4667 747 4723 Nem
770 4664 918 4723 humeuurn
940 4680 1003 4722 esse
1026 4671 1148 4735 oportet,
1176 4664 1222 4733 qui
1264 4680 1317 4720 une
1339 4664 1375 4720 nd
1392 4663 1502 4719 modum
1518 4661 1661 4718 mollescit.

282 4749 343 4802 Am
368 4744 420 4800 hie
441 4743 523 4800 etiem
539 4745 604 4801 Aee
621 4751 650 4800 et
665 4737 709 4823 Q)
727 4747 831 4816 sliquid
849 4744 984 4816 possunt?
1020 4743 1105 4798 Porro
1133 4743 1202 4798 heee
1228 4737 1310 4800 nimie
1334 4749 1398 4802 sunt
1422 4749 1450 4798 et
1472 4742 1501 4796 in
1519 4739 1662 4796 stultitiam

284 4826 475 4894 degenerent
496 4823 709 4893 quodammodo,
737 4833 768 4880 ut
793 4831 826 4898 ει
843 4822 940 4894 religio
963 4823 991 4878 in
1014 4821 1242 4892 superstitionem.
1281 4823 1352 4880 Num
1374 4831 1403 4878 et
1426 4821 1537 4881 sommis
1559 4820 1661 4876 tribuit

281 4903 381 4962 Unde
401 4901 476 4960 h'ooi
510 4902 554 4959 An
571 4904 637 4981 quis
653 4893 696 4981 Q
715 4902 743 4958 in
761 4901 823 4958 xn.
843 4901 971 4971 sbjeotei
1005 4896 1044 4955 Et
1061 4900 1183 4969 quemvis
1206 4898 1259 4956 hoe
1279 4899 1319 4956 sin
1342 4901 1379 4956 sit
1399 4901 1427 4955 in
1445 4899 1485 4955 rei
1502 4899 1617 4956 veritete
1634 4904 1663 4954 et

281 5001 305 5042 n
326 4981 433 5040 multis
452 4981 535 5039 etiem
552 4982 677 5040 videntur
694 4980 777 5051 (unde
793 4977 916 5035 nonnihil
933 4983 1087 5033 contemtus
1104 4977 1166 5046 est),
1185 4983 1276 5034 umen
1293 4979 1323 5043 in
1339 4993 1438 5049 genere
1455 4978 1594 5049 prseveiet
1604 4977 1661 5048 opi·

280 5063 341 5120 nio
363 5069 398 5117 et
416 5061 582 5119 existimetio
600 5061 726 5118 honeste.
762 5058 841 5117 Unde
858 5055 935 5113 hoe?
969 5055 1013 5112 An
1031 5055 1096 5126 quis
1116 5046 1154 5134 ‘ll
1175 5063 1217 5114 est
1233 5057 1262 5112 ‘m
1273 5059 1307 5128 X,
1323 5051 1368 5136 Θ
1383 5051 1409 5131 9
1427 5057 1536 5117 invii?
1554 5057 1663 5115 Fortior

280 5141 398 5217 iusque
416 5137 550 5196 uelutio
565 5137 644 5198 iovis
660 5139 745 5196 vineit
762 5135 964 5212 depressionem
973 5135 1070 5194 Irnnso
1071 5175 1187 5196 .....
1207 5135 1256 5208 (nii
1272 5139 1402 5210 multer.)

1433 5248 1505 5316 δι’
