4467 6192
834 732 837 736 ἵ
873 650 957 709 liber
972 650 1167 725 IV.Gsput·I.
1281 666 1287 679 ·
1632 664 1694 727 215

338 834 471 895 nudem
492 833 734 913 symphoniarum
755 829 862 893 artilex
883 833 962 890 intus
983 832 1014 889 in
1035 828 1135 891 auimo
1156 846 1211 891 suo
1232 831 1365 895 meditari
1380 834 1597 901 harmoniarum
1619 836 1695 899 dua-

338 939 400 981 rum
423 918 593 999 pluriumve
615 937 739 994 vocum,
768 935 844 996 quas
873 926 970 979 tamen
1000 919 1154 993 introrsum
1185 936 1243 979 non
1266 923 1384 998 recipit;
1416 930 1449 983 at
1470 924 1522 983 illa
1543 924 1695 987 barmorda

338 1024 396 1091 son
419 1019 470 1069 est
492 1008 546 1069 iilo
568 1015 637 1072 actu
658 1006 794 1080 sensilis,
815 1022 872 1065 nos
893 1022 964 1067 vero
986 1004 1023 1065 de
1046 1004 1162 1071 sensilis
1184 1010 1313 1069 essenssa
1335 1007 1490 1086 loquimur.

428 1092 629 1170 Quarti-nro
651 1103 698 1156 eet
718 1093 771 1155 ilia
792 1092 945 1171 receptioi
975 1108 1071 1153 nonne
1092 1095 1174 1181 seul,
1198 1099 1231 1153 ut
1253 1096 1387 1174 exemplo
1410 1100 1518 1158 notiori
1541 1105 1607 1159 utar
1628 1098 1694 1161 ioco
1767 1119 1769 1125 ’

340 1185 490 1256 omium,
520 1190 651 1260 perstant
671 1182 744 1245 ioris
765 1188 848 1242 extra
878 1196 964 1240 aures
986 1182 1017 1237 iu
1038 1183 1124 1253 abre,
1153 1188 1183 1241 et
1204 1189 1273 1242 ante
1295 1199 1384 1245 sonos
1413 1192 1509 1245 motus
1531 1202 1694 1263 corporum,

340 1268 376 1329 sd
400 1287 531 1347 quorum
553 1272 748 1347 quantitatem
769 1270 835 1328 soni
855 1266 1039 1343 sequuntur?
1062 1283 1158 1327 noune
1181 1270 1202 1327 ii
1224 1279 1344 1329 manent
1366 1273 1395 1329 in
1416 1274 1478 1334 suis
1500 1274 1694 1352 corporibus?

339 1356 493 1433 quomodo
511 1375 594 1435 ergo
612 1355 846 1434 -ugrediuntmt
890 1352 1084 1432 Respondeo,
1113 1358 1220 1432 partim
1250 1356 1379 1433 egendo,
1407 1362 1512 1438 partim
1534 1361 1694 1437 perunum

339 1444 474 1522 egendo,
506 1444 576 1505 dum
597 1446 711 1522 species
732 1444 886 1515 emittunt,
915 1442 1034 1519 pulsata
1054 1450 1153 1502 motus
1175 1445 1239 1523 sui,
1267 1460 1370 1516 sonos,
1403 1446 1502 1507 lucida
1523 1447 1642 1509 luminis
1661 1458 1695 1511 ct

339 1530 448 1595 eoloris
465 1534 531 1606 sui,
561 1532 678 1603 radios,
708 1539 738 1592 et
758 1533 836 1591 sicut
857 1528 1020 1606 loquimur,
1050 1547 1116 1590 cum
1140 1530 1403 1607 objectadicimus
1431 1551 1551 1595 movere
1573 1552 1694 1611 sensus3

337 1636 461 1680 msere
483 1636 554 1680 sero
576 1627 623 1679 eet
643 1633 746 1697 agere,
776 1614 916 1695 patierrdo
946 1634 1015 1677 vero
1044 1633 1104 1677 non
1122 1618 1222 1693 *ipsae
1247 1634 1366 1696 reaper
1388 1638 1435 1691 ee,
1464 1619 1517 1683 sed
1539 1624 1694 1700 speciebus

338 1709 415 1779 suis,
446 1724 525 1784 quse
555 1706 624 1766 dum
646 1708 825 1782 emtiuutur,
857 1711 1070 1777 momorantur,
1099 1713 1320 1783 comparantur,
1351 1724 1465 1787 semper
1488 1709 1600 1785 aliquid
1630 1714 1694 1789 pati

339 1794 453 1853 debem
473 1812 510 1855 es
532 1812 589 1853 neu
612 1792 759 1871 loquendi.
805 1792 843 1852 Et
864 1793 983 1852 omnino
1009 1790 1083 1852 baec
1103 1793 1170 1869 ipsa
1192 1792 1315 1853 duorum
1344 1798 1532 1862 terminorum
1553 1796 1694 1859 adunatio

339 1884 369 1939 in
392 1886 510 1956 urimo,
539 1898 591 1961 per
613 1898 701 1957 quam
723 1878 847 1941 resultat
867 1878 1186 1940 manutenentes
1208 1880 1370 1961 senssibiii,
1397 1884 1492 1959 ipsum
1514 1883 1626 1945 scilicet
1646 1903 1694 1947 re·

337 1969 415 2029 leni·
436 1977 468 2029 et
499 1970 661 2047 comparari
690 1977 737 2029 cet
760 1967 850 2027 rebus
874 1966 999 2042 iunctim
1020 1969 1124 2027 sumtis
1154 1964 1213 2027 tale
1235 1970 1402 2046 quippiam,
1433 1970 1525 2047 quale
1543 1973 1693 2051 quippiam

337 2064 382 2117 eet
402 2056 495 2117 rebus
516 2056 638 2132 singuiis
661 2054 763 2127 videri,
786 2052 890 2127 audiri,
914 2070 1009 2129 eoque
1029 2055 1125 2113 minus
1141 2055 1238 2114 etiam.
1284 2053 1358 2117 Sunt
1379 2059 1487 2135 quippe
1507 2058 1694 2123 haecomnia

337 2146 497 2221 psssiotm
519 2144 680 2221 quaedam,
703 2141 757 2209 sad
777 2143 942 2218 aequivoce
963 2139 1073 2212 dictae,
1096 2158 1204 2219 magno
1226 2142 1447 2219 significationis
1468 2145 1589 2209 ambitu.
1629 2184 1634 2207 ,

427 2230 490 2292 Sed
511 2234 724 2291 constituamus
744 2228 853 2306 gratim
874 2228 1053 2305 passionum.
1097 2228 1227 2288 Primum
1258 2233 1367 2309 patitur
1390 2232 1471 2293 verbi
1494 2249 1584 2293 cam
1604 2250 1694 2317 aqua,

337 2335 405 2379 cum
437 2317 555 2395 egelida
584 2321 712 2378 existens
740 2317 860 2393 ignibus
886 2314 1013 2376 admotis
1044 2317 1177 2393 tepescit.
1223 2316 1305 2377 Alter
1326 2318 1508 2395 significatus
1537 2322 1599 2397 pati
1621 2320 1693 2384 dicit

336 2406 503 2478 humorem,
525 2422 592 2465 cum
613 2403 730 2481 aliquid
755 2405 820 2481 agit
840 2406 916 2481 ipse,
941 2401 1004 2462 soil.
1026 2402 1222 2463 humectando
1250 2403 1345 2478 arida,
1375 2422 1444 2465 uam
1465 2424 1534 2486 pars
1556 2408 1621 2484 ejus
1643 2426 1692 2471 ra·

335 2496 418 2568 pitur
439 2495 471 2553 in
494 2486 612 2553 mestus
631 2494 770 2573 exsiccati
793 2492 880 2567 eique
901 2491 1054 2562 miscetur,
1085 2490 1166 2566 qnod
1194 2499 1239 2551 est
1254 2493 1337 2568 ⁴pati3
1367 2495 1410 2553 sic
1432 2501 1462 2553 et
1484 2495 1594 2573 patitur
1614 2512 1694 2571 equs

336 2597 405 2639 rum
428 2588 580 2656 gustatur,
611 2588 724 2658 partem
746 2580 824 2639 enirn
846 2577 972 2654 deglutit
992 2577 1162 2639 siticulosus
1185 2577 1358 2655 digeritque.
1404 2580 1462 2641 Sed
1492 2584 1579 2651 tertio
1604 2585 1693 2648 etum

334 2667 506 2743 significatu
529 2669 639 2745 patitur
660 2684 739 2743 aqna
760 2669 790 2723 in
811 2672 940 2741 gustatu,
963 2681 1029 2723 cum
1051 2684 1070 2725 a
1090 2664 1192 2741 lingua
1213 2666 1318 2725 saltem
1341 2670 1526 2743 contingitur,
1549 2685 1608 2729 non
1624 2679 1693 2731 tau·

334 2763 400 2815 turn
424 2758 497 2832 qnia
518 2754 637 2832 liuguae
660 2753 757 2813 calore
780 2752 886 2824 calefit,
909 2770 975 2812 cum
996 2752 1062 2829 ipsa
1082 2768 1137 2811 suo
1159 2752 1265 2829 frigore
1287 2752 1418 2830 linguam
1440 2756 1615 2832 trigeiaciat,
1637 2776 1693 2819 neo

335 2849 455 2902 uotum
477 2841 556 2916 ideo,
578 2843 650 2919 qnia
662 2841 765 2902 haeret
784 2836 896 2916 aliquid
918 2856 1014 2915 aquae
1037 2832 1064 2898 in
1087 2838 1197 2916 lingue,
1220 2839 1272 2899 sed
1287 2840 1458 2919 simpliciter
1479 2845 1551 2921 quia
1564 2847 1694 2922 tangitur

334 2930 499 3006 elingua,
529 2928 609 3005 quod
629 2936 675 2989 est
702 2930 792 3004 quasi
810 2921 958 2991 lenissime
988 2926 1064 2987 ieriri
1092 2933 1145 2986 aut
1174 2926 1284 3005 pulsari
1313 2937 1364 2988 aut
1386 2929 1512 3009 impelli,
1541 2930 1618 2993 unde
1639 2940 1693 2993 cst

335 3024 438 3081 notus
459 3015 564 3077 localis
585 3017 713 3093 paruum
741 3016 770 3072 in
793 3023 874 3089 toto;
896 3018 1007 3073 moveri
1029 3030 1099 3073 vero
1123 3020 1168 3073 eet
1189 3015 1285 3091 pati.-·
1306 3012 1435 3089 Quartus
1456 3024 1519 3078 estc
1541 3018 1692 3094 signitica-

256 3116 263 3130 ·
334 3111 409 3179 tes,
436 3122 500 3181 quo
521 3105 583 3181 pati
608 3102 714 3163 dicitur
735 3118 827 3178 aqua,
857 3104 923 3160 curu
948 3103 1056 3161 emisse
1079 3118 1188 3179 vapore
1214 3102 1280 3170 ierit
1305 3118 1391 3167 nares
1409 3104 1604 3182 'odoratuque
1624 3124 1692 3183 per-

335 3194 458 3269 cipitur,
480 3192 591 3270 percipi
613 3197 712 3251 antem
734 3197 780 3249 eet
800 3191 877 3265 peti;
908 3197 937 3248 et
959 3187 1008 3247 bic
1029 3187 1149 3264 quidem
1170 3192 1280 3265 patitur
1304 3206 1362 3249 nou
1386 3193 1464 3267 ipsa,
1494 3190 1547 3251 sed
1569 3193 1692 3255 οίθυιω

333 3279 401 3356 ejus
427 3294 600 3358 corporeus,
629 3294 691 3352 qua
710 3278 848 3353 passione
870 3276 960 3337 etiam
981 3274 1144 3361 abstpnitur
1173 3276 1238 3351 eJus
1259 3275 1379 3353 aliquid.
1426 3277 1552 3354 Quintus
1573 3279 1691 3357 gradus,

333 3384 395 3443 quo
421 3368 487 3444 pati
511 3364 684 3441 intelligitur
705 3380 881 3440 equacum
902 3363 1129 3446 strepituslejus
1149 3362 1281 3425 auditur:
1305 3366 1428 3441 primum
1444 3368 1521 3427 enim
1536 3368 1601 3445 ipsa
1614 3384 1693 3444 equa

333 3456 364 3512 iu
389 3461 478 3515 motu
502 3461 561 3527 est,
592 3452 698 3513 deinde
723 3453 837 3528 species
860 3452 1054 3511 immateriata
1079 3468 1192 3527 aquae,
1225 3459 1259 3511 ut
1284 3459 1433 3528 moretur,
1464 3453 1632 3515 diffunditur
1653 3456 1692 3517 ab

334 3544 403 3620 ipsa
435 3544 468 3599 in
497 3556 613 3600 omnem
640 3539 783 3624 ambitum
809 3540 1004 3615 recipiturque
1034 3539 1063 3598 in
1086 3544 1201 3597 meatus
1229 3540 1361 3615 aurium3
1389 3540 1463 3602 haec
1491 3545 1621 3619 receptio
1646 3549 1693 3604 est

333 3632 442 3707 passio
464 3644 527 3688 non
546 3628 640 3705 ipsius
661 3643 781 3704 aquae,
805 3625 858 3685 sed
879 3627 986 3702 speciei
1009 3624 1087 3701 ejus,
1110 3642 1163 3685 seu
1187 3624 1320 3686 defluxus
1342 3627 1407 3703 ejus
1429 3630 1633 3701 immateriati,
1663 3637 1694 3693 st

333 3718 363 3775 in
395 3716 458 3775 bec
488 3716 654 3793 receptione
683 3712 852 3790 deperditur
880 3712 990 3789 aliquid
1018 3720 1148 3789 tempore
1185 3719 1216 3773 et
1241 3714 1458 3792 multiplicitate
1483 3718 1692 3794 receptionum.

331 3804 414 3865 liam
436 3802 571 3863 obtusior
593 3808 639 3861 est
660 3816 765 3874 sonus,
794 3802 845 3876 qui
867 3817 991 3876 magnae
1012 3799 1207 3859 multitudinis
1235 3802 1355 3861 auribus
1385 3811 1437 3863 aut
1459 3805 1593 3865 restibus
1613 3806 1692 3867 aeci·

331 3890 387 3963 dit,
412 3898 469 3949 sut
489 3891 542 3966 qui
565 3890 641 3949 inter
661 3891 746 3948 uiv'ee
761 3886 938 3967 decidentes
959 3888 1109 3947 emittitur.
1149 3882 1257 3960 dexto,
1282 3889 1369 3949 etiarn
1393 3890 1585 3951 eumvidetur
1607 3909 1694 3969 equa,

331 3978 449 4037 datitnr
471 3974 599 4052 aliquid:
622 3976 730 4039 emittit
750 3992 779 4036 n.
802 3992 821 4034 a
842 3974 995 4054 superdcie
1019 3973 1066 4034 'vei
1089 3975 1184 4049 quasi,
1207 3976 1340 4035 nimirum
1364 3976 1547 4039 acoloribue
1568 3981 1639 4054 anis,
1662 3982 1692 4039 ia

333 4073 485 4144 pusntum
507 4063 651 4136 colorata,
674 4062 773 4123 radios
794 4062 833 4129 ad
855 4061 987 4134 oculum,
1009 4063 1061 4137 qui
1083 4059 1156 4121 radii
1175 4068 1352 4139 tanguntur,
1376 4068 1621 4141 repercutiuntur,
1642 4084 1692 4128 re-

331 4155 529 4230 qringurrtur,
552 4158 696 4226 eoguntur
717 4149 755 4215 ad
777 4157 926 4226 punctum,
948 4149 1132 4228 excipiuntur
1153 4165 1172 4208 a
1193 4150 1331 4211 retilermi
1354 4154 1454 4213 tunica
1474 4155 1584 4226 coacti,
1617 4171 1692 4230 qnae

330 4241 533 4303 tomuissent
545 4238 699 4316 passiones
719 4255 783 4318 nou,
794 4238 886 4316 ipsius
908 4235 1087 4313 aquee,.eed
1108 4237 1218 4314 speciei
1238 4238 1449 4301 immateriatae
1469 4258 1522 4301 seu
1536 4239 1691 4301 radiorum.

334 4328 374 4389 lit
396 4326 433 4387 bi
454 4324 532 4385 radii
549 4325 612 4401 jaun
635 4326 663 4385 iu
687 4325 743 4385 bac
764 4328 930 4404 receptione
951 4323 1024 4383 nibil
1046 4322 1185 4403 perdunt,
1214 4342 1309 4402 neque
1331 4323 1405 4387 locis
1425 4344 1521 4405 neque
1544 4334 1691 4405 temporeq

332 4422 455 4477 museto
477 4414 555 4472 enim
581 4411 660 4488 quod
683 4413 793 4488 tangit,
825 4419 949 4489 pergunt
978 4409 1101 4471 ulterius
1131 4413 1248 4493 penitus
1280 4412 1400 4486 illibati,
1430 4412 1509 4491 quod
1541 4430 1600 4473 nou
1622 4414 1693 4474 iacit

331 4519 439 4563 sonna
484 4498 628 4576 Septimo,
651 4508 807 4577 postquam
824 4499 886 4559 *bae
907 4496 1201 4578 spectes'tpeumque
1224 4497 1299 4561 adeo
1328 4516 1432 4577 corpus
1454 4516 1549 4576 aquae
1572 4501 1601 4557 in
1625 4518 1692 4561 cor·

331 4606 431 4669 porea
451 4604 592 4647 mum
613 4589 806 4646 iustrumenta
827 4590 908 4665 prins
929 4585 1041 4662 aliquid
1064 4594 1201 4663 egerunt,
1225 4585 1275 4645 ilia
1296 4604 1336 4647 sc
1359 4588 1416 4647 sibi
1439 4587 1622 4647 conformiter
1643 4588 1691 4647 ai-

331 4678 472 4741 ieeeruut
498 4674 614 4751 sibique
637 4672 853 4746 assimilatum,
883 4681 916 4732 ut
945 4682 976 4735 et
996 4672 1116 4749 linguae
1146 4680 1176 4732 et
1198 4674 1272 4733 cutis
1301 4672 1518 4734 membranulae
1548 4674 1639 4750 frigus
1663 4683 1693 4735 et

330 4779 485 4843 saporem
506 4764 620 4826 nedum
640 4762 761 4837 spiritns
783 4760 903 4822 odorem
920 4761 1114 4840 perceperint,
1134 4752 1256 4836 spiritus
1272 4759 1407 4820 auditorii
1423 4760 1487 4836 eJ'us
1509 4762 1608 4821 sonitu
1623 4772 1691 4839 per:

332 4857 487 4928 euepaat,
516 4850 618 4909 visorii
649 4849 718 4923 ejus-
740 4847 805 4911 lnce
828 4847 1007 4921 colluceant,
1036 4848 1139 4922 itaque
1161 4853 1248 4923 typus
1277 4854 1307 4907 et
1334 4848 1444 4923 species
1467 4847 1531 4923 ejus
1560 4850 1692 4911 mucoris

332 4940 426 4999 sumit
446 4937 582 5009 iomsts,
606 4952 694 5012 quam
716 4935 794 4996 oculi
817 4942 895 4997 certe
918 4937 1152 5011 cucumgatsne
1176 4935 1264 4994 etiarn
1286 4933 1387 4995 abiate
1401 4928 1462 5008 illa,
1485 4952 1574 5015 saepe
1596 4937 1689 4997 inrito
1779 5000 1781 5007 ,

333 5026 477 5087 bominac
496 5022 561 5101 jero
582 5022 640 5084 use
661 5024 776 5101 species
797 5023 920 5085 aenedas
941 5022 980 5082 ab
1002 5037 1142 5081 sensuum
1164 5020 1318 5081 restibulis
1340 5038 1391 5083 seu
1415 5022 1532 5085 orificiis
1546 5024 1692 5101 recipiun-

338 5122 392 5174 tur
416 5114 576 5174 intremunt
602 5127 654 5189 per
676 5112 736 5171 viru
762 5111 1041 5190 repraesentetisam
1056 5122 1125 5169 seu
1146 5106 1375 5188 phantasticam,
1407 5116 1621 5195 cogrrosountur
1641 5126 1693 5193 per
