4467 6192
517 686 577 745 188
1039 681 1080 735 De
1099 681 1324 750 Proportionibns

419 916 423 931 ,
515 862 624 917 tionem
645 860 733 918 maris
758 866 788 917 et
808 859 949 918 feminae:
981 858 1052 934 quid
1074 861 1179 919 mirum
1204 861 1309 934 igitur,
1338 863 1364 919 si
1387 864 1475 921 eliam
1496 861 1614 921 soboles
1636 858 1866 940 qnmqnnngntt,

515 948 600 1005 tertis
623 945 695 1005 dura
723 962 777 1004 seu
800 942 838 1024 Ἰ,
866 956 896 1005 et
918 946 1014 1009 mollis
1044 943 1081 1027 ⁵76
1109 956 1229 1007 moveat
1251 949 1379 1021 attimos,
1408 950 1464 1008 Dei
1486 951 1640 1025 imagines,
1675 948 1715 1009 td
1739 948 1867 1007 affectus

516 1036 711 1109 generationis
733 1034 851 1107 negotio
874 1034 1107 1111 comparandos?
1153 1032 1210 1093 Ubi
1229 1034 1416 1111 repetendum
1439 1054 1476 1095 ex
1490 1038 1585 1112 capite
1598 1039 1626 1109 3,
1649 1034 1730 1113 quod
1754 1053 1867 1111 quam·

517 1124 562 1180 vis
589 1115 626 1200 ¹,‘,
648 1122 686 1179 sit
708 1137 743 1179 cx
767 1122 936 1195 sexangulo,
959 1120 1106 1180 residuum
1122 1130 1218 1181 tamen
1234 1117 1276 1203 ⁶(6
1292 1140 1350 1187 non
1367 1131 1505 1182 consonet
1521 1132 1640 1201 propter
1655 1122 1867 1200 sexangulum,

446 1225 449 1236 ·
514 1206 566 1267 ssd
588 1215 704 1286 propter
724 1207 935 1268 derivationem
958 1226 993 1267 ex
1016 1210 1106 1268 tribus
1129 1209 1228 1272 euenit
1252 1209 1379 1281 decimis,
1402 1229 1454 1286 per
1468 1212 1656 1271 terminorum
1678 1208 1867 1286 duplicatio-

516 1313 581 1365 nem
604 1302 634 1354 et
658 1294 902 1368 dimidiationem
924 1298 1024 1371 itaque
1047 1299 1137 1356 etiam
1159 1296 1306 1359 residuum
1327 1297 1384 1356 hoc
1406 1298 1529 1373 ejusque
1544 1297 1669 1370 soboles,
1694 1298 1784 1356 tertia
1802 1299 1868 1355 sni-

413 1439 421 1454 ,
514 1400 575 1456 nor,
599 1390 644 1441 est
665 1399 700 1442 ex
716 1384 960 1458 quinquangulari
975 1383 1133 1458 figurarum
1144 1384 1247 1445 classe.
1291 1383 1357 1444 Hoc
1372 1388 1460 1460 igitur
1473 1384 1614 1457 stabilito,
1638 1383 1718 1460 quod
1732 1385 1868 1443 societas

515 1470 635 1529 duarum
657 1470 805 1530 tertiarum
827 1480 1024 1548 repraesentet
1045 1474 1217 1553 societatem
1239 1474 1326 1532 maris
1350 1481 1379 1531 et
1397 1473 1536 1547 feminae,
1559 1471 1640 1531 nullo
1659 1472 1723 1546 jam
1738 1473 1867 1546 negotio

515 1560 619 1633 cuique
641 1559 724 1617 serui
752 1575 807 1618 sua
833 1560 999 1634 assignetur
1021 1562 1114 1619 tertia.
1161 1559 1258 1633 Major
1280 1561 1357 1617 enim
1388 1562 1471 1619 tertia
1494 1558 1585 1629 virilis
1612 1558 1733 1636 evadet,
1765 1561 1869 1618 minor

514 1646 653 1718 leminea,
677 1662 742 1711 eum
764 1646 867 1705 eadem
889 1649 927 1704 sit
949 1649 1078 1722 ipsorum
1101 1648 1189 1705 etiam
1206 1663 1358 1722 corporum
1375 1649 1537 1723 viriumque
1551 1656 1611 1705 tam
1626 1648 1755 1723 corporis
1770 1663 1869 1722 quam

514 1734 602 1792 animi
631 1735 788 1810 proportio.
831 1734 964 1809 cneque
993 1735 1085 1807 major
1113 1736 1153 1792 sit
1183 1751 1219 1793 ex
1251 1734 1464 1810 imperilatera,
1494 1752 1534 1793 sc.
1565 1751 1600 1794 ex
1626 1732 1868 1810 quinquangulo,

514 1822 607 1880 minor
629 1838 699 1879 vero
722 1820 900 1896 originaliter
922 1838 961 1881 ex
980 1821 1136 1896 perilatera
1158 1819 1334 1899 decangnle,
1363 1829 1590 1915 consentaneum
1619 1830 1664 1879 est
1685 1823 1775 1879 etiam
1800 1820 1868 1896 Py-

515 1908 653 1983 thagorae
675 1906 799 1983 placitis,
821 1910 872 1983 qni
893 1925 1028 1967 numeros
1051 1911 1176 1984 impares
1198 1914 1295 1973 marss'
1315 1909 1396 1981 dixit,
1417 1926 1505 1985 pares
1527 1903 1770 1988 lemines'(quod
1789 1924 1869 1969 con-

514 1995 642 2054 firmatur
664 1995 715 2052 ills
737 2012 907 2054 excessuum
931 2006 960 2055 et
975 1995 1139 2054 defectuum
1162 1994 1371 2071 speculatione,
1395 2013 1460 2054 cum
1476 1998 1622 2072 impersit
1643 1990 1868 2075 trieteridem),

515 2092 546 2141 ut
568 2081 623 2141 illa·
640 2082 793 2141 masculini
816 2099 903 2141 sexus
926 2083 1084 2154 habeatur,
1107 2080 1182 2143 lraec
1203 2083 1328 2141 feminei.

600 2169 729 2229 Accedat
756 2169 801 2227 his
831 2171 991 2230 rationibus
1025 2171 1113 2231 etiam
1142 2169 1361 2228 intervallorum
1395 2171 1602 2230 concinnorum
1639 2168 1867 2247 contemplatio,

514 2274 636 2333 quornm
657 2258 807 2316 minimum
828 2265 873 2316 est
895 2259 1096 2329 semitonium
1119 2273 1232 2333 semper
1255 2258 1332 2315 enim
1353 2259 1538 2317 semitonium
1562 2256 1726 2317 succedens
1752 2258 1867 2325 invitat

515 2362 617 2405 vocem
640 2343 678 2403 ad
699 2361 732 2403 se
754 2345 949 2421 superandum
972 2345 1010 2403 ob
1033 2346 1222 2421 parvitatem,
1263 2353 1307 2403 est
1329 2346 1405 2405 enim
1427 2346 1518 2404 instar
1536 2344 1603 2420 jugi
1626 2346 1656 2401 in
1679 2343 1759 2402 clivo
1784 2343 1869 2403 mol-

513 2432 648 2496 lescente.
692 2432 731 2490 Et
751 2434 865 2507 quoties
887 2433 1073 2491 semitonium
1095 2448 1197 2489 versus
1217 2422 1369 2507 ¹superiora
1384 2434 1515 2503 occurrit,
1540 2430 1592 2489 ille
1607 2430 1754 2505 quasdam
1775 2434 1867 2505 quasi

512 2527 590 2581 mota
612 2524 713 2580 cantus
735 2518 868 2592 habetur,
890 2520 927 2577 sd
951 2537 1039 2596 qnam
1060 2517 1162 2577 tendm
1184 2518 1309 2595 indeque
1333 2519 1423 2577 veluti
1442 2519 1515 2594 jugo
1538 2525 1676 2594 superato
1706 2519 1869 2577 conlecto-

514 2622 570 2682 que
599 2614 704 2664 conatu
733 2609 838 2667 reverti
869 2608 968 2667 crebro
996 2606 1072 2665 solet
1093 2605 1132 2663 ad
1154 2604 1297 2664 inleriora
1343 2605 1441 2678 Certe,
1472 2608 1496 2665 si
1524 2622 1662 2663 canamus
1686 2604 1762 2677 RE,
1797 2603 1868 2679 MJ,

512 2711 569 2752 non
592 2696 713 2753 satiatur
733 2694 859 2766 auditus,
882 2693 935 2753 sed
949 2700 1107 2770 ‚exspectat
1129 2700 1161 2751 nt
1183 2700 1212 2751 et
1225 2692 1280 2751 ΡΑ
1302 2692 1434 2753 addatur.
1480 2692 1554 2751 Cum
1568 2694 1657 2767 igitur
1672 2694 1761 2751 tertia
1773 2690 1869 2770 dura,

514 2798 589 2857 qnae
612 2782 701 2840 habet
722 2783 811 2840 imum
833 2781 930 2841 locum
951 2782 981 2839 in
1004 2789 1073 2840 tono
1096 2788 1220 2851 octavo,
1244 2788 1342 2839 careat
1364 2782 1531 2851 semitonio,
1563 2778 1641 2855 quod
1663 2779 1780 2839 demum
1806 2797 1865 2853 ao-

513 2868 591 2928 cedit
616 2868 653 2929 ad
682 2869 886 2947 complendum
913 2870 1107 2937 diatessaron,
1140 2868 1243 2926 merito
1270 2867 1397 2927 habetur
1426 2883 1477 2943 pro
1499 2874 1623 2927 actuosa
1644 2874 1673 2925 st
1695 2874 1865 2928 emratnnm

513 2956 607 3033 plena,
631 2957 715 3032 cnjus
737 2958 782 3015 vis
804 2979 913 3035 γονιμος
934 2966 963 3015 et
984 2954 1060 3031 ὰκμη
1082 2949 1217 3033 rique,
1246 2971 1388 3029 quaereus
1414 2954 1500 3013 finem
1522 2972 1623 3027 sunm,
1654 2952 1768 3013 scilicet
1790 2953 1867 3013 dia·

513 3051 658 3115 tessaron,
688 3043 772 3118 cujus
799 3046 984 3103 semitonium
1014 3049 1058 3101 est
1086 3045 1113 3101 ei
1144 3043 1228 3117 quasi
1251 3039 1382 3121 inpense,
1406 3047 1468 3101 toto
1496 3050 1602 3101 conatu
1625 3042 1769 3116 quaesite.
1820 3042 1867 3103 At

513 3134 597 3191 tertia
619 3133 712 3190 minor
735 3134 791 3191 imo
813 3131 879 3191 loco
902 3133 962 3191 toni
986 3131 1069 3207 primi
1091 3131 1267 3201 consistens,
1291 3147 1358 3189 oum
1379 3131 1565 3189 semitonium
1587 3128 1739 3207 complexe
1761 3128 1821 3202 sit,
1848 3148 1870 3189 a

514 3236 573 3293 ouo
596 3228 732 3296 superato
763 3217 838 3278 solet
854 3218 922 3279 ¹lieri
943 3219 1087 3289 reversio,
1118 3217 1202 3292 quasi
1232 3233 1264 3275 sc
1287 3219 1352 3293 ipss
1379 3224 1515 3276 contenta
1546 3232 1658 3291 sueque
1686 3223 1793 3275 nature
1825 3215 1869 3275 ad

514 3309 728 3384 superationem
744 3315 773 3365 et
787 3307 953 3383 passionem
966 3305 1058 3375 lacte,
1080 3320 1194 3381 semper
1207 3320 1249 3376 se,
1272 3304 1364 3363 veluti
1379 3302 1498 3379 gallina,
1523 3304 1624 3363 sternit
1645 3302 1732 3375 humi,
1756 3318 1867 3379 protm

513 3402 573 3452 tam
595 3395 732 3453 insessori
754 3393 842 3469 gallo.
888 3395 924 3452 Et
950 3410 1017 3453 ecce
1046 3408 1151 3451 causas
1173 3390 1329 3463 affectuum
1358 3394 1386 3447 in
1410 3392 1565 3466 generibus
1594 3392 1682 3465 inque
1706 3392 1784 3448 tonis
1808 3410 1867 3467 sy-

514 3483 648 3541 stematis
664 3483 812 3557 primarii,
834 3499 869 3541 ex
896 3480 1099 3555 Gsurgentis.
1323 3535 1330 3549 ,

599 3567 683 3627 Nunc
704 3567 827 3627 eundem
849 3568 996 3627 semitonii
1017 3569 1105 3627 sitnm
1128 3563 1355 3641 contemplemur
1377 3565 1464 3625 etiam
1482 3570 1616 3641 respectu
1631 3570 1767 3621 tonorum
1789 3581 1868 3639 pro-

515 3655 623 3713 miscue
653 3658 799 3732 omnium,
829 3656 879 3716 ubi
907 3654 1106 3730 attemperabo
1136 3655 1312 3725 cretionem,
1343 3660 1376 3710 ut
1407 3652 1548 3711 hactenus
1574 3653 1678 3728 etiam,
1706 3648 1745 3707 ad
1770 3657 1870 3714 tonos

516 3742 664 3816 vulgares,
693 3745 737 3801 uti
760 3759 811 3801 eos
841 3760 876 3801 ex
897 3744 970 3801 meis
993 3741 1140 3817 principiis
1163 3739 1299 3807 distinxi„
1335 3738 1410 3799 Nem
1438 3737 1474 3796 ds
1496 3738 1615 3811 reliquis
1645 3738 1684 3795 10
1706 3738 1869 3813 speciebus

516 3839 649 3895 octavae,
672 3846 748 3906 quas
768 3828 868 3889 addidi
891 3830 1116 3906 comparationis
1139 3843 1242 3900 censu,
1266 3844 1303 3885 sn
1326 3829 1387 3885 toni
1410 3824 1467 3885 dici
1490 3832 1663 3899 mereantur,
1685 3824 1871 3885 musicorum

516 3919 571 3977 erit
588 3915 742 3993 judicium.
1261 3978 1265 3985 ,

601 4003 697 4081 Saepe
726 4004 847 4076 dietum,
879 4003 1050 4063 naturaliter
1080 3999 1197 4076 quidem
1231 4016 1266 4059 ex
1297 4001 1443 4060 concinnis
1472 3998 1635 4059 intervallis
1664 3998 1779 4074 majora
1806 4000 1870 4059 stoi

515 4091 664 4170 postulare
687 4090 784 4151 locum
805 4092 894 4150 imum
918 4091 988 4165 dari,
1012 4097 1045 4147 nt
1066 4106 1175 4164 magna
1196 4090 1309 4162 magnis
1331 4088 1519 4147 associentur.
1564 4086 1641 4144 Nam
1663 4092 1691 4145 st
1704 4086 1770 4145 soni
1793 4104 1868 4161 gra·

515 4197 579 4257 ves,
601 4182 652 4254 qni
673 4186 742 4239 snut
762 4177 862 4237 itidem
885 4181 967 4250 inlra,
989 4174 1189 4251 magnitudine
1212 4173 1321 4249 aliqua,
1344 4174 1373 4233 id
1397 4182 1442 4234 est
1463 4170 1560 4251 longis
1585 4172 1701 4233 chordis
1723 4171 1869 4233 detmari-

515 4276 629 4341 nantnr,
652 4269 730 4325 acuti
754 4267 899 4336 brevibus,
923 4284 974 4324 seu
998 4264 1077 4339 quod
1101 4261 1178 4321 idem
1200 4270 1252 4334 est,
1276 4279 1365 4320 sonus
1388 4263 1486 4338 gravis
1507 4276 1614 4337 magno
1637 4269 1667 4319 et
1682 4260 1763 4319 tsrdo
1780 4271 1868 4321 motu

515 4355 618 4426 editur,
641 4362 745 4414 acutus
767 4369 858 4431 parvo
880 4361 911 4413 et
930 4352 1024 4415 celeri.
1073 4349 1218 4409 Naturalis
1242 4351 1329 4423 igitur
1351 4352 1440 4409 series
1463 4354 1516 4422 est,
1539 4364 1605 4407 cum
1626 4349 1657 4405 in
1675 4347 1866 4407 tetrachordo

515 4442 642 4519 perlecto
666 4443 757 4519 primo
779 4440 844 4499 loco
867 4448 913 4499 est
935 4448 1020 4498 tonus
1042 4437 1152 4512 major,
1175 4436 1303 4495 secundo
1327 4438 1428 4509 minor,
1452 4439 1537 4495 tertio
1562 4444 1591 4494 et
1613 4452 1747 4512 supremo
1770 4436 1866 4493 semi-

515 4531 638 4589 tonium.
680 4530 771 4604 Atqui
794 4545 860 4587 cum
882 4530 981 4590 omnia
1002 4524 1159 4585 secundum
1183 4532 1316 4583 naturam
1331 4524 1448 4597 habent,
1472 4524 1682 4596 leotrannus,
1704 4522 1776 4581 laeti
1793 4540 1867 4598 ergo

517 4619 576 4675 toni
598 4624 674 4688 sont,
698 4619 748 4692 qni
771 4615 985 4675 tetrachordum
1007 4613 1126 4676 inierine
1148 4614 1191 4671 sic
1213 4612 1340 4670 divisum
1361 4611 1485 4685 habent,
1515 4610 1625 4669 habent
1647 4617 1744 4669 autem
1767 4612 1866 4686 septi-

515 4722 580 4762 mus
611 4714 641 4763 et
663 4713 799 4776 octavum,
830 4720 904 4778 qnos
928 4704 1001 4761 mira
1022 4701 1217 4759 inconstantia
1244 4715 1328 4756 nuno
1345 4698 1504 4775 Phrygios,
1533 4714 1609 4755 nnnc
1632 4694 1813 4774 Mixolydios
1844 4714 1866 4755 a

516 4792 665 4853 veteribus
685 4790 850 4866 appellatos
871 4798 991 4867 putent,
1020 4800 1276 4864 quamquamcgo
1301 4788 1394 4860 mapa
1424 4786 1544 4853 inclino,
1574 4793 1606 4843 ut
1629 4783 1740 4860 Lydios
1763 4785 1866 4859 potius

516 4879 664 4939 veteribus
687 4876 780 4937 dictos
802 4877 933 4951 credam,
957 4879 1027 4953 qnia
1049 4882 1192 4935 testantur
1215 4871 1251 4933 de
1273 4890 1326 4933 suo
1351 4872 1460 4951 Lydio,
1491 4872 1569 4948 quod
1598 4870 1718 4948 impleat
1748 4875 1865 4935 animos

516 4966 612 5036 lurore
643 4964 758 5034 divino,
789 4965 818 5022 id
846 4971 891 5023 est
918 4965 1068 5023 alacritate
1096 4970 1125 5021 et
1147 4960 1298 5037 spiritibus
1328 4961 1515 5033 militaribus;
1549 4960 1651 5035 quales
1674 4966 1741 5017 sunt
1771 4961 1864 5017 nostri

518 5056 659 5130 septimus
681 5060 713 5112 et
734 5059 867 5113 octavus.

605 5140 679 5199 Cum
701 5141 791 5214 tgttnr
811 5154 915 5197 eversa
937 5146 982 5198 est
1003 5138 1087 5207 ratio,
1101 5112 1143 5193 'nt
1163 5108 1221 5193 imo
1244 5135 1310 5195 loco
1325 5136 1364 5192 sit
1378 5134 1572 5208 semitonium,
1591 5132 1672 5214 qnod
1686 5131 1719 5191 lit
1732 5134 1761 5189 in
1777 5132 1864 5192 tertio
