4467 6192
450 732 469 792 6
1030 724 1200 783 Prooemium

449 905 497 968 cui
527 903 684 983 plurimum
718 921 754 965 ex
788 905 922 966 omuibus
953 904 1036 966 libris
1068 906 1131 966 suis
1160 905 1262 966 tribuit
1288 912 1332 981 et,
1366 907 1392 966 si
1420 906 1615 967 astronomiae
1643 905 1795 966 historiam

448 993 643 1070 spectaveris,
671 1009 709 1053 ea
730 989 766 1052 de
788 1009 880 1054 causa
900 989 1055 1069 plurimum
1077 991 1261 1053 tribuendum
1283 1000 1342 1068 est,
1372 993 1453 1070 qnod
1483 993 1593 1071 legem,
1616 1010 1699 1071 quae
1721 995 1796 1054 inter

390 1085 394 1096 '
449 1078 617 1139 distantiam
638 1077 822 1156 planetarum
843 1098 863 1140 ι
884 1077 953 1139 Sole
976 1095 1134 1156 corumque
1157 1087 1267 1165 motum
1290 1083 1366 1142 circa
1388 1079 1485 1140 Solem
1508 1079 1677 1155 intercedat,
1700 1081 1796 1142 rciert.

449 1165 572 1242 Aliquot
593 1167 678 1228 annis
700 1173 769 1227 ante
784 1164 895 1245 (1601)
911 1166 1011 1230 scribit
1026 1165 1186 1244 Ksplerus:
1212 1169 1261 1245 ,in
1276 1167 1462 1228 Ηιιιιοιιιιι
1484 1171 1557 1230 mais
1579 1167 1795 1243 demonstrabo,

449 1261 558 1332 quanto
586 1253 741 1314 intervallo
769 1261 854 1314 vetus
883 1252 1002 1314 musica
1025 1255 1154 1317 noscam
1175 1256 1354 1332 sequatnr“J
1384 1270 1461 1315 anno
1488 1257 1585 1316 160οι
1621 1272 1737 1333 „meam
1758 1254 1796 1316 de

448 1341 601 1402 harmonia
622 1339 723 1400 mnndi
746 1339 1016 1402 dissertationsm'
1002 1360 1066 1418 Jam
1095 1341 1208 1418 pridem
1236 1341 1275 1404 ad
1301 1342 1470 1405 ιιιιιιιιιιι
1494 1334 1710 1432 percurrissem,
1739 1344 1796 1425 niqt

449 1427 599 1508 Tychonis
622 1430 800 1490 astronomia
819 1429 864 1487 ita
885 1433 980 1487 totum
1002 1447 1049 1488 ms
1070 1429 1262 1507 possedisset,
1290 1438 1323 1490 nt
1343 1448 1437 1507 paene
1460 1431 1661 1506 insanirerim,
1690 1449 1797 1508 quam·

449 1517 495 1577 vis
516 1532 631 1577 mecum
652 1514 818 1590 deliberem,
842 1513 943 1593 quid
930 1534 994 1591 Jam
1016 1533 1101 1594 porro
1123 1517 1209 1577 bac
1201 1535 1230 1575 ιι
1253 1535 1283 1578 ιι
1305 1520 1344 1577 ιιι
1366 1515 1561 1578 iaciendum“.

553 1602 601 1663 Ad
623 1603 839 1680 cogitationem,
864 1599 900 1662 de
922 1600 978 1664 hac
999 1605 1122 1664 materia
1143 1605 1250 1664 librum
1272 1604 1481 1680 conscribendi,
1504 1605 1664 1684 Keplerum
1686 1603 1797 1664 dudum

449 1699 576 1753 erectum
598 1689 687 1752 fuisse
716 1697 884 1765 certamque
912 1689 1022 1750 formae
1053 1693 1211 1768 imaginem
1237 1695 1334 1753 animo
1357 1695 1440 1752 initio
1464 1696 1642 1771 concepisse,
1669 1689 1796 1754 emodo

450 1780 619 1858 praemissis
650 1783 780 1854 apparet.
835 1775 882 1836 De
911 1777 1097 1853 planetarum
1129 1796 1215 1839 cursu
1247 1780 1402 1856 inquirenti
1431 1779 1483 1840 illa
1515 1782 1655 1858 cogitatio
1682 1792 1798 1855 semper

450 1869 621 1929 obversatur
642 1872 672 1924 et
693 1862 918 1937 tentaminibus,
946 1867 1096 1926 notionem
1119 1867 1149 1924 in
1170 1864 1331 1928 Prodromo
1358 1869 1529 1928 nunciatam
1548 1868 1689 1949 cnmiis,
1720 1883 1797 1942 quae

420 1979 422 1984 ·
450 1953 508 2014 illis
542 1950 792 2030 disquisitionibus
825 1953 947 2023 eruerit,
982 1952 1192 2031 coniungendi,
1225 1955 1435 2017 manifestatur.
1491 1953 1575 2032 Quae
1609 1957 1798 2031 quaestiones

449 2042 657 2119 adiuvantibus
671 2037 848 2117 Tycbouicis
871 2039 1126 2100 observationibus
1148 2039 1270 2112 clariore
1292 2044 1322 2100 in
1339 2039 1402 2102 dies
1422 2042 1489 2103 luce
1506 2041 1693 2114 illustrantur,
1717 2039 1797 2119 qnod

384 2194 391 2209 ,
449 2127 580 2206 plurimis
603 2125 743 2202 exemplis
763 2119 962 2186 demonstrant
976 2125 1184 2189 Pulcoviensia
1200 2123 1397 2208 manuscripta
1419 2147 1576 2208 eorumque
1599 2146 1651 2190 eae
1671 2130 1796 2188 maxime

449 2223 562 2295 portes,
597 2213 703 2290 quibus
732 2211 913 2291 singulorum
945 2211 1130 2292 planetorum
1153 2233 1254 2276 cursus
1283 2224 1496 2293 computantur.
1549 2215 1670 2293 Kepleri
1698 2222 1797 2291 autem

451 2301 542 2378 dicta,
564 2318 641 2379 qnae
663 2297 750 2361 modo
771 2300 938 2404 retulimus,
967 2315 1028 2362 non
1050 2303 1104 2362 ita
1114 2303 1306 2380 intelligenda
1327 2321 1405 2379 ιιιι,
1436 2305 1523 2380 qnasi
1544 2305 1686 2365 strictiore
1708 2319 1797 2364 sensu

450 2389 614 2468 conceperit
635 2390 730 2466 operis
752 2389 800 2446 sui
821 2395 1039 2468 argumentum,
1063 2407 1151 2466 quam
1174 2390 1299 2468 posthac
1320 2400 1491 2468 conceptum
1514 2399 1573 2468 est,
1603 2389 1670 2450 inde
1693 2390 1797 2466 elucet,

451 2476 529 2554 quod
551 2477 606 2536 sub
628 2473 706 2536 idcm
728 2481 843 2552 tempus
865 2483 1068 2552 argumentum
1089 2476 1182 2550 idern,
1213 2477 1395 2556 quodiam
1410 2484 1527 2556 praesto
1556 2484 1615 2552 est,
1651 2480 1797 2540 enunciat

449 2563 618 2624 Hcrwartus
651 2562 688 2623 de
719 2559 902 2640 Hobenbnrg
928 2563 992 2640 iam
1022 2574 1100 2624 auno
1131 2566 1222 2625 1600.
1254 2564 1382 2642 Keplero
1412 2564 1574 2627 Ptolemaei
1604 2565 1797 2627 Harmoniam

449 2653 581 2727 miserat3
603 2667 663 2727 qua
684 2653 802 2728 cognita
826 2648 971 2728 Keplcrus
993 2652 1098 2712 mirum
1121 2669 1185 2732 esse
1208 2655 1258 2727 ait,
1281 2653 1331 2729 qui
1354 2655 1393 2712 sit
1413 2655 1571 2714 intersuas
1586 2661 1616 2713 et
1634 2651 1799 2714 Ptolemaei

328 2791 329 2794 ,
450 2739 584 2800 notiones
599 2752 766 2810 consensus,
790 2755 856 2797 cunr
877 2755 933 2798 sua
955 2735 1119 2822 dispositio,
1143 2757 1219 2816 qnae
1241 2741 1410 2817 priusquam
1431 2741 1510 2801 hunc
1530 2737 1636 2818 legerit
1655 2739 1735 2801 iacta
1748 2742 1800 2816 sit,

450 2843 516 2888 cum
538 2824 728 2902 dispositione
751 2823 838 2900 hujus
861 2831 1011 2902 congruat
1055 2825 1155 2887 Editio
1178 2834 1276 2887 autern
1299 2829 1326 2888 ei
1348 2829 1520 2889 transmissa
1541 2836 1603 2889 arat
1625 2825 1686 2904 ilia,
1709 2846 1798 2905 quarn

431 2913 596 2980 'Antonius
619 2910 756 2989 Gogavia
778 2911 947 2972 venandam
977 2922 1144 2989 curaverat3
1177 2924 1252 2991 quse
1275 2932 1364 2991 quum
1387 2916 1532 2975 siminus
1555 2922 1690 2977 accurate
1713 2931 1798 2978 uersa

405 3000 408 3006 ’
451 3006 480 3062 ιι
501 2999 630 3061 molesta
652 2994 808 3074 rideretur,
841 2996 999 3060 editionem
1020 2999 1176 3076 Graccum,
1210 3009 1243 3062 ut
1265 3008 1375 3062 certum
1395 3001 1504 3064 iaceret
1521 3001 1679 3079 judioium,
1710 3003 1797 3063 anxie

451 3104 593 3167 quaerens
623 3079 808 3148 Ηιιιιιιιιιιι
838 3085 924 3162 adiit,
957 3087 1008 3162 qui
1040 3104 1117 3149 anno
1143 3089 1229 3148 1607
1255 3086 1424 3164 transmisso
1451 3089 1526 3150 libro
1554 3107 1621 3150 enm
1647 3091 1797 3150 certiorem

449 3174 530 3251 iecit,
562 3175 656 3236 sibi
649 3191 676 3232 ιι
707 3175 806 3233 animo
835 3190 913 3250 esse,
946 3187 1021 3251 opus
1049 3167 1222 3236 vertendum
1245 3183 1275 3236 ct
1296 3175 1440 3237 edendum
1463 3194 1564 3238 curare
1586 3185 1616 3238 ιι
1637 3155 1797 3254 Keplerdm

450 3260 486 3324 de
508 3280 542 3325 re
563 3261 615 3322 illa
637 3259 790 3323 consuluit.
833 3257 980 3338 Keplerus
1009 3268 1107 3322 autern
1129 3263 1172 3322 ita
1190 3261 1345 3340 judicavit,
1376 3273 1409 3324 ot
1430 3262 1600 3324 Horwertus
1623 3272 1714 3325 totam
1735 3283 1796 3324 rem

449 3349 578 3426 Keplero
602 3351 849 3410 committeretur
872 3364 925 3409 suo
948 3348 1066 3411 arbitrio
1089 3345 1308 3412 conficiendam
1353 3349 1436 3427 Quae
1459 3361 1558 3412 autem
1579 3359 1701 3429 uterque
1724 3354 1797 3410 inter

450 3455 482 3497 se
496 3437 596 3513 egerit,
622 3433 765 3517 epistolae
780 3421 887 3495 docent
910 3433 984 3496 inira
999 3452 1169 3516 expressae,
1192 3453 1250 3514 quo
1263 3437 1391 3514 quidem
1406 3437 1514 3500 iactum
1529 3446 1583 3512 cst,
1606 3445 1638 3499 ut
1652 3439 1796 3516 Keplerua

450 3541 523 3602 opus
544 3525 609 3600 ipse
628 3529 754 3583 verteret
776 3520 893 3599 adjecta
913 3524 1152 3601 interpretatione
1173 3523 1241 3585 libri
1255 3523 1311 3585 Πι
1327 3543 1392 3604 cap.
1408 3527 1495 3601 iss,
1519 3543 1606 3602 qnam
1628 3534 1662 3586 ut
1682 3543 1797 3605 appen-

451 3611 543 3671 dicem
565 3609 652 3688 operi
668 3625 721 3669 suo
745 3608 903 3686 adjungere
926 3611 1036 3672 statuit
1066 3611 1133 3672 Ηοι
1146 3612 1298 3672 consilium
1313 3611 1381 3674 dum
1397 3630 1471 3690 opus
1488 3615 1663 3718 imprimitur
1680 3622 1797 3694 secutus

451 3698 514 3775 (cir
535 3695 779 3758 introductionem
799 3695 867 3758 libri
888 3693 953 3775 V.),
973 3705 1129 3777 postquam
1151 3697 1298 3760 adfinem
1319 3701 1452 3778 peruenit
1474 3703 1563 3761 variis
1585 3701 1680 3762 causis
1701 3702 1797 3777 impe-

450 3785 527 3845 ditos
550 3801 607 3861 quo
629 3785 725 3844 minus
747 3788 945 3862 exequeretur,
967 3786 1010 3844 ita
1031 3787 1165 3859 mutavit,
1189 3794 1220 3846 ιι
1242 3804 1385 3847 summam
1406 3805 1501 3848 rerum
1518 3790 1620 3865 paucis
1635 3786 1795 3866 colligeret.

450 3871 532 3950 Opus
555 3871 727 3932 translatum
750 3887 785 3931 cx
807 3873 1010 3948 manuscriptis
1025 3871 1268 3934 Pnicoviensibus
1291 3877 1369 3954 typis
1391 3875 1610 3952 exprimendum
1632 3877 1796 3938 curavimus

450 3965 489 4036 et,
511 3958 589 4036 quod
611 3956 777 4058 Keplerus
777 3958 816 4018 ab
836 3958 919 4040 initio
942 3957 1114 4036 intenderat,
1138 3955 1315 4028 Harmoniae
1337 3965 1536 4024 annexuimus.

507 4043 671 4123 Opus
663 4049 760 4124 ipsunt
781 4047 944 4123 principiis,
973 4049 1143 4124 prinsquam
1166 4048 1329 4110 Ptolemaei
1351 4047 1466 4111 librum
1478 4049 1654 4127 accepisset,
1682 4050 1798 4127 positis,

449 4117 613 4194 numeriae
597 4134 659 4194 suis
682 4131 849 4193 absolutum
872 4140 918 4194 est
940 4131 1079 4195 dimensis
1093 4134 1284 4222 planetarpm
1300 4128 1445 4198 cursibus
1451 4139 1536 4198 ιιιιιι
1555 4137 1637 4198 1615
1653 4145 1683 4198 et
1701 4139 1795 4199 1616.
1839 4185 1845 4194 .

450 4221 655 4282 Dimensiones
678 4235 814 4281 cursuum
836 4228 934 4301 ιιιιιι
957 4208 1338 4306 (1011111111ιιΡιιιοι.)
1361 4225 1404 4284 ita
1425 4224 1627 4298 inscribuntur,
1650 4232 1683 4284 ut
1705 4223 1796 4286 dubm

449 4309 648 4386 relinquantur
669 4305 706 4367 de
728 4308 862 4368 examine
884 4308 1066 4369 accuratiore
1085 4310 1282 4386 proportionis
1304 4309 1430 4387 orbium,
1461 4319 1491 4372 et
1514 4311 1549 4373 de
1571 4310 1697 4372 Saturno
1720 4311 1795 4374 baec

449 4395 541 4456 allata
574 4395 731 4458 babemus:
774 4393 885 4470 ,Deest
912 4393 1009 4456 adbuc
1046 4395 1168 4459 eramen
1196 4397 1361 4458 accuratius
1394 4402 1590 4478 proportionis
1620 4400 1734 4460 orbium
1764 4407 1794 4461 ct

449 4499 516 4559 pars
546 4483 713 4543 tabularum
741 4480 809 4542 inde
835 4479 1018 4559 dependens,
1046 4499 1088 4544 ec.
1112 4482 1317 4544 distantiarum
1343 4484 1463 4546 Saturni
1492 4496 1520 4548 et
1547 4485 1634 4548 Solis.
1678 4485 1793 4562 Pragtre

451 4569 582 4629 exhibita
596 4569 685 4647 Regis
697 4567 845 4630 Matthiae
860 4565 1043 4630 consiliariis.
1077 4569 1171 4632 Lincii
1194 4579 1379 4650 accmsernnt
1400 4576 1471 4636 ista:
1487 4575 1601 4634 revisio
1624 4576 1793 4636 ecesntrici-

401 4661 403 4668 '
449 4658 518 4718 tatis
548 4671 602 4718 sen
632 4657 696 4733 ejus
726 4656 762 4717 da
790 4672 869 4718 noro
899 4658 1103 4733 investigatio,
1135 4665 1169 4718 ιι
1198 4661 1287 4720 etiam
1315 4661 1510 4740 proportionis
1539 4660 1652 4722 orbium
1674 4668 1704 4724 et
1724 4679 1793 4739 pars

450 4743 653 4804 distantiarum
675 4742 803 4806 tabulae.
807 4745 824 4779 ‘⁴
867 4741 975 4804 lisdem
997 4743 1057 4805 iere
1078 4742 1175 4808 serbis
1203 4747 1367 4810 inscribitur
1388 4746 1518 4831 calculus
1541 4751 1675 4810 ιιοιιιιι
1694 4747 1792 4825 Jovia,

450 4831 578 4908 exceptis
606 4833 741 4890 extremis
770 4831 856 4892 lineis
882 4831 945 4892 bis:
977 4829 1068 4911 „Jam
1090 4819 1187 4895 lincii
1210 4837 1292 4895 1616
1316 4843 1502 4897 accesserunt
1524 4853 1645 4897 examen
1667 4853 1792 4916 propor-

450 4919 537 4978 tionis
564 4915 678 4978 orbium
706 4924 735 4978 ct
761 4919 983 4980 ecesntricitatis
1009 4908 1179 4992 absolutum
1205 4936 1332 5000 parsque
1354 4922 1585 4984 distantiarum.“
1630 4923 1770 4985 Conna
1761 4941 1792 4983 ιι

450 5002 563 5065 calculo
584 5011 717 5082 motuum
738 5001 874 5066 Veneris:
903 5000 1089 5082 „rudimenta
1110 5007 1301 5087 multiplicia;
1331 5008 1450 5071 tabulae
1480 5009 1584 5072 desunt
1611 5027 1666 5072 nec
1688 5011 1791 5073 confici

449 5098 581 5169 possunt,
603 5077 660 5180 ιιι1
683 5089 979 5156 demonstrationibus
1000 5094 1173 5174 expeditis.“
1218 5096 1251 5155 in
1274 5095 1417 5158 Mercurio
1440 5095 1583 5174 denique:
1608 5097 1797 5175 ,rudimenta

451 5179 623 5243 οιιιιιιιιιιι
654 5167 828 5241 Mercurius
849 5195 916 5242 raro
937 5195 992 5244 uec
1013 5181 1149 5262 expedite
1170 5187 1305 5260 cernitur,
1328 5185 1428 5262 itaque
1450 5185 1712 5252 demonstrationes
1733 5185 1790 5248 bae
