4467 6192
772 685 949 749 Hermonieis
982 686 1066 742 liber
1081 679 1131 741 tu.
1151 684 1239 755 Caput
1256 684 1315 740 XV.
1646 686 1706 747 187

363 866 460 923 statim
482 862 647 933 audientes,
670 880 721 925 eos
743 865 876 926 velutin
898 883 958 927 rem
980 872 1163 944 praesentem
1185 864 1341 925 adduoens.
1387 862 1503 943 Triplus
1532 864 1621 941 igitur
1643 870 1706 922 tnr-

362 952 498 1011 bulentus
519 960 549 1012 et
570 959 710 1012 actuosus
730 962 785 1025 est,
809 952 916 1031 duplus
938 955 1072 1030 quietior,
1095 954 1236 1029 pacatior,
1259 952 1425 1012 modestior.
1470 949 1527 1010 Sed
1547 951 1587 1011 'de
1601 951 1706 1029 rhyth-

363 1040 415 1098 mis
438 1055 599 1114 eorumque
621 1042 712 1116 signis
733 1040 806 1099 nihil
827 1041 884 1100 hoe
904 1041 995 1114 libror
1019 1058 1109 1117 quare
1132 1043 1236 1099 missos
1260 1057 1312 1101 eos
1332 1041 1482 1098 laeiamus.

447 1123 517 1185 vti
543 1126 726 1187 Veniendum
748 1136 826 1187 nuno
848 1136 893 1186 ost
914 1128 952 1186 ad
976 1128 1034 1197 illa,
1058 1129 1164 1204 quibus
1188 1130 1302 1207 proprie
1330 1134 1417 1187 tonos
1438 1125 1628 1185 discriminari
1659 1125 1705 1183 di-

361 1217 468 1287 1imus‚
499 1230 624 1290 quorum
645 1217 834 1292 praeeipuam
857 1226 901 1275 est
923 1214 1078 1275 diversitas
1098 1232 1236 1292 generum
1266 1220 1378 1274 santus.
1425 1215 1521 1289 Atque
1544 1212 1595 1272 bie
1613 1230 1698 1289 seges

276 1306 282 1320 “
363 1301 593 1379 disputationum
623 1304 826 1381 copiosissima
851 1306 1021 1375 sucerescit,
1053 1304 1201 1379 quodnam
1223 1320 1258 1361 ex
1282 1303 1374 1361 tribus
1398 1308 1527 1361 veterum
1549 1302 1704 1376 generibus

362 1390 516 1449 enituerit
539 1390 656 1449 affectui
678 1392 826 1465 tributum,
849 1408 936 1467 quam
959 1408 1013 1451 nos
1035 1393 1174 1449 intactam
1197 1388 1425 1466 praeteribimus,
1452 1405 1517 1446 eum
1541 1404 1594 1447 neo
1616 1396 1704 1447 natu·
1801 1438 1810 1455 ,

362 1476 429 1536 ralis
451 1480 492 1536 sit
513 1476 678 1537 distributio
701 1487 804 1538 cantus
827 1480 855 1535 in
878 1496 986 1552 genera
1007 1492 1127 1537 nurnero
1150 1480 1213 1551 tria,
1236 1494 1290 1537 nee
1313 1485 1426 1536 veteres
1448 1475 1504 1533 sibi
1520 1485 1653 1535 constent
1676 1478 1705 1534 in

362 1565 416 1624 bae
438 1566 571 1625 materia.
617 1564 690 1623 llihi
713 1566 748 1625 de
769 1565 952 1625 naturalibus
982 1565 1096 1625 duobus
1120 1573 1222 1625 erutus
1244 1564 1398 1642 generibus
1428 1578 1522 1622 sermo
1545 1566 1614 1631 erit,
1641 1564 1705 1621 duri

363 1651 477 1712 euboea
509 1660 539 1713 et
560 1651 671 1727 mollis3
699 1670 775 1729 quae
797 1670 886 1712 voces
908 1670 982 1729 quos
1004 1654 1124 1713 allectus
1148 1656 1257 1725 oleam,
1288 1654 1369 1728 ipsae
1398 1648 1532 1729 produnt.
1577 1651 1650 1709 Nam
1674 1660 1706 1708 ut

362 1740 471 1799 lomina
493 1739 532 1799 ad
553 1738 721 1816 patiendum
750 1742 934 1818 potissimum
955 1741 1033 1801 laeta
1055 1749 1114 1809 est,
1145 1758 1208 1799 mas
1238 1738 1277 1799 ad
1299 1739 1456 1815 agendum,
1485 1740 1654 1814 praesertim
1676 1740 1704 1795 in

363 1828 563 1901 generationis
585 1829 718 1909 uegptio,
741 1830 784 1886 sie
805 1826 893 1887 molle
915 1844 1007 1904 geues
1028 1829 1215 1908 passionibus
1229 1829 1317 1888 enimi
1333 1828 1471 1901 femineis,
1494 1823 1598 1884 durum
1612 1827 1706 1885 aetio·

360 1915 446 1973 uibns
469 1914 604 1974 virilibus
626 1915 880 1990 accommodatum
902 1933 1025 1991 querum
1047 1933 1142 1977 rerum
1163 1915 1328 1975 diserimIna
1350 1914 1589 1989 exsequentibus
1611 1915 1705 1989 magis

362 2001 583 2075 elueeseentit).
1109 2023 1115 2031 ·

447 2088 533 2147 VIII.
556 2090 620 2148 Nou
644 2076 720 2149 enim
742 2108 848 2167 genera
872 2097 984 2149 tautum
1006 2098 1120 2169 santus,
1142 2088 1194 2150 sed
1217 2090 1304 2149 etiarn
1328 2091 1390 2147 toni
1412 2092 1440 2147 in
1456 2090 1624 2148 universum
1645 2090 1704 2147 situ

361 2178 509 2237 semitonii
532 2176 711 2237 differebant.
756 2178 813 2237 Hie
835 2179 982 2237 semitonii
1011 2180 1084 2237 situs
1107 2180 1218 2236 animet
1239 2176 1386 2253 alfleitque
1420 2185 1478 2235 tam
1501 2192 1593 2251 genus
1618 2193 1705 2252 quam

361 2263 479 2323 modurn
501 2280 555 2323 seu
576 2271 693 2340 tonum3
723 2264 807 2325 aliter
829 2267 942 2325 tamsu‘
957 2264 992 2325 de
1016 2265 1071 2325 boo
1101 2266 1160 2323 situ
1191 2263 1397 2340 disputandum
1426 2272 1470 2324 est
1499 2270 1629 2341 respeetu
1652 2280 1705 2338 ge-

362 2368 472 2425 nerum,
495 2350 581 2411 aliter
601 2359 735 2428 respectu
758 2360 892 2412 tonorum
914 2354 1051 2412 omnium.
1097 2350 1213 2413 Genera
1235 2352 1311 2411 enim
1338 2351 1463 2411 diximus
1486 2352 1552 2410 oriri
1583 2352 1705 2428 p'rimum

363 2442 493 2497 omnium
516 2442 546 2496 iu
569 2446 676 2499 octava
697 2439 859 2517 principali,
884 2455 960 2515 quae
982 2452 1000 2499 a
1026 2438 1196 2516 Ginoipit,
1227 2442 1256 2496 in
1285 2456 1343 2515 qua
1372 2441 1516 2499 semitonii
1540 2440 1613 2497 situs
1640 2438 1705 2497 loeo

361 2529 478 2603 peuimo
502 2526 607 2584 iormat
629 2543 721 2602 genus
743 2528 849 2601 molle,
873 2528 939 2587 loeo
962 2527 1195 2605 antepenultimo
1214 2543 1306 2603 genus
1330 2526 1448 2602 durum3
1476 2527 1536 2585 illie
1559 2527 1616 2586 imo
1640 2525 1705 2586 loeo

361 2622 403 2673 est
425 2614 515 2673 tertia
537 2614 641 2687 mollis,
665 2614 712 2673 hio
735 2614 830 2675 durau
862 2613 944 2691 Quae
967 2623 1012 2675 est
1033 2618 1123 2691 igitur
1151 2615 1238 2691 hujus
1261 2616 1335 2672 situs
1358 2618 1498 2673 connexio
1528 2630 1592 2672 enm
1615 2614 1705 2673 alise-

361 2700 514 2761 tionibus?
536 2710 587 2759 ant
609 2700 678 2777 quid
695 2718 846 2762 eommune
869 2705 971 2763 tertiae
986 2704 1089 2762 minori
1113 2719 1178 2761 ourn
1194 2703 1316 2775 leminis,
1341 2718 1405 2761 eum
1422 2700 1617 2779 passionibus,
1640 2718 1704 2760 eum

360 2787 507 2848 mollitie?
528 2786 598 2863 quid
621 2790 691 2848 item
713 2792 816 2849 tertiae
838 2788 927 2864 diuae
950 2807 1015 2848 eum
1039 2790 1185 2863 virilitate,
1210 2790 1325 2867 duritie,
1348 2788 1522 2862 actionibus,
1550 2784 1705 2847 elbeaoia‘l

443 2875 572 2934 Primum
594 2878 684 2953 igitur
705 2880 877 2948 memineris,
901 2880 1016 2937 tertiam
1039 2877 1140 2937 duram
1164 2885 1255 2936 ortam
1279 2894 1343 2936 esse
1367 2894 1403 2936 ex
1424 2884 1606 2955 pentagono,
1630 2890 1704 2951 pen-

360 2972 499 3023 tsoonnm
522 2966 565 3020 nti
587 2966 715 3022 sectione
737 2964 897 3023 seeundum
925 2973 1054 3024 extrema
1076 2973 1105 3025 et
1126 2964 1267 3024 medium.
1301 2981 1376 3038 quae
1406 2966 1622 3041 proportionem
1644 2964 1704 3020 ior·
1817 2962 1825 2979 “

359 3061 438 3114 nrnt
463 3051 601 3111 divinam.
646 3050 680 3109 In
703 3050 759 3112 bac
783 3070 851 3112 vero
874 3057 1058 3131 proportione
1075 3052 1194 3128 pulehre
1216 3056 1290 3112 inest
1305 3053 1500 3127 generationis
1518 3050 1592 3108 idea.
1629 3048 1704 3108 Nam

358 3140 432 3197 deut
455 3146 541 3214 peter
561 3140 656 3214 giguit
676 3138 783 3212 fllium,
806 3139 884 3198 iilius
907 3141 1013 3213 alium,
1037 3143 1161 3217 quisque
1183 3141 1239 3199 sibi
1264 3138 1400 3210 similem,
1424 3140 1467 3198 sie
1489 3140 1577 3197 etiam
1600 3139 1628 3194 in
1651 3136 1704 3195 illa
1791 3189 1795 3199 .

358 3229 497 3299 seetioue,
521 3242 586 3285 oum
608 3242 676 3302 pars
699 3227 792 3302 major
813 3226 930 3285 additur
952 3230 1021 3302 toti,
1046 3230 1231 3287 continuatur
1251 3229 1400 3303 proportio
1424 3228 1559 3304 capitque
1582 3238 1703 3301 compo-

359 3316 413 3372 sita
434 3312 535 3371 loeum
559 3314 656 3385 totius,
680 3321 709 3372 et
731 3331 808 3389 quae
830 3316 910 3391 prius
933 3324 995 3374 erat
1017 3322 1088 3389 tota,
1112 3316 1208 3374 losum
1236 3316 1327 3391 partis
1349 3313 1478 3389 majoris.
1524 3311 1607 3386 Quae
1629 3314 1703 3370 ratio

358 3404 409 3458 etsi
431 3402 562 3459 numerIs
585 3402 703 3477 exprimi
727 3402 844 3477 nequit,
868 3400 954 3460 datur
976 3409 1072 3461 tamen
1096 3402 1195 3478 aliqua
1210 3405 1299 3462 series
1316 3417 1507 3471 numerorum,
1533 3416 1609 3475 quae
1632 3415 1703 3458 eon·
1815 3442 1820 3449 .

359 3489 435 3546 tinue
460 3488 581 3565 propius
608 3487 646 3547 sd
669 3504 769 3547 rerum
797 3487 927 3563 aceedit,
961 3491 989 3547 in
1014 3508 1072 3567 qua
1101 3494 1174 3549 serie
1202 3492 1268 3566 lpse
1291 3486 1451 3547 differentia
1480 3504 1662 3546 numerorum
1686 3506 1704 3547 a

360 3576 488 3633 terminis
511 3575 645 3650 genuinis
669 3570 735 3655 (qui
758 3582 826 3634 sunt
848 3594 904 3635 non
928 3576 1130 3650 numerabiles,
1155 3576 1205 3636 sed
1227 3571 1406 3657 ineffabiles)
1429 3574 1593 3635 admirabili
1614 3576 1704 3634 riuis·

358 3660 483 3721 situdine
507 3677 602 3720 mares
624 3662 746 3721 leminea
767 3664 928 3740 progignit,
958 3665 1094 3724 membris
1122 3681 1209 3723 serus
1237 3662 1382 3722 indicibus
1408 3661 1569 3722 distinetas.
1615 3660 1655 3722 Ut
1678 3663 1701 3719 si

358 3766 420 3825 pars
442 3749 539 3824 major
560 3751 599 3807 sit
619 3751 712 3827 primo
735 3752 768 3822 2,
798 3753 891 3810 minor
916 3754 1073 3824 l,'totum
1099 3754 1132 3813 3:
1165 3751 1212 3810 bie
1240 3768 1297 3810 non
1329 3757 1375 3810 est
1402 3749 1490 3827 plane
1527 3754 1540 3808 l
1567 3749 1603 3809 ed
1628 3754 1646 3808 2
1670 3759 1702 3808 ut

359 3834 435 3894 lad
459 3838 489 3909 3,
512 3835 675 3895 differentia
697 3840 772 3896 enim
796 3841 968 3910 aeternitas,
993 3856 1051 3915 quo
1073 3842 1169 3899 minus
1192 3838 1393 3915 reetungulum
1415 3846 1608 3896 extremorum
1634 3842 1645 3894 l
1674 3846 1702 3895 et

360 3924 509 3999 deequet
530 3923 704 3999 quadratum
726 3924 813 3985 medii
838 3928 866 3988 2.
914 3925 996 3985 'l'une
1019 3925 1162 3985 additos
1194 3926 1274 3986 ad3
1304 3926 1336 3984 tit
1358 3942 1468 3984 norum
1490 3932 1583 3983 totum
1608 3926 1641 3995 5,
1674 3934 1703 3982 et

270 4062 275 4075 ,
358 4009 455 4070 addito
479 4010 498 4069 3
522 4009 560 4069 ad
584 4012 602 4068 5
624 4019 717 4070 totum
742 4014 760 4071 8
784 4020 837 4071 eto.
884 4013 1098 4089 Restaugulum
1123 4032 1158 4073 ex
1184 4018 1197 4072 l
1225 4019 1253 4073 et
1277 4014 1295 4071 3
1319 4013 1454 4071 feminam
1478 4020 1573 4085 erest,
1606 4010 1702 4070 delinit

361 4099 433 4156 euim
457 4116 476 4157 a
499 4097 642 4173 quadrato
665 4098 701 4157 de
724 4102 742 4156 l
766 4102 892 4173 unitate;
920 4101 1120 4176 reetangulum
1144 4118 1179 4159 ex
1203 4102 1221 4156 2
1245 4090 1279 4159 et·
1300 4100 1316 4157 5
1341 4116 1465 4171 marem,
1489 4098 1604 4159 excedit
1626 4100 1702 4157 enim

358 4183 528 4259 quadratum
551 4184 588 4244 de
611 4186 629 4243 3
653 4188 780 4261 unitate;
802 4188 1003 4264 rostangnlum
1027 4190 1097 4248 exii
1121 4188 1184 4247 etb
1208 4186 1353 4261 laminam,
1377 4186 1474 4246 defieit
1493 4188 1569 4245 enim
1592 4202 1701 4260 aqua-

359 4269 438 4331 drato
461 4270 500 4331 de
524 4274 687 4333 bunitate.
731 4273 859 4332 Rursum
881 4292 916 4334 ex
941 4276 958 4333 5
982 4282 1011 4334 et
1037 4278 1073 4335 13
1098 4292 1161 4334 mas
1184 4277 1282 4347 oritur,
1306 4282 1439 4350 respectu
1456 4272 1589 4349 quadrati
1613 4270 1649 4330 de
1666 4276 1700 4345 83

357 4360 430 4417 e18
453 4362 545 4418 etii
570 4360 695 4435 lomina,
718 4370 853 4437 respeetu
878 4362 1014 4438 quadrati
1038 4361 1074 4422 de
1100 4366 1155 4435 133
1180 4362 1235 4421 hoo
1258 4364 1300 4421 sie
1323 4364 1351 4419 ln
1375 4360 1526 4419 inlinitum.

439 4445 611 4505 Haeduum
635 4450 673 4505 sit
694 4456 799 4507 natura
821 4449 908 4526 hujus
930 4452 1085 4523 sectionis,
1117 4460 1193 4526 quae
1221 4448 1259 4509 ad
1283 4446 1495 4525 quinquanguli
1520 4447 1701 4505 demonstra·

360 4534 463 4594 tionem
489 4536 646 4607 ooneurrit,
669 4550 793 4611 eumque
816 4535 940 4596 Creator
958 4537 1040 4596 Deus
1063 4536 1100 4597 ad
1124 4537 1204 4596 illam
1227 4536 1450 4596 eonlormarerit
1474 4532 1554 4609 leges
1577 4548 1701 4607 genera-

359 4622 451 4695 tionis,
475 4620 513 4680 ad
535 4624 692 4697 genuinam
715 4621 831 4697 quidem
862 4632 891 4683 et
914 4642 945 4683 se
968 4626 1032 4702 ipsa
1055 4623 1119 4684 sola
1142 4624 1299 4701 perleotam
1321 4622 1536 4699 proportionem
1565 4620 1700 4679 inaltabi-

357 4706 649 4781 liumterminorum,
673 4712 801 4770 rationes
824 4708 990 4787 plantarum
1014 4714 1206 4783 seminarias,
1230 4726 1305 4787 quae
1326 4725 1424 4769 semen
1441 4724 1525 4765 suum
1549 4711 1576 4766 in
1593 4714 1702 4767 semet-

360 4794 426 4869 ipsis
448 4795 558 4856 babere
577 4797 679 4872 jussae
701 4806 769 4857 suut
791 4798 942 4873 singulae,
972 4800 1125 4876 adjunctas
1156 4814 1227 4855 vero
1256 4799 1339 4856 binas
1362 4810 1546 4855 numerorum
1578 4812 1701 4872 propor-

360 4882 448 4942 tiones
470 4880 606 4962 (quarum
630 4888 716 4945 unius
738 4884 874 4945 deliniens
897 4889 994 4946 unitas
1011 4886 1129 4946 alterius
1146 4884 1309 4944 enoedente'
1326 4881 1537 4964 compensetur)
1560 4883 1701 4958 eoniune·

431 5068 454 5119 ⁰)
468 5068 503 5111 De
516 5070 658 5111 enharmonio
671 5073 750 5113 serlblt
764 5073 915 5121 Aristoteles,
937 5086 963 5113 eo
977 5074 1064 5125 impleri
1078 5073 1163 5113 animos
1179 5072 1252 5113 lurore
1266 5074 1357 5125 dli-tuor
1384 5078 1462 5117 eontra
1474 5076 1619 5125 magistratus
1633 5074 1699 5126 Spar·

361 5120 477 5222 m
489 5122 716 5227 :ppdpwpppntpm
728 5126 771 5167 llos
783 5130 808 5167 st
820 5126 918 5169 bissum
931 5137 1003 5179 genus
1017 5129 1098 5168 sautu
1110 5126 1243 5175 mustus,
1264 5129 1376 5171 ausuram
1394 5129 1443 5180 slus
1463 5129 1587 5181 resipiendi
1600 5131 1699 5169 notatum
