4467 6192
848 641 932 699 maer
948 641 981 699 v.
1011 641 1098 713 caput
1115 640 1166 698 111.
1615 645 1676 706 ser

416 819 642 881 Deeimotertio.
687 822 731 880 Fr
752 822 921 902 praemissis
944 821 1159 884 demonstratur
1180 819 1254 890 haee
1275 821 1452 900 propositio,
1485 821 1570 883 uobis
1592 819 1680 882 valde

332 910 499 968 oeooewia
515 909 630 982 (intare,
668 909 746 985 quod
770 910 1016 987 quemadmodum
1041 909 1192 988 proportio
1213 907 1374 968 modiorum
1396 915 1528 971 motuum
1549 911 1580 970 in
1602 908 1679 970 binis

333 993 459 1072 planetis
489 1003 535 1056 est
564 996 757 1072 sesquialtera
788 1015 892 1058 eversa
918 997 1113 1076 proportionis
1144 997 1272 1070 orbium,
1307 999 1349 1056 sio
1378 999 1526 1075 proportio
1557 996 1681 1057 duorum

332 1085 538 1159 apparentium
571 1090 806 1160 conserpentium
839 1093 1032 1146 extremorum
1060 1091 1193 1145 motuum
1222 1099 1336 1160 semper
1366 1083 1482 1145 deiiulat
1513 1101 1532 1144 a
1563 1083 1679 1161 sesqui-

332 1170 424 1229 altera
455 1173 652 1248 proportionis
684 1171 923 1248 intervallorum,
953 1173 1011 1256 illis
1041 1175 1176 1234 extremis
1206 1172 1335 1232 motibus
1367 1171 1618 1251 respondentium
1651 1177 1680 1233 et

334 1258 505 1335 quantisper
526 1257 644 1336 quidem
677 1258 752 1320 dnae
774 1261 977 1337 proportiones
999 1260 1122 1321 duorum
1144 1258 1361 1322 intervallorum
1383 1259 1619 1348 respondentium
1642 1259 1680 1321 ad

334 1344 492 1404 intervella
518 1344 576 1405 dno
607 1345 779 1426 medionon
801 1347 840 1406 ad
868 1347 1098 1410 semidiametros
1130 1346 1253 1408 duorum
1282 1347 1396 1408 orbium
1425 1348 1547 1424 junetne
1568 1349 1680 1410 iaeiunt

333 1435 429 1491 ninus
445 1451 536 1509 qnam
557 1433 706 1493 dimidiam
720 1437 914 1512 proportionis
936 1437 1059 1511 orbium,
1081 1437 1224 1514 tantisper
1238 1438 1385 1514 proportio
1402 1446 1533 1496 motuum
1557 1434 1679 1496 duorum

334 1528 529 1580 extremomm
551 1523 788 1596 oonvorgentrum
811 1530 856 1582 est
877 1523 972 1599 major
985 1524 1172 1601 proportione
1194 1522 1431 1599 respondentium
1446 1523 1680 1600 intervallorumr

333 1609 453 1667 nram
482 1606 535 1668 illa
560 1627 673 1668 summe
704 1618 854 1685 superaret
883 1610 1033 1670 dimidiam
1063 1612 1260 1687 proportionis
1290 1612 1418 1685 orbium,
1451 1617 1521 1670 turio
1549 1617 1680 1672 motuum

333 1698 575 1771 eonvergentium
598 1699 746 1774 proportio
769 1696 852 1758 tieret
872 1700 968 1758 minor
988 1701 1175 1776 proportione
1197 1713 1314 1757 snorum
1337 1698 1566 1758 intervallorum.

418 1781 466 1841 Sit
481 1783 595 1843 orbium
615 1787 764 1861 proportio
779 1784 848 1859 ΒΗ,
872 1785 935 1864 ΑΒ,
957 1794 1089 1845 motuum
1103 1785 1267 1848 modiorum

337 1873 490 1948 proportio
511 1869 573 1941 ill,
608 1870 682 1941 EM,
714 1873 819 1948 prioris
849 1872 1043 1949 sesquialtera
1064 1886 1176 1934 eversa.
1221 1871 1291 1934 su·
1369 1903 1372 1910 ·
1513 1853 1657 1911 45⁸⁹

335 1957 523 2041 intervalium
544 1957 607 2018 illie
627 1961 777 2018 minimum
791 1962 836 2018 sui
850 1961 938 2034 orbis,
961 1977 1001 2021 se.
1016 1958 1078 2035 OG,
1100 1960 1149 2021 hie
1170 1963 1265 2020 maxi-
1500 1951 1532 2014 l.
1546 1959 1577 2013 B.
1594 1959 1623 2016 0.
1635 1959 1668 2012 D.
1767 1953 1768 1962 ’

267 2107 268 2111 ,
332 2061 413 2104 mum
436 2047 494 2125 sni,
516 2062 558 2107 se.
574 2044 634 2119 BF,
658 2055 688 2105 et
706 2049 826 2123 junctae
847 2049 1050 2126 proportiones
1072 2046 1132 2106 ΒΗ
1154 2047 1192 2108 ad
1215 2046 1268 2108 OG

332 2139 360 2192 et
390 2132 446 2192 BF
479 2132 517 2191 ad
549 2134 603 2192 All
635 2135 693 2192 sint
728 2135 821 2210 primo
852 2138 979 2196 minores
1020 2135 1140 2198 dimidia
1175 2137 1267 2214 ipsius
1561 2057 1565 2192 Ι

331 2218 387 2278 ΒΗ
413 2218 453 2278 ad
478 2220 539 2279 ΑΕ.
585 2219 689 2296 Sitque
717 2229 815 2280 motus
844 2224 1001 2301 superioris
1029 2222 1188 2300 perihelius
1212 2241 1267 2302 ap·
1323 2291 1327 2308 p

331 2402 553 2472 eonvergenteo.
606 2395 682 2456 Dico
713 2399 930 2474 proportionem
962 2396 1020 2457 GK
1048 2397 1087 2456 ad
1118 2397 1170 2457 FL
1201 2415 1266 2459 esse

329 2483 473 2558 majorem
508 2486 694 2559 proportione
727 2481 780 2543 OG
815 2483 853 2543 ad
884 2482 935 2542 BF
967 2502 1086 2559 eversa,
1124 2487 1266 2545 minorem

331 2577 431 2629 umen
460 2570 525 2645 ejus
551 2570 753 2646 sesquialtera
797 2572 872 2631 Nam
901 2574 1051 2650 proportio
1079 2570 1134 2630 HI·
1148 2571 1185 2630 od
1208 2571 1266 2631 GK

329 2667 374 2716 est
396 2657 492 2733 dupla
520 2661 715 2734 proportionis
738 2656 792 2718 OG
819 2658 862 2718 ad
879 2658 952 2732 ΒΗ,
984 2666 1014 2719 et
1043 2648 1192 2737 proportio
1216 2660 1265 2718 FL
1279 2623 1567 2830 M———j
1611 2677 1612 2680 ¹

331 2744 369 2804 ad
390 2744 455 2803 EM
476 2744 570 2822 dupla¹
590 2748 785 2823 proportionis
807 2746 860 2805 All
882 2746 921 2806 ad
942 2747 1009 2822 ΒΗ,
1036 2747 1156 2823 junctae
1178 2749 1267 2822 igitur
1363 2691 1611 3004 L⁵⁴⁰⁰H

330 2324 437 2384 parens
461 2305 535 2382 GK,
570 2308 712 2368 interioris
732 2308 878 2385 -aplielins
901 2309 968 2384 FL,
1002 2318 1036 2369 ut
1065 2312 1125 2370 sint
1146 2313 1269 2370 extremi

329 2831 407 2892 duae
430 2834 649 2909 proportiones,
666 2833 717 2891 ¹ill
739 2834 777 2892 ad
801 2833 857 2893 GK
880 2842 910 2894 et
931 2834 983 2893 FL
1005 2835 1042 2893 ad
1065 2833 1123 2892 EM
1146 2833 1266 2913 duplum
1442 2851 1511 2908 3456
1545 2849 1568 2904 F

330 2919 465 2978 eitieiunt
491 2920 657 2994 junctarum
690 2918 745 2980 00
774 2921 812 2980 ad
834 2920 894 2980 ΒΗ
915 2928 945 2981 et
966 2921 1020 2979 illl
1042 2921 1079 2980 ad
1102 2923 1162 2980 BF.
1207 2921 1266 2984 Sed

326 3007 453 3082 junctae
477 3005 531 3065 00
560 3006 598 3065 ad
622 3001 678 3066 ΒΗ
707 3016 737 3067 et
760 3009 811 3066 ΛΕ
840 3009 877 3067 ati
900 3009 951 3067 liF
978 3015 1045 3066 sunt
1072 3011 1197 3089 minores
1220 3010 1267 3067 di-
1431 2973 1456 3028 Κ
1527 3019 1629 3080 20250

330 3095 426 3153 midio
448 3097 644 3172 proportionis
666 3096 720 3154 All
743 3096 781 3155 od
803 3096 878 3171 ΒΗ,
906 3094 1021 3179 detentu
1044 3106 1138 3169 serto,
1171 3107 1203 3155 ut
1224 3104 1269 3156 est
1503 3093 1517 3148 I
1550 3143 1656 3201 1st

326 3185 356 3240 ia
379 3184 559 3259 suppositis,
589 3199 658 3259 ergo
689 3190 718 3241 et
748 3183 868 3258 junctae
893 3183 940 3243 HI
961 3183 998 3242 ad
1022 3181 1080 3241 GK
1102 3191 1134 3244 et
1157 3183 1206 3242 Fir
1229 3171 1266 3243 ad

327 3269 387 3329 EM
408 3278 483 3328 sunt
505 3271 628 3330 minores
651 3270 742 3347 duplo
765 3271 888 3349 dimidii,
909 3270 939 3331 id
963 3278 1008 3330 eat
1029 3274 1159 3331 minores
1182 3279 1244 3330 tota
1266 3269 1452 3347 proportione
1474 3266 1527 3324 ΑΕ
1549 3263 1589 3324 ad
1609 3262 1678 3337 ΒΗ,

327 3357 449 3416 detentu
480 3344 585 3435 prioris
616 3357 715 3435 dupio.
759 3357 818 3418 Sed
840 3357 886 3416 HI
907 3357 945 3417 ad
967 3357 1025 3415 EM
1048 3366 1093 3417 est
1124 3357 1317 3435 sesquialtera
1347 3355 1544 3433 proportionis
1568 3351 1620 3416 ts
1643 3350 1681 3412 ad

325 3445 399 3523 ΒΗ,
423 3462 479 3520 per
502 3446 529 3501 8.
553 3448 752 3519 praemissum.
797 3444 874 3521 Ergo
896 3448 993 3503 minua
1023 3453 1086 3504 toto
1112 3445 1228 3505 deiectu
1251 3444 1401 3523 duplicato
1424 3441 1555 3510 oblatum
1577 3458 1597 3499 a
1616 3456 1681 3499 ses-

325 3532 493 3606 quialtero,
526 3530 637 3591 seiiieet
664 3534 865 3608 proportiones
896 3533 941 3590 ΗΙ
964 3531 1002 3591 ad
1026 3532 1082 3591 GK
1114 3541 1143 3593 et
1166 3534 1216 3592 FL
1240 3531 1276 3593 ad
1301 3531 1358 3591 EM
1380 3547 1411 3590 a,
1426 3531 1612 3608 proportione
1636 3525 1682 3585 HI

325 3619 366 3678 ad
391 3619 454 3678 EM
478 3617 645 3694 relinquunt
665 3619 732 3695 plue
752 3637 843 3694 quam
866 3623 953 3679 semis
975 3623 1172 3696 proportionis
1195 3621 1247 3679 All
1270 3619 1308 3678 ad
1330 3617 1406 3692 ΒΗ,
1432 3633 1561 3678 -ereessu
1583 3613 1683 3691 dupli·

323 3715 415 3781 cato3
450 3705 619 3782 relinquunt
648 3723 717 3766 vero
745 3709 961 3790 proportionem
984 3706 1042 3766 GK
1065 3708 1102 3767 ad
1126 3707 1192 3782 Fls,
1225 3725 1294 3783 erpo
1316 3708 1465 3784 proportio
1489 3704 1545 3765 GK
1568 3702 1607 3763 ad
1628 3700 1680 3760 FL

321 3802 370 3854 est
392 3793 468 3870 pius
483 3810 578 3872 <qnam
600 3793 721 3853 dimidia
741 3796 937 3871 proportionis
959 3795 1012 3853 ΑΕ
1034 3794 1072 3854 ad
1095 3795 1168 3869 ΒΗ,
1203 3813 1324 3856 excessu
1347 3792 1505 3870 duplicato.
1552 3792 1591 3850 At
1611 3807 1682 3866 pro·

320 3885 427 3958 portio
451 3881 504 3938 Ali
527 3880 564 3940 ad
587 3880 645 3938 ΒΗ
668 3890 713 3941 est
734 3884 899 3957 composita
920 3899 955 3942 ex
978 3883 1086 3942 tribua:
1110 3901 1146 3942 ex
1172 3881 1223 3942 An
1246 3883 1283 3944 ad
1306 3881 1366 3954 BF,
1390 3899 1426 3942 ex
1449 3880 1500 3940 BF
1523 3879 1561 3939 ad
1577 3875 1630 3937 ct}
1653 3882 1683 3936 et
1728 3935 1735 3946 ,

321 3987 360 4030 ex
386 3968 444 4028 00
468 3967 506 4026 ad
528 3967 596 4026 ΒΗ.
641 3969 679 4027 st
699 3967 754 4028 00
776 3968 814 4027 ed
837 3969 896 4027 ΒΗ
927 3987 993 4028 enm
1017 3970 1069 4028 ΑΕ
1092 3970 1130 4029 ad
1148 3970 1203 4029 BF
1234 3979 1279 4030 ast
1308 3971 1406 4028 minus
1437 3967 1557 4028 dimidio
1589 3965 1683 4042 ipsius

320 4058 379 4115 ΑΕ
404 4057 446 4115 ad
471 4054 537 4126 ΒΗ,
561 4055 675 4116 deieetu
699 4056 822 4132 simplo,
846 4073 917 4133 ergo
939 4057 990 4115 BF
1014 4057 1053 4116 ad
1075 4057 1128 4117 CG
1151 4065 1196 4117 eet
1217 4058 1283 4136 pius
1307 4056 1426 4116 dimidio
1448 4056 1542 4135 ipsius
1569 4049 1619 4112 ts
1643 4049 1682 4110 ad

319 4144 395 4219 ΒΗ,
423 4160 546 4204 excessu
568 4143 682 4219 simplo.
727 4143 786 4204 Sed
809 4146 956 4221 proportio
981 4143 1039 4203 GK
1059 4145 1098 4203 ad
1122 4144 1171 4203 FL
1195 4155 1257 4206 erat
1279 4147 1368 4206 etiam
1390 4143 1459 4220 plus
1481 4153 1571 4220 quam
1594 4139 1682 4200 dimi-

319 4232 373 4291 dia
400 4230 538 4307 ejusdem
562 4229 614 4288 ΑΕ
636 4230 675 4289 ad
698 4230 765 4306 ΒΗ,
791 4248 892 4290 verum
914 4249 1037 4292 excessu
1060 4231 1224 4309 duplicat03
1259 4231 1427 4309 duplicatus
1450 4247 1521 4304 vero
1544 4243 1682 4288 exuensne

318 4329 368 4380 est
392 4319 495 4394 major
516 4316 640 4395 simplo,
675 4334 745 4395 orgo
767 4321 915 4395 proportio
943 4328 1077 4379 motuum
1098 4318 1156 4379 GK
1179 4319 1216 4379 ad
1240 4320 1290 4380 FL
1313 4327 1359 4380 eat
1380 4320 1473 4395 major
1493 4315 1682 4396 proportione

316 4404 553 4469 intervallorum
575 4405 811 4483 respondentium
834 4406 885 4465 BF
908 4405 947 4465 ad
969 4405 1031 4466 cti.
1144 4474 1147 4496 Ι

415 4491 530 4554 Eodem
560 4492 649 4570 piane
679 4492 768 4553 modo
791 4493 1004 4554 demonstratur
1025 4496 1114 4558 stiam
1138 4496 1337 4568 econtrario,
1369 4493 1394 4552 si
1416 4491 1551 4570 planetae
1573 4505 1682 4565 appro-

313 4587 476 4661 pinquent
498 4583 624 4640 invicem
643 4582 674 4638 iu
698 4579 741 4656 0,
764 4581 789 4640 F
812 4580 889 4641 nitra
911 4582 1065 4642 distentius
1088 4582 1252 4644 medianis
1275 4582 1323 4656 H,
1346 4581 1388 4653 E,
1413 4581 1456 4639 sio
1479 4589 1511 4636 ut
1532 4577 1681 4654 proportio

313 4670 495 4731 mediarum
526 4667 729 4727 distantiarum
750 4668 809 4726 ΒΗ
831 4669 869 4728 ad
893 4669 945 4728 Al}
967 4672 1082 4729 amittat
1111 4669 1177 4746 plus
1200 4668 1335 4740 dimidie,
1370 4675 1439 4726 tune
1469 4671 1601 4724 motuum
1623 4662 1681 4724 GK

311 4759 353 4819 ad
381 4757 443 4817 FL
466 4758 682 4831 proportionem
704 4757 766 4816 tisri
796 4757 936 4816 minorem
968 4758 1154 4834 proportione
1185 4768 1302 4816 suorum
1326 4752 1546 4814 intervallorum
1569 4748 1620 4813 BF
1644 4751 1682 4812 ad

311 4847 382 4907 OG.
437 4843 517 4901 Nihil
541 4843 718 4903 enimultra
740 4843 922 4918 laciendum,
951 4861 1040 4920 quam
1068 4850 1101 4902 ut
1123 4851 1218 4904 mutes
1246 4859 1352 4916 voees,
1381 4842 1483 4916 maior
1510 4841 1546 4898 in·
1569 4842 1681 4914 minor,

308 4937 391 5012 plm
418 4932 455 4988 -in
475 4933 587 5003 minue,
610 4948 742 4990 weram
764 4934 794 4988 in
816 4932 945 5009 &foedo
967 4922 997 4990 et
1018 4932 1158 4991 vicissim.

410 5018 452 5077 In
473 5018 615 5096 appositis
637 5020 773 5091 numeris,
796 5021 867 5095 qnia
888 5017 1009 5077 dimidia
1030 5016 1068 5078 de
1091 5013 1130 5100 ⁴s,
1153 5024 1198 5077 est
1219 5012 1268 5098 ²l„
1291 5023 1321 5077 et
1343 5012 1382 5096 Β,
1404 5023 1450 5076 est
1471 5015 1568 5080 adnuo
1589 5015 1683 5092 major

308 5126 417 5190 quam
443 5101 480 5187 ²1,
504 5107 669 5182 quantitate
690 5111 828 5168 exeussus
843 5101 933 5190 ‘¹⁵ivov
966 5111 997 5166 et
1022 5121 1095 5166 vero
1112 5105 1322 5184 proportionis
1347 5105 1365 5164 8
1388 5103 1427 5164 ad
1450 5107 1468 5167 9
1492 5102 1583 5183 dupla
1603 5103 1682 5163 taeta
