4467 6192
784 721 1027 778 Demonatratione.
1061 720 1181 778 Liberi.
1593 729 1653 788 rte

335 902 507 977 arduenna,
531 902 601 977 quia
622 899 717 960 latera
737 899 846 960 habent
868 899 996 962 effabilia
1018 900 1083 961 nola
1104 903 1243 977 potentie.
1289 898 1431 976 Quartum
1453 907 1552 961 teuent
1574 899 1654 962 otdi-

335 1006 383 1048 uan
398 988 492 1048 latera
513 987 704 1065 dodecagoni
728 986 869 1064 decagoni
892 1004 1049 1064 eorumque
1071 991 1153 1048 aonia
1173 988 1323 1050 stellarum
1344 988 1454 1066 latera3
1477 996 1545 1048 eunt
1567 1005 1595 1046 n.
1619 1005 1655 1049 ex

335 1073 508 1137 mmosstom
530 1078 662 1153 potentin
684 1083 713 1136 et
727 1077 896 1153 componitis
918 1078 1027 1152 primae
1050 1077 1166 1152 speciei,
1190 1084 1258 1136 eunt
1280 1093 1320 1138 ec.
1334 1069 1506 1137 “binomium
1530 1084 1559 1136 et
1580 1091 1655 1153 apo·

335 1174 417 1237 tornae,
440 1163 625 1242 dodecagoui
647 1162 765 1240 quidem
786 1165 915 1242 primae,
939 1162 1082 1240 decagoni
1103 1179 1175 1224 vero
1197 1174 1327 1240 quartae.
1366 1161 1474 1239 Quinto
1497 1163 1563 1224 loco
1586 1179 1654 1222 ane·

335 1251 417 1311 adnot
438 1251 535 1313 latere
554 1254 714 1328 pentagoni
736 1259 766 1311 et
786 1249 889 1312 atellae
912 1251 991 1326 ejus,
1014 1252 1057 1311 nic
1078 1258 1108 1310 et
1129 1250 1224 1311 latera
1246 1253 1383 1329 octogoni
1405 1258 1435 1313 et
1456 1249 1560 1314 atellae
1582 1247 1656 1326 ejus,

336 1348 387 1398 mut
404 1355 432 1398 n.
456 1356 495 1399 ex
517 1347 622 1416 quarta
644 1340 868 1416 compositorum
892 1338 999 1417 specie,
1021 1340 1117 1397 mizon
1140 1347 1169 1398 et
1191 1338 1307 1403 elaeeon
1331 1338 1435 1400 dietae.

399 1426 442 1486 Ne
467 1439 527 1502 qna
550 1444 618 1488 varo
640 1427 719 1486 bona
739 1433 811 1487 uota
837 1429 867 1485 in
890 1425 1051 1502 decangulo
1079 1424 1260 1502 praejudicet
1282 1425 1516 1503 qnin'quaugulm
1549 1431 1599 1484 aut
1621 1439 1658 1482 ne

335 1513 550 1591 apedno-eadem
572 1514 672 1574 lateris
693 1512 891 1590 octaugularin
914 1522 1021 1590 aequet
1041 1529 1126 1572 anam
1148 1513 1270 1590 figuram
1292 1513 1512 1592 quinquangulo
1535 1511 1582 1571 vei
1605 1510 1659 1571 de·

337 1600 449 1678 cingulo,
472 1615 552 1661 nova
566 1600 785 1678 quinquangnlo
800 1599 913 1662 accedit
926 1603 1021 1662 vinno
1042 1601 1071 1660 in
1096 1606 1160 1660 ortu
1175 1603 1253 1679 ipeo;
1277 1600 1355 1678 qnod
1377 1601 1518 1678 perhanc
1540 1605 1658 1672 sectam,

337 1687 434 1748 denario
451 1691 722 1764 communicantem,
745 1697 848 1766 regum
864 1683 992 1766 undique
1014 1690 1165 1766 proportio
1181 1687 1289 1764 divine,
1313 1705 1388 1766 qnae
1402 1686 1569 1748 immediate
1584 1688 1661 1746 ineot

337 1778 391 1851 ipen
409 1775 550 1836 lateribus
572 1775 816 1854 quinquangnlari
838 1778 960 1855 ejusque
976 1775 1101 1853 ‚atellam
1131 1783 1162 1835 at
1191 1770 1377 1854 decaugdlari
1407 1793 1472 1836 enm
1499 1793 1554 1835 aua
1576 1772 1662 1836 atella

337 1880 382 1922 non
400 1866 544 1940 competit,
567 1865 624 1923 nini
645 1863 791 1930 mediante
814 1863 904 1924 latere
926 1862 1095 1940 aernnguli;
1120 1864 1301 1941 octaugulari
1322 1863 1409 1940 plane
1432 1879 1489 1924 non
1513 1862 1661 1937 competit

405 1951 524 2011 Praeter
545 1951 599 2013 han
620 1951 745 2015 latarum
765 1953 959 2028 proprietates
981 1950 1056 2012 aliua
1079 1952 1196 2026 insuper
1210 1967 1314 2015 cenam
1330 1958 1374 2012 eet
1387 1950 1560 2023 nobilitatis,
1583 1947 1662 2025 qnod

338 2037 427 2113 igunae
455 2039 671 2117 distinguuntur
698 2057 735 2100 ex
764 2039 926 2116 aptitudine
954 2046 983 2097 et
1012 2037 1188 2114 perfectione
1215 2055 1315 2110 areae,
1330 2087 1332 2094 t
1350 2055 1437 2114 qnam
1459 2038 1535 2116 sapit
1560 2035 1661 2111 tignra.

338 2123 384 2184 Hie
400 2137 465 2203 poet
487 2124 658 2187 diametrum
687 2127 786 2203 (cujua
808 2143 878 2186 area
898 2117 986 2184 nnlla'
1003 2133 1033 2184 et
1054 2141 1130 2201 quae
1152 2123 1219 2190 eola'
1240 2125 1338 2186 circuli
1361 2141 1475 2197 aream,
1506 2130 1539 2184 ut
1560 2122 1662 2182 Ptole·

339 2230 421 2272 uacua
442 2222 551 2289 monet,
573 2215 603 2272 iu
627 2213 685 2273 dno
708 2214 958 2291 aequalitatem,
981 2228 1040 2272 non
1062 2214 1157 2272 minue
1181 2229 1267 2288 qnam
1291 2207 1560 2290 circumferentiam)
1581 2211 1663 2286 prin-

341 2303 416 2376 cipem
437 2300 534 2360 locum
558 2301 690 2362 obtinent
712 2308 881 2379 tetragonus
904 2309 933 2360 et
956 2299 1172 2377 dodacegonnn,
1196 2303 1246 2376 qui
1268 2317 1366 2361 aream
1381 2299 1490 2360 habent
1511 2297 1664 2373 affabilem,
1714 2363 1717 2376 Ι
1748 2322 1755 2333 -

340 2394 540 2466 ennagonus
563 2387 681 2465 quidem
704 2390 810 2450 eximia
832 2390 1054 2472 premogativa,
1077 2390 1150 2466 quia
1171 2386 1272 2447 eadam
1296 2386 1339 2446 illi
1361 2397 1406 2448 eat
1428 2404 1512 2460 men,
1536 2403 1611 2462 quae
1636 2394 1665 2446 et

339 2472 420 2534 interit
441 2476 628 2552 quadratum,
661 2479 770 2554 qnippe
792 2493 878 2536 areae
900 2476 1014 2555 speciea
1036 2482 1080 2534 eet
1103 2473 1261 2551 quadratu:
1293 2477 1393 2551 itaque
1416 2475 1493 2552 oepit
1514 2471 1665 2532 dimidium

339 2560 369 2620 de
385 2564 521 2640 quadrato
544 2561 695 2638 dimetria
717 2562 926 2640 dodemgouua
940 2556 1010 2624 varo
1024 2569 1083 2622 atat
1097 2569 1165 2638 poet
1177 2561 1329 2646 principie,
1353 2564 1470 2639 sepiem
1493 2559 1665 2621 dodrantem

339 2647 369 2708 de
387 2650 523 2726 quadratu
545 2649 689 2716 danem
721 2651 858 2720 Proximo
879 2650 947 2712 loco
969 2649 1130 2713 andnamt
1151 2650 1292 2728 trigonus,
1314 2648 1507 2726 rexangninm
1530 2655 1561 2708 et
1582 2657 1666 2708 octo·
1724 2691 1726 2700 ,

339 2753 427 2812 ponor,
447 2738 555 2815 quidne
568 2748 614 2806 eat
634 2756 706 2800 area
723 2756 763 2802 ex
776 2740 874 2815 epacte
887 2754 998 2813 mecon,
1020 2735 1490 2816 pentagoni-etdecagnnjareee
1505 2734 1668 2799 nulladum

338 2821 435 2884 tabant
453 2830 571 2888 nomina
592 2829 753 2891 uodonem
1192 2859 1199 2886 t
1650 2834 1654 2845 ·

650 3160 654 3170 ’
774 3149 808 3217 ,’
855 3136 963 3214 Finit
993 3137 1082 3200 libri
1115 3137 1139 3199 1.
1214 3143 1216 3148 '
