4467 6192
525 656 587 716 aba
936 651 978 705 De
996 648 1260 720 Contigerationibue
1278 648 1456 707 Harmoulcie.

526 838 556 892 et
576 830 812 904 somniatoriom3
842 830 936 905 magis
958 829 1131 907 increpandi
1151 827 1288 888 videntur
1310 828 1515 908 philosophiae
1536 831 1714 909 professores
1737 828 1869 902 celebres,

526 921 575 995 qui
598 935 663 977 com
685 920 828 994 recipiant
849 918 905 978 boc
927 918 965 977 ab
990 915 1147 977 Aristotele
1170 934 1233 990 suo,
1257 918 1348 976 vitam
1372 921 1552 978 animantum
1580 920 1806 995 plantarumque
1827 917 1869 975 lo-

525 1007 588 1064 vari
609 1009 718 1065 virtute
732 1005 818 1078 Solia,
841 1022 901 1064 nou
922 1005 1113 1082 perpendunt,
1136 1006 1332 1081 percipi'ergo
1347 1006 1385 1063 ab
1402 1006 1459 1065 illis
1474 1010 1613 1066 creaturis
1635 1008 1773 1064 virtutem
1790 1002 1870 1062 Solis.

527 1093 608 1151 Iners
632 1095 749 1152 omniuo
774 1100 804 1151 et
825 1092 1008 1152 somnolenta
1031 1085 1226 1168 philosophia,
1251 1108 1327 1167 quae
1350 1095 1458 1170 patitur
1472 1093 1570 1154 Solem
1593 1095 1621 1151 iu
1645 1094 1718 1153 haec
1741 1093 1873 1151 interiora

527 1198 633 1255 agere,
660 1182 869 1240 utstatuariua
892 1183 1004 1256 agitio
1027 1183 1178 1239 materiam
1202 1182 1379 1253 exanimem,
1415 1199 1480 1241 cum
1503 1181 1619 1259 sculpta
1641 1179 1703 1240 Soli
1736 1188 1766 1239 et
1796 1179 1873 1238 caela

526 1276 556 1327 et
578 1267 717 1327 dolabrae
741 1268 837 1327 desint
860 1276 890 1327 et
912 1270 1011 1327 omnia
1032 1270 1224 1326 instrumenta
1247 1283 1394 1342 corporea.
1442 1267 1558 1344 Quanto
1585 1267 1755 1345 vigilantior
1773 1267 1874 1357 philo·

527 1357 627 1431 sophis
654 1356 735 1414 hisce
763 1360 852 1432 poe'ta
874 1356 1033 1431 Virgilius,
1055 1362 1167 1431 quanto
1195 1363 1224 1413 et
1253 1355 1432 1429 sapientiori
1463 1360 1514 1433 qui
1541 1375 1579 1417 ue
1606 1356 1716 1433 pluviis
1747 1354 1873 1430 quidem,

528 1460 603 1519 quae
625 1451 695 1502 sunt
715 1451 814 1501 tamtus
838 1450 867 1502 et
887 1444 971 1519 ipsae
994 1460 1062 1520 pars
1085 1444 1233 1514 materiae,
1258 1444 1439 1502 transscribit
1463 1446 1569 1517 omnia,
1593 1443 1644 1504 sed
1663 1442 1772 1502 Terrae
1798 1444 1874 1500 sinus

528 1539 678 1607 comparat
698 1534 813 1608 premio
835 1533 971 1607 conjugis
1002 1537 1031 1590 et
1054 1529 1172 1607 quidem
1195 1531 1305 1601 lactor,
1338 1530 1394 1590 boc
1422 1538 1467 1590 est
1495 1532 1695 1609 percipientis,
1727 1528 1800 1605 quid
1823 1530 1876 1588 eibi

528 1617 594 1691 liat,
624 1635 689 1678 cum
712 1618 865 1695 voluptate
894 1626 1034 1693 motuque
1058 1617 1163 1677 idoneo
1194 1617 1330 1675 maritum
1358 1617 1540 1694 adjuvantis,
1570 1636 1646 1695 quae
1666 1620 1767 1677 omnia
1797 1620 1875 1678 vitae

529 1712 597 1764 eunt
620 1704 728 1765 iudicia
751 1708 937 1781 animamque
960 1713 1129 1781 supponunt
1151 1706 1179 1762 in
1203 1720 1323 1780 corpore
1345 1708 1476 1781 patienti.
1522 1708 1585 1767 Nec
1600 1708 1675 1765 enim
1690 1704 1776 1765 iacile
1793 1705 1878 1764 luerit

529 1791 608 1866 Soli,
631 1793 772 1853 militibus
795 1793 908 1852 idoneis
931 1792 1085 1861 destituto,
1117 1792 1255 1851 invadere
1284 1807 1379 1850 arcem
1401 1794 1477 1853 banc
1499 1796 1643 1854 viscerum
1668 1794 1791 1863 Terrae,
1822 1794 1877 1850 nisi

531 1888 688 1940 concurrat
710 1884 808 1940 anima
831 1880 1053 1956 qualiscunque,
1077 1880 1183 1939 sedens
1205 1880 1293 1951 intus,
1316 1896 1381 1938 cum
1396 1881 1479 1940 bostc
1496 1881 1646 1941 colludens
1670 1883 1756 1956 eique
1779 1888 1879 1957 portae

531 1970 675 2045 aperiens.
722 1968 840 2037 Videas,
864 1967 997 2027 laborare
1019 1968 1108 2044 hujus
1132 1966 1371 2026 considerationis
1387 1968 1522 2044 neglectu
1545 1978 1599 2028 ceu
1613 1976 1732 2029 veterno
1749 1967 1879 2044 quodam

530 2055 697 2132 plerosque,
720 2058 769 2131 qni
793 2054 842 2114 vel
864 2057 1014 2131 minimum
1045 2054 1223 2130 astrologiae
1246 2055 1392 2131 tribuunt3
1420 2056 1495 2116 adeo
1518 2056 1650 2135 quidem,
1682 2062 1715 2114 ut
1736 2072 1805 2114 cum
1828 2072 1881 2114 ex·

530 2145 620 2203 orirer
642 2160 713 2220 ego,
745 2144 797 2219 qui
826 2142 945 2201 modum
975 2142 1223 2215 demonstrabam,
1257 2159 1315 2217 quo
1345 2152 1516 2219 sequeretur
1544 2162 1580 2205 ex
1603 2152 1724 2221 aspectu
1755 2144 1880 2202 mutatio

529 2234 755 2306 tempestatum,
786 2232 922 2289 existeret
944 2233 990 2289 vir
1012 2231 1139 2303 celeber,
1168 2230 1219 2306 qui
1243 2236 1275 2287 ut
1297 2247 1343 2287 me
1365 2231 1504 2290 refutaret
1530 2250 1638 2309 magua
1660 2234 1882 2291 asseveratione

531 2318 739 2391 contendebat,
770 2317 936 2393 pluviarum
958 2321 1109 2377 materiam
1133 2315 1226 2394 (quod
1249 2334 1337 2392 supra
1358 2317 1408 2377 iol.
1434 2320 1495 2378 235
1518 2322 1547 2377 in
1571 2320 1660 2396 vulgo
1690 2322 1779 2378 etiam
1802 2318 1884 2377 ride·

530 2405 648 2481 bamus)
670 2404 827 2464 coelestem
849 2422 929 2479 esee,
952 2422 1047 2481 neque
1070 2414 1178 2477 tamen,
1201 2420 1237 2461 ne
1261 2406 1303 2461 sic
1326 2406 1452 2480 quidem,
1478 2405 1612 2480 docebat,
1636 2422 1694 2484 quo
1716 2412 1806 2483 pacto
1821 2406 1882 2477 fiat,

531 2500 564 2551 nt
587 2510 652 2551 cum
681 2510 795 2569 semper
823 2494 854 2550 in
876 2492 966 2552 Terra
994 2498 1099 2552 coeant
1129 2492 1311 2568 planetarum
1334 2492 1422 2566 radii,
1454 2494 1573 2571 pluviae
1602 2503 1673 2553 tunc
1697 2496 1797 2570 potius
1831 2492 1883 2552 de·

531 2579 638 2652 cidant,
662 2581 687 2638 si
709 2580 782 2639 radii
806 2580 938 2639 binorum
954 2581 1137 2656 planetarum
1153 2580 1261 2637 iaciant
1276 2579 1415 2653 angulum
1433 2579 1509 2654 60⁰„
1521 2565 1609 2659 quem
1631 2582 1654 2641 ai
1673 2578 1729 2643 59⁰
1746 2588 1800 2639 aut
1820 2576 1884 2641 61⁰.

620 2667 682 2743 ligo
711 2684 781 2727 vero
812 2676 880 2727 ante
909 2671 1006 2727 omnia
1033 2667 1082 2728 Jo.
1107 2668 1171 2726 Pici
1193 2664 1378 2727 Mirandulee
1402 2668 1524 2728 Comitis
1552 2670 1642 2729 libros
1664 2668 1751 2727 XIV.
1782 2676 1887 2726 contra
1971 2710 1972 2721 ,

531 2754 720 2831 astrologiam
742 2754 812 2813 milri
833 2754 975 2832 legendos
999 2757 1099 2816 cenaui
1122 2756 1318 2829 rationesque,
1342 2770 1415 2830 quas
1437 2758 1463 2815 is
1486 2758 1591 2833 coique
1607 2758 1695 2833 capiti
1712 2764 1885 2833 opponeret

532 2841 737 2917 excutiendaa;
761 2859 818 2918 qua
839 2860 870 2901 re
892 2844 1017 2915 iactum,
1049 2852 1083 2901 ut
1103 2859 1163 2901 uon
1186 2848 1300 2899 tautum
1323 2842 1505 2904 confirmarer
1526 2846 1556 2903 in
1580 2844 1767 2903 damnatione
1789 2843 1886 2920 pluri-

531 2919 644 2989 marum
666 2932 913 3006 superstitionum,
936 2930 996 2990 aed*
1012 2933 1100 2990 etiam
1123 2932 1152 2986 in
1177 2928 1352 3004 quibusdam
1374 2948 1453 2990 nova
1476 2932 1548 2990 mihi
1570 2931 1620 2990 lux
1643 2933 1780 3003 oriretur,
1817 2930 1886 2988 dum

531 3018 592 3075 rim
615 3018 812 3094 objectionum
846 3019 956 3095 ingenii
979 3021 1164 3078 contentione
1197 3014 1357 3075 discutiens
1394 3034 1455 3078 rem
1478 3022 1570 3096 ipsam
1594 3020 1720 3097 penitius
1743 3019 1887 3095 introspi-

532 3105 655 3164 ciebam.
701 3105 837 3181 Denique
859 3107 927 3166 iecit
949 3105 1023 3165 liber
1044 3105 1094 3165 ilie
1115 3102 1269 3164 refutando
1293 3105 1443 3179 nonnulla,
1466 3114 1498 3164 ut
1514 3109 1550 3165 iis
1574 3124 1628 3183 ego
1651 3106 1737 3165 tidem
1761 3104 1889 3165 adbibe-

531 3210 612 3272 rem,
642 3194 750 3268 quibus
773 3200 859 3253 antea
878 3201 912 3252 ut
934 3192 1020 3252 iidem
1043 3193 1222 3269 derogarem,
1247 3190 1388 3268 astrologi
1415 3192 1596 3253 defendendo
1627 3195 1792 3253 effecerant.
1841 3192 1890 3252 Sic

531 3280 587 3339 luit
609 3297 675 3339 cum
697 3282 874 3357 aspectibus.
920 3280 994 3339 Cum
1017 3284 1094 3340 euim
1117 3298 1153 3339 ex
1175 3292 1235 3335 una
1257 3285 1339 3352 parte
1362 3285 1534 3358 respicerem
1557 3280 1595 3340 ad
1618 3282 1888 3341 constantissimam

533 3369 758 3443 experientiam,
782 3385 841 3426 uon
865 3367 982 3444 quidem
1004 3370 1142 3442 nivibus,
1166 3372 1225 3424 aut·
1242 3368 1351 3441 ventis,
1376 3376 1428 3427 aut
1454 3370 1618 3428 tonitrubus
1641 3369 1786 3444 aliisque,
1812 3386 1889 3443 quae

453 3441 458 3458 ⁸
533 3454 702 3530 praedicere
725 3455 820 3514 solent
843 3455 997 3531 astrologi,
1022 3459 1064 3515 sic
1087 3458 1116 3512 in
1140 3452 1237 3529 specie
1259 3452 1394 3535 inhians,
1424 3456 1477 3516 sed
1499 3456 1673 3533 generaliter
1694 3455 1888 3515 animadver-

532 3550 607 3614 tens,
631 3549 740 3601 etatum
762 3545 838 3601 ae'ris
853 3560 1029 3618 quocunque
1044 3542 1132 3601 modo
1149 3542 1335 3612 commoveri,
1358 3544 1383 3600 ei
1407 3552 1504 3604 esseut
1520 3552 1663 3620 aspectus,
1688 3544 1772 3603 verbi
1789 3561 1889 3617 causa,

532 3630 559 3687 si
582 3636 680 3689 essent
702 3631 850 3705 conjuncti
871 3630 952 3688 Mars
974 3638 1004 3690 et
1026 3630 1152 3707 Jupiter,
1176 3629 1336 3703 quiescere,
1359 3632 1384 3689 ei
1404 3648 1461 3691 non
1479 3630 1630 3705 essent;*)
1655 3648 1689 3691 er
1706 3631 1803 3691 altera
1819 3648 1889 3690 vero

533 3722 617 3792 parte
651 3716 888 3776 Mirandulanum
911 3716 1057 3793 audirem,
1092 3720 1294 3793 quaerentem:
1328 3732 1418 3791 quare
1451 3720 1550 3796 potius
1576 3717 1688 3790 credat,
1723 3717 1839 3778 dorem
1861 3724 1891 3788 et

535 3803 675 3876 Martem,
699 3821 765 3863 com
787 3804 923 3865 videntur
945 3805 1031 3863 simul
1055 3798 1128 3871 esse'.
1151 3802 1264 3877 majora
1286 3802 1396 3878 iacere,
1430 3824 1518 3882 quarn
1548 3824 1613 3864 curu
1636 3815 1703 3864 sunt
1731 3804 1891 3882 separati‘l

536 3891 645 3968 quippe
668 3892 874 3967 conjunctione
895 3908 954 3950 nou
977 3895 1077 3969 arrgeri
1100 3892 1226 3961 lomina,
1257 3898 1398 3964 quantum
1423 3896 1499 3953 enim
1527 3894 1718 3969 possederant
1748 3894 1891 3970 separati,

535 3984 649 4037 tantum
672 3980 773 4038 afferre
795 3983 825 4037 in
848 3996 1048 4056 congressum,
1073 3978 1178 4057 quodsi
1203 3976 1384 4036 diversarum
1406 3980 1580 4057 qualitatum
1597 3970 1743 4057 'planetae
1769 3982 1892 4051 coirent,

537 4064 629 4125 rideri
651 4066 775 4126 alterum
798 4068 837 4126 ab
859 4066 951 4127 altero
973 4072 1072 4146 potius
1095 4064 1245 4142 impediri3
1270 4063 1317 4122 bic'
1338 4067 1457 4140 inquam
1475 4086 1530 4143 ego
1553 4072 1773 4145 responsionem
1798 4085 1895 4143 quae-

536 4170 619 4226 rens,
649 4160 682 4213 ut
704 4162 841 4229 aspectus
862 4161 971 4228 tuerer,
1005 4157 1041 4214 ad
1065 4172 1140 4231 quos
1159 4160 1293 4210 meteora
1316 4158 1400 4228 sequi
1424 4156 1577 4229 videbam,
1614 4158 1739 4234 primum
1762 4152 1835 4214 illos
1862 4162 1895 4213 ut

536 4258 665 4314 cauamu,
689 4240 794 4301 deiude
816 4242 889 4300 lraec
911 4251 944 4299 ut
966 4244 1100 4302 ellectum
1118 4240 1285 4316 diligentius
1302 4242 1484 4303 considerare
1506 4244 1600 4319 coepi.
1647 4243 1797 4320 depectus
1815 4246 1892 4301 enim

537 4329 639 4400 torma,
663 4344 739 4403 quac
762 4346 798 4387 ex
815 4329 1043 4405 configuratione
1067 4330 1114 4389 vel
1132 4326 1321 4403 angulatione
1337 4334 1502 4403 promiscua
1518 4338 1668 4406 aspectum
1689 4332 1770 4404 iacit,
1797 4348 1895 4406 quau·

537 4418 607 4475 titas
629 4415 808 4490 qualitativa
830 4424 905 4488 crat,
935 4420 994 4477 imo
1023 4418 1127 4476 relatio
1150 4415 1252 4473 talium
1276 4420 1471 4488 quantitatum
1503 4426 1580 4491 erat,
1612 4436 1664 4478 ens
1692 4432 1733 4478 sc.
1757 4420 1893 4476 rationis.

537 4500 579 4563 Ut
598 4505 689 4579 igitur
712 4511 908 4563 commoveret
931 4508 1036 4577 aierem,
1061 4505 1229 4581 oportebat,
1265 4506 1460 4565 strationem
1495 4505 1622 4583 aliquam
1646 4508 1725 4583 prius
1747 4512 1894 4579 moveret,

421 4659 428 4675 .
539 4606 615 4665 quaa
638 4591 685 4649 vel
707 4595 815 4664 aerem,
839 4591 887 4650 vel
899 4592 939 4665 id,
963 4608 1021 4668 quo
1044 4595 1070 4651 is
1092 4591 1234 4659 turbatur,
1259 4588 1287 4642 in
1303 4599 1450 4663 potestate
1466 4593 1565 4652 habet.
1611 4591 1705 4653 Simul
1728 4593 1770 4650 ob'
1791 4592 1895 4651 oculos

538 4678 712 4736 versabatur
734 4681 913 4757 comparatio
936 4687 1106 4756 aspectuum
1129 4696 1194 4737 cnm
1216 4676 1431 4739 concordantiis
1452 4682 1579 4755 musicis,
1602 4680 1810 4739 aPtolemaeo
1834 4688 1895 4739 tra·

521 4764 614 4836 notu,
643 4764 819 4825 aCardauo
852 4767 1013 4844 explicata,
1046 4760 1293 4826 aMirandulano
1315 4781 1386 4824 vero
1414 4770 1499 4826 nimie
1522 4776 1630 4827 temere
1659 4766 1800 4844 explosa,
1836 4785 1896 4842 qua

539 4852 679 4929 analogia
703 4851 860 4929 plurimum
890 4873 954 4914 som
981 4857 1101 4932 adjutus
1139 4858 1168 4913 in
1196 4865 1350 4912 causarum
1383 4855 1582 4932 indagatione.
1634 4856 1707 4915 Nam
1739 4852 1893 4931 pleraque,

539 4982 746 4992 ψ.-

617 5046 641 5098 0)
655 5046 715 5089 cave
734 5046 907 5096 ambiguitatem.
936 5050 972 5090 Ad
990 5048 1085 5091 effectus
1105 5050 1215 5090 meteoroa
1236 5050 1372 5097 generaliter
1392 5048 1528 5087 concurrunt
1549 5048 1655 5096 aspectus
1677 5044 1736 5085 inter
1750 5054 1847 5093 eaump
1871 5048 1894 5085 at

541 5097 636 5149 aliquam
650 5103 739 5152 longam
752 5105 838 5150 partem
858 5104 910 5143 aaut
933 5104 1026 5154 ejusque
1041 5103 1172 5153 qualitatem
1186 5103 1313 5144 eontinuanr
1333 5105 1357 5143 et
1371 5102 1497 5147 generatam
1517 5103 1626 5153 aspectas
1640 5098 1766 5148 emtiatanl
1779 5106 1827 5139 aon
1841 5108 1891 5139 eae·

541 5154 633 5202 acutas,
648 5154 689 5195 aad
703 5157 774 5205 aaut
785 5155 809 5195 in
823 5154 872 5196 dies
885 5158 972 5196 tanturn
987 5156 1102 5205 singulos,
1115 5156 1140 5194 in
1154 5166 1210 5207 quoa
1225 5154 1334 5196 incidunt
1362 5153 1419 5195 Vide
1432 5153 1499 5195 lutra
1712 5174 1715 5179 ·
