<?xml version="1.0" encoding="UTF-8"?>
<!DOCTYPE html PUBLIC "-//W3C//DTD XHTML 1.0 Transitional//EN"
    "http://www.w3.org/TR/xhtml1/DTD/xhtml1-transitional.dtd">
<html xmlns="http://www.w3.org/1999/xhtml" xml:lang="en" lang="en">
 <head>
  <title>
</title>
<meta http-equiv="Content-Type" content="text/html;charset=utf-8" />
  <meta name='ocr-system' content='tesseract 3.04.00' />
  <meta name='ocr-capabilities' content='ocr_page ocr_carea ocr_par ocr_line ocrx_word'/>
</head>
<body>
  <div class='ocr_page' id='page_1' title='image "./joanniskepleria19frisgoog_0017.png"; bbox 0 0 4467 6192; ppageno 0'>
   <div class='ocr_carea' id='block_1_1' title="bbox 896 727 1743 838">
    <p class='ocr_par' dir='ltr' id='par_1_1' title="bbox 896 727 1743 838">
     <span class='ocr_line' id='line_1_1' title="bbox 896 727 1743 838; baseline -0.005 -12"><span class='ocrx_word' id='word_1_1' title='bbox 896 769 1117 828; x_wconf 71' lang='lat' dir='ltr'><strong>naamanin</strong></span> <span class='ocrx_word' id='word_1_2' title='bbox 1135 770 1239 826; x_wconf 75' lang='grc'>5555.</span> <span class='ocrx_word' id='word_1_3' title='bbox 1517 727 1522 740; x_wconf 78' lang='grc'><em>’</em></span> <span class='ocrx_word' id='word_1_4' title='bbox 1724 776 1743 838; x_wconf 72' lang='lat'><strong>5</strong></span> 
     </span>
    </p>
   </div>
   <div class='ocr_carea' id='block_1_2' title="bbox 393 946 1811 5319">
    <p class='ocr_par' dir='ltr' id='par_1_2' title="bbox 393 946 1744 1903">
     <span class='ocr_line' id='line_1_2' title="bbox 393 946 1744 1031; baseline 0.004 -23"><span class='ocrx_word' id='word_1_5' title='bbox 393 947 555 1009; x_wconf 84' lang='lat' dir='ltr'><strong>accederet</strong></span> <span class='ocrx_word' id='word_1_6' title='bbox 599 946 647 1008; x_wconf 77' lang='lat' dir='ltr'><strong>Art</strong></span> <span class='ocrx_word' id='word_1_7' title='bbox 667 948 725 1009; x_wconf 91' lang='lat' dir='ltr'><strong>boc</strong></span> <span class='ocrx_word' id='word_1_8' title='bbox 747 949 903 1028; x_wconf 90' lang='lat' dir='ltr'><strong>plurimum</strong></span> <span class='ocrx_word' id='word_1_9' title='bbox 927 947 955 1009; x_wconf 92' lang='lat' dir='ltr'><strong>id</strong></span> <span class='ocrx_word' id='word_1_10' title='bbox 976 949 1110 1024; x_wconf 87' lang='lat' dir='ltr'><strong>valebat,</strong></span> <span class='ocrx_word' id='word_1_11' title='bbox 1142 948 1222 1027; x_wconf 88' lang='lat' dir='ltr'><strong>quod</strong></span> <span class='ocrx_word' id='word_1_12' title='bbox 1245 950 1364 1010; x_wconf 89' lang='lat' dir='ltr'><strong>obtrusa</strong></span> <span class='ocrx_word' id='word_1_13' title='bbox 1387 949 1628 1031; x_wconf 85' lang='lat' dir='ltr'><strong>astrologicamm</strong></span> <span class='ocrx_word' id='word_1_14' title='bbox 1649 970 1744 1014; x_wconf 90' lang='lat' dir='ltr'><strong>rerum</strong></span> 
     </span>
     <span class='ocr_line' id='line_1_3' title="bbox 394 1035 1742 1116; baseline 0.006 -22"><span class='ocrx_word' id='word_1_15' title='bbox 394 1035 492 1096; x_wconf 88' lang='lat' dir='ltr'><strong>studia</strong></span> <span class='ocrx_word' id='word_1_16' title='bbox 519 1055 586 1096; x_wconf 92' lang='lat' dir='ltr'><strong>cnm</strong></span> <span class='ocrx_word' id='word_1_17' title='bbox 612 1054 685 1096; x_wconf 86' lang='lat' dir='ltr'><strong>rana</strong></span> <span class='ocrx_word' id='word_1_18' title='bbox 712 1043 808 1098; x_wconf 91' lang='lat' dir='ltr'><strong>mente</strong></span> <span class='ocrx_word' id='word_1_19' title='bbox 835 1037 1022 1098; x_wconf 91' lang='lat' dir='ltr'><strong>reconciliare</strong></span> <span class='ocrx_word' id='word_1_20' title='bbox 1051 1039 1113 1098; x_wconf 85' lang='lat' dir='ltr'><strong>sive</strong></span> <span class='ocrx_word' id='word_1_21' title='bbox 1140 1037 1329 1116; x_wconf 78' lang='lat' dir='ltr'><strong>astrologiam</strong></span> <span class='ocrx_word' id='word_1_22' title='bbox 1356 1039 1398 1097; x_wconf 91' lang='lat' dir='ltr'><strong>ita</strong></span> <span class='ocrx_word' id='word_1_23' title='bbox 1420 1037 1574 1102; x_wconf 78' lang='lat' dir='ltr'><strong>defendere</strong></span> <span class='ocrx_word' id='word_1_24' title='bbox 1597 1039 1742 1115; x_wconf 79' lang='lat' dir='ltr'><strong>studebat,</strong></span> 
     </span>
     <span class='ocr_line' id='line_1_4' title="bbox 394 1123 1744 1206; baseline 0.004 -24"><span class='ocrx_word' id='word_1_25' title='bbox 394 1133 438 1195; x_wconf 92' lang='lat' dir='ltr'><strong>nt,</strong></span> <span class='ocrx_word' id='word_1_26' title='bbox 476 1141 551 1201; x_wconf 90' lang='grc'>5555</span> <span class='ocrx_word' id='word_1_27' title='bbox 589 1131 774 1186; x_wconf 78' lang='lat' dir='ltr'><strong>astronomus</strong></span> <span class='ocrx_word' id='word_1_28' title='bbox 808 1132 837 1186; x_wconf 92' lang='lat' dir='ltr'><strong>et</strong></span> <span class='ocrx_word' id='word_1_29' title='bbox 871 1123 1065 1204; x_wconf 90' lang='lat' dir='ltr'><strong>philosophus</strong></span> <span class='ocrx_word' id='word_1_30' title='bbox 1099 1127 1162 1200; x_wconf 93' lang='lat' dir='ltr'><strong>ipse</strong></span> <span class='ocrx_word' id='word_1_31' title='bbox 1202 1127 1259 1185; x_wconf 91' lang='lat' dir='ltr'><strong>sibi</strong></span> <span class='ocrx_word' id='word_1_32' title='bbox 1305 1125 1485 1202; x_wconf 88' lang='lat' dir='ltr'><strong>objurgaret,</strong></span> <span class='ocrx_word' id='word_1_33' title='bbox 1528 1127 1744 1206; x_wconf 90' lang='lat' dir='ltr'><strong>quodammodo</strong></span> 
     </span>
     <span class='ocr_line' id='line_1_5' title="bbox 394 1210 1744 1291; baseline 0.004 -22"><span class='ocrx_word' id='word_1_34' title='bbox 394 1210 526 1271; x_wconf 86' lang='lat' dir='ltr'><strong>diluerat</strong></span> <span class='ocrx_word' id='word_1_35' title='bbox 578 1211 644 1272; x_wconf 88' lang='lat' dir='ltr'><strong>Hoc</strong></span> <span class='ocrx_word' id='word_1_36' title='bbox 666 1212 749 1272; x_wconf 88' lang='lat' dir='ltr'><strong>illum</strong></span> <span class='ocrx_word' id='word_1_37' title='bbox 772 1215 870 1288; x_wconf 87' lang='lat' dir='ltr'><strong>egisse</strong></span> <span class='ocrx_word' id='word_1_38' title='bbox 890 1232 926 1274; x_wconf 86' lang='lat' dir='ltr'><strong>ex</strong></span> <span class='ocrx_word' id='word_1_39' title='bbox 948 1211 1049 1273; x_wconf 82' lang='lat' dir='ltr'><strong>libello</strong></span> <span class='ocrx_word' id='word_1_40' title='bbox 1073 1211 1108 1270; x_wconf 88' lang='lat' dir='ltr'><strong>de</strong></span> <span class='ocrx_word' id='word_1_41' title='bbox 1130 1211 1343 1272; x_wconf 84' lang='lat' dir='ltr'><strong>Fundamentis</strong></span> <span class='ocrx_word' id='word_1_42' title='bbox 1366 1213 1552 1291; x_wconf 86' lang='lat' dir='ltr'><strong>Astrologiae</strong></span> <span class='ocrx_word' id='word_1_43' title='bbox 1575 1221 1676 1290; x_wconf 84' lang='grc'>(1117</span> <span class='ocrx_word' id='word_1_44' title='bbox 1686 1221 1744 1290; x_wconf 80' lang='lat' dir='ltr'><strong>ss),</strong></span> 
     </span>
     <span class='ocr_line' id='line_1_6' title="bbox 394 1297 1743 1376; baseline 0.004 -18"><span class='ocrx_word' id='word_1_45' title='bbox 394 1317 428 1358; x_wconf 84' lang='lat' dir='ltr'><strong>ex</strong></span> <span class='ocrx_word' id='word_1_46' title='bbox 452 1297 633 1360; x_wconf 76' lang='lat' dir='ltr'><strong>calendariis</strong></span> <span class='ocrx_word' id='word_1_47' title='bbox 657 1301 692 1372; x_wconf 88' lang='grc'><strong>(1.</strong></span> <span class='ocrx_word' id='word_1_48' title='bbox 710 1301 805 1358; x_wconf 73' lang='lat' dir='ltr'><strong>sassa.</strong></span> <span class='ocrx_word' id='word_1_49' title='bbox 824 1304 944 1374; x_wconf 83' lang='grc'>15355),</span> <span class='ocrx_word' id='word_1_50' title='bbox 968 1319 1003 1361; x_wconf 88' lang='grc'><strong>55</strong></span> <span class='ocrx_word' id='word_1_51' title='bbox 1026 1297 1302 1376; x_wconf 60' lang='lat' dir='ltr'><strong>scriptisradversus</strong></span> <span class='ocrx_word' id='word_1_52' title='bbox 1325 1298 1480 1362; x_wconf 86' lang='lat' dir='ltr'><strong>Riislinum</strong></span> <span class='ocrx_word' id='word_1_53' title='bbox 1502 1307 1531 1374; x_wconf 93' lang='grc'><strong>(1.</strong></span> <span class='ocrx_word' id='word_1_54' title='bbox 1547 1308 1609 1373; x_wconf 88' lang='grc'>503)</span> <span class='ocrx_word' id='word_1_55' title='bbox 1633 1310 1661 1364; x_wconf 89' lang='grc'><strong>51</strong></span> <span class='ocrx_word' id='word_1_56' title='bbox 1683 1303 1743 1363; x_wconf 77' lang='lat' dir='ltr'><strong>Fe·</strong></span> 
     </span>
     <span class='ocr_line' id='line_1_7' title="bbox 394 1385 1744 1461; baseline 0.004 -15"><span class='ocrx_word' id='word_1_57' title='bbox 394 1385 498 1446; x_wconf 79' lang='lat' dir='ltr'><strong>salium</strong></span> <span class='ocrx_word' id='word_1_58' title='bbox 521 1391 551 1459; x_wconf 79' lang='lat'><strong>(1.</strong></span> <span class='ocrx_word' id='word_1_59' title='bbox 572 1391 633 1460; x_wconf 83' lang='grc'>519)</span> <span class='ocrx_word' id='word_1_60' title='bbox 662 1393 748 1446; x_wconf 86' lang='lat' dir='ltr'><strong>etex</strong></span> <span class='ocrx_word' id='word_1_61' title='bbox 770 1387 846 1447; x_wconf 92' lang='lat' dir='ltr'><strong>libro</strong></span> <span class='ocrx_word' id='word_1_62' title='bbox 869 1385 1287 1461; x_wconf 62' lang='grc'>158151511555111575),</span> <span class='ocrx_word' id='word_1_63' title='bbox 1316 1390 1399 1448; x_wconf 86' lang='lat' dir='ltr'><strong>vario</strong></span> <span class='ocrx_word' id='word_1_64' title='bbox 1422 1388 1510 1450; x_wconf 91' lang='lat' dir='ltr'><strong>modo</strong></span> <span class='ocrx_word' id='word_1_65' title='bbox 1533 1389 1637 1450; x_wconf 86' lang='lat' dir='ltr'><strong>elucet</strong></span> <span class='ocrx_word' id='word_1_66' title='bbox 1681 1389 1744 1451; x_wconf 90' lang='lat' dir='ltr'><strong>Nee</strong></span> 
     </span>
     <span class='ocr_line' id='line_1_8' title="bbox 394 1473 1743 1553; baseline 0.003 -21"><span class='ocrx_word' id='word_1_67' title='bbox 394 1477 489 1533; x_wconf 90' lang='lat' dir='ltr'><strong>minus</strong></span> <span class='ocrx_word' id='word_1_68' title='bbox 512 1492 548 1536; x_wconf 88' lang='lat' dir='ltr'><strong>ex</strong></span> <span class='ocrx_word' id='word_1_69' title='bbox 570 1474 670 1534; x_wconf 89' lang='lat' dir='ltr'><strong>multis</strong></span> <span class='ocrx_word' id='word_1_70' title='bbox 692 1476 814 1550; x_wconf 87' lang='lat' dir='ltr'><strong>privatis</strong></span> <span class='ocrx_word' id='word_1_71' title='bbox 836 1474 937 1552; x_wconf 87' lang='lat' dir='ltr'><strong>literis,</strong></span> <span class='ocrx_word' id='word_1_72' title='bbox 960 1477 1086 1535; x_wconf 87' lang='lat' dir='ltr'><strong>maxime</strong></span> <span class='ocrx_word' id='word_1_73' title='bbox 1109 1473 1168 1533; x_wconf 89' lang='lat' dir='ltr'><strong>illis</strong></span> <span class='ocrx_word' id='word_1_74' title='bbox 1190 1473 1228 1534; x_wconf 90' lang='lat' dir='ltr'><strong>ad</strong></span> <span class='ocrx_word' id='word_1_75' title='bbox 1242 1481 1390 1551; x_wconf 80' lang='lat' dir='ltr'><strong>pastorem</strong></span> <span class='ocrx_word' id='word_1_76' title='bbox 1406 1475 1552 1536; x_wconf 80' lang='lat' dir='ltr'><strong>Davidem</strong></span> <span class='ocrx_word' id='word_1_77' title='bbox 1567 1478 1743 1553; x_wconf 82' lang='lat' dir='ltr'><strong>Fabricium,</strong></span> 
     </span>
     <span class='ocr_line' id='line_1_9' title="bbox 394 1561 1742 1643; baseline 0.004 -23"><span class='ocrx_word' id='word_1_78' title='bbox 394 1563 443 1638; x_wconf 94' lang='grc'><strong>551</strong></span> <span class='ocrx_word' id='word_1_79' title='bbox 458 1562 573 1621; x_wconf 89' lang='lat' dir='ltr'><strong>somnia</strong></span> <span class='ocrx_word' id='word_1_80' title='bbox 588 1561 764 1640; x_wconf 89' lang='lat' dir='ltr'><strong>astrologica</strong></span> <span class='ocrx_word' id='word_1_81' title='bbox 777 1565 886 1640; x_wconf 89' lang='lat' dir='ltr'><strong>pressis</strong></span> <span class='ocrx_word' id='word_1_82' title='bbox 901 1564 1036 1625; x_wconf 90' lang='lat' dir='ltr'><strong>manibus</strong></span> <span class='ocrx_word' id='word_1_83' title='bbox 1052 1562 1182 1636; x_wconf 81' lang='lat' dir='ltr'><strong>tenebat,</strong></span> <span class='ocrx_word' id='word_1_84' title='bbox 1202 1561 1278 1622; x_wconf 90' lang='lat' dir='ltr'><strong>datis</strong></span> <span class='ocrx_word' id='word_1_85' title='bbox 1293 1577 1454 1639; x_wconf 75' lang='lat' dir='ltr'><strong>cognoscas</strong></span> <span class='ocrx_word' id='word_1_86' title='bbox 1468 1564 1589 1643; x_wconf 86' lang='lat' dir='ltr'><strong>Kepleri</strong></span> <span class='ocrx_word' id='word_1_87' title='bbox 1605 1564 1742 1641; x_wconf 91' lang='lat' dir='ltr'><strong>studium,</strong></span> 
     </span>
     <span class='ocr_line' id='line_1_10' title="bbox 394 1647 1743 1729; baseline 0.004 -21"><span class='ocrx_word' id='word_1_88' title='bbox 394 1667 470 1726; x_wconf 97' lang='grc'>5555</span> <span class='ocrx_word' id='word_1_89' title='bbox 497 1651 680 1727; x_wconf 88' lang='lat' dir='ltr'><strong>ineptissima</strong></span> <span class='ocrx_word' id='word_1_90' title='bbox 705 1651 891 1710; x_wconf 84' lang='lat' dir='ltr'><strong>somniabant</strong></span> <span class='ocrx_word' id='word_1_91' title='bbox 920 1649 1060 1726; x_wconf 83' lang='lat' dir='ltr'><strong>astrologi</strong></span> <span class='ocrx_word' id='word_1_92' title='bbox 1087 1647 1253 1724; x_wconf 78' lang='lat' dir='ltr'><strong>refellendi,</strong></span> <span class='ocrx_word' id='word_1_93' title='bbox 1286 1666 1445 1726; x_wconf 81' lang='lat' dir='ltr'><strong>cognoscas</strong></span> <span class='ocrx_word' id='word_1_94' title='bbox 1468 1654 1552 1712; x_wconf 87' lang='grc'>55515</span> <span class='ocrx_word' id='word_1_95' title='bbox 1574 1655 1743 1729; x_wconf 85' lang='lat' dir='ltr'><strong>tentamina,</strong></span> 
     </span>
     <span class='ocr_line' id='line_1_11' title="bbox 394 1736 1742 1816; baseline 0.003 -20"><span class='ocrx_word' id='word_1_96' title='bbox 394 1755 444 1796; x_wconf 89' lang='lat' dir='ltr'><strong>eas</strong></span> <span class='ocrx_word' id='word_1_97' title='bbox 466 1737 647 1813; x_wconf 81' lang='lat' dir='ltr'><strong>astrologiae</strong></span> <span class='ocrx_word' id='word_1_98' title='bbox 669 1745 776 1815; x_wconf 89' lang='lat' dir='ltr'><strong>partes,</strong></span> <span class='ocrx_word' id='word_1_99' title='bbox 811 1755 884 1814; x_wconf 87' lang='lat' dir='ltr'><strong>quas</strong></span> <span class='ocrx_word' id='word_1_100' title='bbox 917 1736 1082 1816; x_wconf 89' lang='lat' dir='ltr'><strong>astrologus</strong></span> <span class='ocrx_word' id='word_1_101' title='bbox 1109 1736 1302 1797; x_wconf 85' lang='lat' dir='ltr'><strong>Caesarianus</strong></span> <span class='ocrx_word' id='word_1_102' title='bbox 1328 1754 1387 1796; x_wconf 93' lang='lat' dir='ltr'><strong>non</strong></span> <span class='ocrx_word' id='word_1_103' title='bbox 1413 1745 1528 1814; x_wconf 91' lang='lat' dir='ltr'><strong>poterat</strong></span> <span class='ocrx_word' id='word_1_104' title='bbox 1559 1757 1618 1799; x_wconf 92' lang='lat' dir='ltr'><strong>non</strong></span> <span class='ocrx_word' id='word_1_105' title='bbox 1637 1748 1742 1816; x_wconf 85' lang='lat' dir='ltr'><strong>tenere,</strong></span> 
     </span>
     <span class='ocr_line' id='line_1_12' title="bbox 395 1823 1743 1903; baseline 0.001 -18"><span class='ocrx_word' id='word_1_106' title='bbox 395 1842 430 1885; x_wconf 84' lang='lat' dir='ltr'><strong>ex</strong></span> <span class='ocrx_word' id='word_1_107' title='bbox 452 1841 526 1884; x_wconf 90' lang='lat' dir='ltr'><strong>sana</strong></span> <span class='ocrx_word' id='word_1_108' title='bbox 548 1830 645 1885; x_wconf 89' lang='lat' dir='ltr'><strong>mente</strong></span> <span class='ocrx_word' id='word_1_109' title='bbox 667 1823 873 1903; x_wconf 88' lang='lat' dir='ltr'><strong>interpretandi</strong></span> <span class='ocrx_word' id='word_1_110' title='bbox 896 1827 977 1887; x_wconf 85' lang='lat' dir='ltr'><strong>etin</strong></span> <span class='ocrx_word' id='word_1_111' title='bbox 999 1827 1141 1888; x_wconf 88' lang='lat' dir='ltr'><strong>rationem</strong></span> <span class='ocrx_word' id='word_1_112' title='bbox 1163 1833 1194 1886; x_wconf 91' lang='grc'><strong>51</strong></span> <span class='ocrx_word' id='word_1_113' title='bbox 1215 1823 1397 1900; x_wconf 87' lang='lat' dir='ltr'><strong>disciplinam</strong></span> <span class='ocrx_word' id='word_1_114' title='bbox 1422 1827 1568 1902; x_wconf 89' lang='lat' dir='ltr'><strong>quandam</strong></span> <span class='ocrx_word' id='word_1_115' title='bbox 1589 1827 1743 1893; x_wconf 82' lang='lat' dir='ltr'><strong>referendi.</strong></span> 
     </span>
    </p>

    <p class='ocr_par' dir='ltr' id='par_1_3' title="bbox 393 1909 1811 3568">
     <span class='ocr_line' id='line_1_13' title="bbox 494 1909 1742 1998; baseline 0.003 -28"><span class='ocrx_word' id='word_1_116' title='bbox 494 1911 560 1972; x_wconf 51' lang='lat' dir='ltr'><strong>¹Pro</strong></span> <span class='ocrx_word' id='word_1_117' title='bbox 581 1910 771 1973; x_wconf 82' lang='lat' dir='ltr'><strong>fundamento</strong></span> <span class='ocrx_word' id='word_1_118' title='bbox 793 1912 873 1974; x_wconf 88' lang='lat' dir='ltr'><strong>illius</strong></span> <span class='ocrx_word' id='word_1_119' title='bbox 896 1913 1067 1991; x_wconf 88' lang='lat' dir='ltr'><strong>disciplinae</strong></span> <span class='ocrx_word' id='word_1_120' title='bbox 1090 1909 1219 1990; x_wconf 86' lang='lat' dir='ltr'><strong>Keplero</strong></span> <span class='ocrx_word' id='word_1_121' title='bbox 1240 1913 1315 1973; x_wconf 91' lang='lat' dir='ltr'><strong>haec</strong></span> <span class='ocrx_word' id='word_1_122' title='bbox 1337 1915 1426 1998; x_wconf 82' lang='lat' dir='ltr'><strong>statui</strong></span> <span class='ocrx_word' id='word_1_123' title='bbox 1448 1931 1537 1992; x_wconf 91' lang='lat' dir='ltr'><strong>posse</strong></span> <span class='ocrx_word' id='word_1_124' title='bbox 1559 1910 1742 1976; x_wconf 89' lang='lat' dir='ltr'><strong>videbantur.</strong></span> 
     </span>
     <span class='ocr_line' id='line_1_14' title="bbox 396 1997 1743 2079; baseline 0.003 -21"><span class='ocrx_word' id='word_1_125' title='bbox 396 1997 647 2074; x_wconf 82' lang='lat' dir='ltr'><strong>Quemadmodum</strong></span> <span class='ocrx_word' id='word_1_126' title='bbox 669 2001 756 2060; x_wconf 93' lang='lat' dir='ltr'><strong>homo</strong></span> <span class='ocrx_word' id='word_1_127' title='bbox 773 2001 868 2060; x_wconf 88' lang='lat' dir='ltr'><strong>cultus</strong></span> <span class='ocrx_word' id='word_1_128' title='bbox 884 2009 913 2062; x_wconf 91' lang='lat' dir='ltr'><strong>et</strong></span> <span class='ocrx_word' id='word_1_129' title='bbox 927 2000 1052 2066; x_wconf 90' lang='lat' dir='ltr'><strong>incultus</strong></span> <span class='ocrx_word' id='word_1_130' title='bbox 1067 1999 1243 2060; x_wconf 89' lang='lat' dir='ltr'><strong>harmonicis</strong></span> <span class='ocrx_word' id='word_1_131' title='bbox 1265 2002 1346 2060; x_wconf 89' lang='lat' dir='ltr'><strong>sonis</strong></span> <span class='ocrx_word' id='word_1_132' title='bbox 1368 2001 1445 2062; x_wconf 92' lang='lat' dir='ltr'><strong>laete</strong></span> <span class='ocrx_word' id='word_1_133' title='bbox 1468 2008 1615 2077; x_wconf 84' lang='lat' dir='ltr'><strong>movetur,</strong></span> <span class='ocrx_word' id='word_1_134' title='bbox 1640 2022 1743 2079; x_wconf 90' lang='lat' dir='ltr'><strong>quern·</strong></span> 
     </span>
     <span class='ocr_line' id='line_1_15' title="bbox 395 2086 1744 2167; baseline 0.004 -23"><span class='ocrx_word' id='word_1_135' title='bbox 395 2086 550 2148; x_wconf 89' lang='lat' dir='ltr'><strong>admodum</strong></span> <span class='ocrx_word' id='word_1_136' title='bbox 574 2087 674 2148; x_wconf 90' lang='lat' dir='ltr'><strong>oeulos</strong></span> <span class='ocrx_word' id='word_1_137' title='bbox 697 2090 818 2147; x_wconf 86' lang='grc'>5555155</span> <span class='ocrx_word' id='word_1_138' title='bbox 841 2095 964 2166; x_wconf 88' lang='lat' dir='ltr'><strong>tangunt</strong></span> <span class='ocrx_word' id='word_1_139' title='bbox 986 2089 1095 2148; x_wconf 84' lang='lat' dir='ltr'><strong>formae</strong></span> <span class='ocrx_word' id='word_1_140' title='bbox 1122 2091 1249 2148; x_wconf 91' lang='lat' dir='ltr'><strong>numeris</strong></span> <span class='ocrx_word' id='word_1_141' title='bbox 1270 2090 1331 2149; x_wconf 89' lang='lat' dir='ltr'><strong>suis</strong></span> <span class='ocrx_word' id='word_1_142' title='bbox 1356 2090 1510 2167; x_wconf 88' lang='lat' dir='ltr'><strong>perlectae,</strong></span> <span class='ocrx_word' id='word_1_143' title='bbox 1535 2107 1623 2166; x_wconf 91' lang='lat' dir='ltr'><strong>quam</strong></span> <span class='ocrx_word' id='word_1_144' title='bbox 1648 2093 1744 2150; x_wconf 89' lang='lat' dir='ltr'><strong>minus</strong></span> 
     </span>
     <span class='ocr_line' id='line_1_16' title="bbox 394 2175 1811 2253; baseline 0.004 -21"><span class='ocrx_word' id='word_1_145' title='bbox 394 2175 548 2252; x_wconf 85' lang='lat' dir='ltr'><strong>periectas,</strong></span> <span class='ocrx_word' id='word_1_146' title='bbox 571 2177 614 2235; x_wconf 90' lang='lat' dir='ltr'><strong>sic</strong></span> <span class='ocrx_word' id='word_1_147' title='bbox 635 2176 760 2235; x_wconf 91' lang='lat' dir='ltr'><strong>hominis</strong></span> <span class='ocrx_word' id='word_1_148' title='bbox 782 2178 968 2253; x_wconf 90' lang='lat' dir='ltr'><strong>suspicientis</strong></span> <span class='ocrx_word' id='word_1_149' title='bbox 991 2178 1120 2236; x_wconf 88' lang='lat' dir='ltr'><strong>animum</strong></span> <span class='ocrx_word' id='word_1_150' title='bbox 1143 2175 1247 2251; x_wconf 87' lang='lat' dir='ltr'><strong>sidera,</strong></span> <span class='ocrx_word' id='word_1_151' title='bbox 1270 2178 1295 2236; x_wconf 91' lang='lat' dir='ltr'><strong>si</strong></span> <span class='ocrx_word' id='word_1_152' title='bbox 1318 2177 1405 2236; x_wconf 90' lang='lat' dir='ltr'><strong>situm</strong></span> <span class='ocrx_word' id='word_1_153' title='bbox 1427 2176 1538 2236; x_wconf 80' lang='lat' dir='ltr'><strong>bahent</strong></span> <span class='ocrx_word' id='word_1_154' title='bbox 1559 2179 1633 2237; x_wconf 93' lang='lat' dir='ltr'><strong>inter</strong></span> <span class='ocrx_word' id='word_1_155' title='bbox 1654 2196 1685 2237; x_wconf 92' lang='lat' dir='ltr'><strong>se</strong></span> <span class='ocrx_word' id='word_1_156' title='bbox 1709 2197 1745 2238; x_wconf 86' lang='lat' dir='ltr'><strong>ex</strong></span> <span class='ocrx_word' id='word_1_157' title='bbox 1805 2201 1811 2212; x_wconf 89' lang='lat'><strong>·</strong></span> 
     </span>
     <span class='ocr_line' id='line_1_17' title="bbox 393 2261 1743 2341; baseline 0.002 -20"><span class='ocrx_word' id='word_1_158' title='bbox 393 2265 577 2338; x_wconf 86' lang='lat' dir='ltr'><strong>geometricis</strong></span> <span class='ocrx_word' id='word_1_159' title='bbox 606 2261 722 2341; x_wconf 89' lang='lat' dir='ltr'><strong>legibus</strong></span> <span class='ocrx_word' id='word_1_160' title='bbox 751 2263 928 2339; x_wconf 90' lang='lat' dir='ltr'><strong>ordinatum,</strong></span> <span class='ocrx_word' id='word_1_161' title='bbox 959 2265 1070 2340; x_wconf 89' lang='lat' dir='ltr'><strong>majore</strong></span> <span class='ocrx_word' id='word_1_162' title='bbox 1092 2265 1123 2322; x_wconf 90' lang='grc'><strong>51</strong></span> <span class='ocrx_word' id='word_1_163' title='bbox 1146 2264 1266 2337; x_wconf 81' lang='lat' dir='ltr'><strong>feriunt,</strong></span> <span class='ocrx_word' id='word_1_164' title='bbox 1288 2281 1377 2340; x_wconf 91' lang='lat' dir='ltr'><strong>quam</strong></span> <span class='ocrx_word' id='word_1_165' title='bbox 1399 2267 1424 2324; x_wconf 94' lang='lat' dir='ltr'><strong>si</strong></span> <span class='ocrx_word' id='word_1_166' title='bbox 1447 2267 1521 2324; x_wconf 88' lang='lat' dir='ltr'><strong>situs</strong></span> <span class='ocrx_word' id='word_1_167' title='bbox 1543 2264 1593 2324; x_wconf 93' lang='lat' dir='ltr'><strong>ille</strong></span> <span class='ocrx_word' id='word_1_168' title='bbox 1615 2281 1673 2323; x_wconf 90' lang='grc'><strong>555</strong></span> <span class='ocrx_word' id='word_1_169' title='bbox 1696 2268 1743 2327; x_wconf 81' lang='lat' dir='ltr'><strong>sit</strong></span> 
     </span>
     <span class='ocr_line' id='line_1_18' title="bbox 393 2349 1744 2429; baseline 0.002 -19"><span class='ocrx_word' id='word_1_170' title='bbox 393 2349 504 2410; x_wconf 85' lang='lat' dir='ltr'><strong>Natura</strong></span> <span class='ocrx_word' id='word_1_171' title='bbox 531 2368 627 2410; x_wconf 91' lang='lat' dir='ltr'><strong>rerum</strong></span> <span class='ocrx_word' id='word_1_172' title='bbox 655 2351 777 2411; x_wconf 86' lang='lat' dir='ltr'><strong>creatrix</strong></span> <span class='ocrx_word' id='word_1_173' title='bbox 804 2352 992 2412; x_wconf 82' lang='lat' dir='ltr'><strong>multifariam</strong></span> <span class='ocrx_word' id='word_1_174' title='bbox 1015 2351 1052 2411; x_wconf 89' lang='lat' dir='ltr'><strong>ad</strong></span> <span class='ocrx_word' id='word_1_175' title='bbox 1075 2351 1333 2425; x_wconf 87' lang='grc'>1151115115155,</span> <span class='ocrx_word' id='word_1_176' title='bbox 1364 2360 1397 2411; x_wconf 87' lang='lat' dir='ltr'><strong>ut</strong></span> <span class='ocrx_word' id='word_1_177' title='bbox 1412 2353 1532 2412; x_wconf 87' lang='lat' dir='ltr'><strong>-iormas</strong></span> <span class='ocrx_word' id='word_1_178' title='bbox 1562 2353 1744 2429; x_wconf 82' lang='lat' dir='ltr'><strong>geometricis</strong></span> 
     </span>
     <span class='ocr_line' id='line_1_19' title="bbox 394 2435 1744 2518; baseline 0.002 -22"><span class='ocrx_word' id='word_1_179' title='bbox 394 2437 517 2514; x_wconf 88' lang='lat' dir='ltr'><strong>legibus,</strong></span> <span class='ocrx_word' id='word_1_180' title='bbox 535 2438 638 2514; x_wconf 90' lang='lat' dir='ltr'><strong>quales</strong></span> <span class='ocrx_word' id='word_1_181' title='bbox 652 2438 798 2500; x_wconf 89' lang='lat' dir='ltr'><strong>humanae</strong></span> <span class='ocrx_word' id='word_1_182' title='bbox 814 2441 903 2500; x_wconf 88' lang='lat' dir='ltr'><strong>menti</strong></span> <span class='ocrx_word' id='word_1_183' title='bbox 918 2435 955 2499; x_wconf 90' lang='lat' dir='ltr'><strong>ab</strong></span> <span class='ocrx_word' id='word_1_184' title='bbox 967 2440 1050 2499; x_wconf 93' lang='lat' dir='ltr'><strong>initio</strong></span> <span class='ocrx_word' id='word_1_185' title='bbox 1067 2439 1171 2498; x_wconf 90' lang='lat' dir='ltr'><strong>insitae</strong></span> <span class='ocrx_word' id='word_1_186' title='bbox 1186 2445 1262 2512; x_wconf 86' lang='lat' dir='ltr'><strong>sunt,</strong></span> <span class='ocrx_word' id='word_1_187' title='bbox 1279 2440 1419 2514; x_wconf 87' lang='lat' dir='ltr'><strong>aequales</strong></span> <span class='ocrx_word' id='word_1_188' title='bbox 1432 2447 1580 2516; x_wconf 84' lang='lat' dir='ltr'><strong>procreet3</strong></span> <span class='ocrx_word' id='word_1_189' title='bbox 1597 2440 1744 2518; x_wconf 90' lang='lat' dir='ltr'><strong>crystalla,</strong></span> 
     </span>
     <span class='ocr_line' id='line_1_20' title="bbox 394 2526 1745 2603; baseline 0.004 -21"><span class='ocrx_word' id='word_1_190' title='bbox 394 2527 452 2598; x_wconf 90' lang='grc'>515,</span> <span class='ocrx_word' id='word_1_191' title='bbox 475 2526 574 2599; x_wconf 87' lang='grc'>115555,</span> <span class='ocrx_word' id='word_1_192' title='bbox 596 2543 733 2586; x_wconf 89' lang='lat' dir='ltr'><strong>numerus</strong></span> <span class='ocrx_word' id='word_1_193' title='bbox 757 2533 786 2586; x_wconf 97' lang='grc'><strong>51</strong></span> <span class='ocrx_word' id='word_1_194' title='bbox 809 2527 879 2587; x_wconf 91' lang='grc'>5515</span> <span class='ocrx_word' id='word_1_195' title='bbox 901 2526 1035 2588; x_wconf 88' lang='lat' dir='ltr'><strong>loliorum</strong></span> <span class='ocrx_word' id='word_1_196' title='bbox 1055 2527 1258 2603; x_wconf 77' lang='lat' dir='ltr'><strong>fructuumque</strong></span> <span class='ocrx_word' id='word_1_197' title='bbox 1273 2526 1375 2600; x_wconf 83' lang='lat' dir='ltr'><strong>torma,</strong></span> <span class='ocrx_word' id='word_1_198' title='bbox 1399 2545 1487 2603; x_wconf 91' lang='lat' dir='ltr'><strong>apum</strong></span> <span class='ocrx_word' id='word_1_199' title='bbox 1503 2526 1593 2592; x_wconf 90' lang='lat' dir='ltr'><strong>cellae</strong></span> <span class='ocrx_word' id='word_1_200' title='bbox 1610 2535 1639 2587; x_wconf 87' lang='lat' dir='ltr'><strong>et</strong></span> <span class='ocrx_word' id='word_1_201' title='bbox 1654 2527 1745 2598; x_wconf 89' lang='lat' dir='ltr'><strong>multa</strong></span> 
     </span>
     <span class='ocr_line' id='line_1_21' title="bbox 393 2605 1744 2692; baseline 0.003 -22"><span class='ocrx_word' id='word_1_202' title='bbox 393 2610 450 2672; x_wconf 86' lang='lat' dir='ltr'><strong>alia</strong></span> <span class='ocrx_word' id='word_1_203' title='bbox 463 2615 524 2672; x_wconf 88' lang='lat' dir='ltr'><strong>rim</strong></span> <span class='ocrx_word' id='word_1_204' title='bbox 533 2616 621 2672; x_wconf 89' lang='lat' dir='ltr'><strong>istam</strong></span> <span class='ocrx_word' id='word_1_205' title='bbox 632 2605 807 2692; x_wconf 85' lang='lat' dir='ltr'><strong>genetricem</strong></span> <span class='ocrx_word' id='word_1_206' title='bbox 820 2614 986 2676; x_wconf 89' lang='lat' dir='ltr'><strong>ostendunt.</strong></span> <span class='ocrx_word' id='word_1_207' title='bbox 1009 2613 1063 2674; x_wconf 91' lang='lat' dir='ltr'><strong>Ille</strong></span> <span class='ocrx_word' id='word_1_208' title='bbox 1076 2631 1171 2674; x_wconf 87' lang='lat' dir='ltr'><strong>remm</strong></span> <span class='ocrx_word' id='word_1_209' title='bbox 1181 2613 1262 2690; x_wconf 88' lang='lat' dir='ltr'><strong>ordo,</strong></span> <span class='ocrx_word' id='word_1_210' title='bbox 1279 2611 1431 2674; x_wconf 89' lang='lat' dir='ltr'><strong>harmonia</strong></span> <span class='ocrx_word' id='word_1_211' title='bbox 1443 2614 1493 2688; x_wconf 89' lang='lat' dir='ltr'><strong>illa</strong></span> <span class='ocrx_word' id='word_1_212' title='bbox 1506 2617 1535 2675; x_wconf 93' lang='grc'><strong>51</strong></span> <span class='ocrx_word' id='word_1_213' title='bbox 1546 2615 1744 2691; x_wconf 85' lang='lat' dir='ltr'><strong>inexplicabili</strong></span> 
     </span>
     <span class='ocr_line' id='line_1_22' title="bbox 394 2694 1744 2780; baseline 0.002 -20"><span class='ocrx_word' id='word_1_214' title='bbox 394 2717 478 2760; x_wconf 88' lang='lat' dir='ltr'><strong>aures</strong></span> <span class='ocrx_word' id='word_1_215' title='bbox 494 2701 608 2775; x_wconf 88' lang='grc'>1551555,</span> <span class='ocrx_word' id='word_1_216' title='bbox 633 2701 807 2762; x_wconf 91' lang='lat' dir='ltr'><strong>documento</strong></span> <span class='ocrx_word' id='word_1_217' title='bbox 822 2711 874 2780; x_wconf 89' lang='lat' dir='ltr'><strong>est,</strong></span> <span class='ocrx_word' id='word_1_218' title='bbox 899 2701 1008 2763; x_wconf 89' lang='lat' dir='ltr'><strong>mundo</strong></span> <span class='ocrx_word' id='word_1_219' title='bbox 1024 2705 1119 2763; x_wconf 91' lang='lat' dir='ltr'><strong>inesse</strong></span> <span class='ocrx_word' id='word_1_220' title='bbox 1134 2704 1194 2761; x_wconf 83' lang='lat' dir='ltr'><strong>rim</strong></span> <span class='ocrx_word' id='word_1_221' title='bbox 1209 2704 1392 2778; x_wconf 87' lang='lat' dir='ltr'><strong>geometricis</strong></span> <span class='ocrx_word' id='word_1_222' title='bbox 1405 2702 1520 2780; x_wconf 92' lang='lat' dir='ltr'><strong>legibus</strong></span> <span class='ocrx_word' id='word_1_223' title='bbox 1532 2706 1646 2777; x_wconf 88' lang='lat' dir='ltr'><strong>actam,</strong></span> <span class='ocrx_word' id='word_1_224' title='bbox 1669 2694 1744 2780; x_wconf 86' lang='lat' dir='ltr'><strong>quae</strong></span> 
     </span>
     <span class='ocr_line' id='line_1_23' title="bbox 394 2785 1744 2875; baseline 0.001 -27"><span class='ocrx_word' id='word_1_225' title='bbox 394 2789 555 2848; x_wconf 90' lang='lat' dir='ltr'><strong>animantia</strong></span> <span class='ocrx_word' id='word_1_226' title='bbox 564 2796 601 2870; x_wconf 89' lang='grc' dir='ltr'><strong>Ι51</strong></span> <span class='ocrx_word' id='word_1_227' title='bbox 615 2790 744 2850; x_wconf 89' lang='lat' dir='ltr'><strong>inanima</strong></span> <span class='ocrx_word' id='word_1_228' title='bbox 754 2785 882 2864; x_wconf 87' lang='grc'>5555551,</span> <span class='ocrx_word' id='word_1_229' title='bbox 899 2791 1011 2851; x_wconf 89' lang='lat' dir='ltr'><strong>etiamsi</strong></span> <span class='ocrx_word' id='word_1_230' title='bbox 1028 2808 1064 2850; x_wconf 93' lang='lat' dir='ltr'><strong>ne</strong></span> <span class='ocrx_word' id='word_1_231' title='bbox 1080 2791 1240 2849; x_wconf 86' lang='lat' dir='ltr'><strong>animantia</strong></span> <span class='ocrx_word' id='word_1_232' title='bbox 1253 2788 1371 2866; x_wconf 91' lang='lat' dir='ltr'><strong>quidem</strong></span> <span class='ocrx_word' id='word_1_233' title='bbox 1384 2808 1448 2849; x_wconf 91' lang='lat' dir='ltr'><strong>eam</strong></span> <span class='ocrx_word' id='word_1_234' title='bbox 1462 2792 1568 2851; x_wconf 88' lang='grc'>5551155</span> <span class='ocrx_word' id='word_1_235' title='bbox 1580 2789 1744 2875; x_wconf 83' lang='grc'>511555155.</span> 
     </span>
     <span class='ocr_line' id='line_1_24' title="bbox 395 2875 1743 2956; baseline 0.002 -23"><span class='ocrx_word' id='word_1_236' title='bbox 395 2875 479 2935; x_wconf 90' lang='lat' dir='ltr'><strong>lllam</strong></span> <span class='ocrx_word' id='word_1_237' title='bbox 511 2880 572 2939; x_wconf 86' lang='grc'>5155</span> <span class='ocrx_word' id='word_1_238' title='bbox 608 2893 745 2937; x_wconf 87' lang='lat' dir='ltr'><strong>arcanam</strong></span> <span class='ocrx_word' id='word_1_239' title='bbox 774 2877 919 2956; x_wconf 87' lang='lat' dir='ltr'><strong>Keplerus</strong></span> <span class='ocrx_word' id='word_1_240' title='bbox 950 2895 1015 2953; x_wconf 84' lang='lat' dir='ltr'><strong>cum</strong></span> <span class='ocrx_word' id='word_1_241' title='bbox 1044 2877 1172 2936; x_wconf 89' lang='lat' dir='ltr'><strong>hominis</strong></span> <span class='ocrx_word' id='word_1_242' title='bbox 1201 2879 1299 2936; x_wconf 91' lang='lat' dir='ltr'><strong>animo</strong></span> <span class='ocrx_word' id='word_1_243' title='bbox 1328 2884 1479 2955; x_wconf 91' lang='lat' dir='ltr'><strong>comparat</strong></span> <span class='ocrx_word' id='word_1_244' title='bbox 1506 2894 1671 2954; x_wconf 89' lang='lat' dir='ltr'><strong>nomenque</strong></span> <span class='ocrx_word' id='word_1_245' title='bbox 1701 2878 1743 2937; x_wconf 94' lang='lat' dir='ltr'><strong>illi</strong></span> 
     </span>
     <span class='ocr_line' id='line_1_25' title="bbox 395 2961 1744 3043; baseline 0.001 -21"><span class='ocrx_word' id='word_1_246' title='bbox 395 2961 475 3022; x_wconf 86' lang='lat' dir='ltr'><strong>addit</strong></span> <span class='ocrx_word' id='word_1_247' title='bbox 497 2981 625 3040; x_wconf 87' lang='lat' dir='ltr'><strong>aequum</strong></span> <span class='ocrx_word' id='word_1_248' title='bbox 651 2966 784 3042; x_wconf 81' lang='lat' dir='ltr'><strong>„animae</strong></span> <span class='ocrx_word' id='word_1_249' title='bbox 806 2965 939 3026; x_wconf 80' lang='lat' dir='ltr'><strong>mundi“.</strong></span> <span class='ocrx_word' id='word_1_250' title='bbox 985 2965 1069 3026; x_wconf 89' lang='lat' dir='ltr'><strong>Haec</strong></span> <span class='ocrx_word' id='word_1_251' title='bbox 1091 2964 1192 3024; x_wconf 93' lang='lat' dir='ltr'><strong>mundi</strong></span> <span class='ocrx_word' id='word_1_252' title='bbox 1215 2965 1314 3025; x_wconf 90' lang='lat' dir='ltr'><strong>anima</strong></span> <span class='ocrx_word' id='word_1_253' title='bbox 1336 2966 1454 3040; x_wconf 90' lang='lat' dir='ltr'><strong>iisdem,</strong></span> <span class='ocrx_word' id='word_1_254' title='bbox 1468 2968 1473 2979; x_wconf 78' lang='grc'>’</span> <span class='ocrx_word' id='word_1_255' title='bbox 1486 2965 1592 3043; x_wconf 89' lang='lat' dir='ltr'><strong>quibus</strong></span> <span class='ocrx_word' id='word_1_256' title='bbox 1618 2966 1744 3024; x_wconf 89' lang='lat' dir='ltr'><strong>bominis</strong></span> 
     </span>
     <span class='ocr_line' id='line_1_26' title="bbox 395 3050 1744 3131; baseline 0.001 -21"><span class='ocrx_word' id='word_1_257' title='bbox 395 3053 521 3126; x_wconf 89' lang='lat' dir='ltr'><strong>animus,</strong></span> <span class='ocrx_word' id='word_1_258' title='bbox 543 3050 659 3129; x_wconf 89' lang='lat' dir='ltr'><strong>legibus</strong></span> <span class='ocrx_word' id='word_1_259' title='bbox 681 3055 799 3131; x_wconf 86' lang='lat' dir='ltr'><strong>regitur.</strong></span> <span class='ocrx_word' id='word_1_260' title='bbox 844 3052 902 3128; x_wconf 88' lang='lat' dir='ltr'><strong>Qui</strong></span> <span class='ocrx_word' id='word_1_261' title='bbox 926 3061 959 3113; x_wconf 92' lang='lat' dir='ltr'><strong>ut</strong></span> <span class='ocrx_word' id='word_1_262' title='bbox 981 3055 1061 3115; x_wconf 85' lang='lat' dir='ltr'><strong>sonis</strong></span> <span class='ocrx_word' id='word_1_263' title='bbox 1084 3051 1260 3113; x_wconf 90' lang='lat' dir='ltr'><strong>harmonicis</strong></span> <span class='ocrx_word' id='word_1_264' title='bbox 1284 3058 1312 3112; x_wconf 94' lang='grc'><strong>51</strong></span> <span class='ocrx_word' id='word_1_265' title='bbox 1335 3052 1503 3115; x_wconf 91' lang='lat' dir='ltr'><strong>harmonico</strong></span> <span class='ocrx_word' id='word_1_266' title='bbox 1526 3052 1652 3112; x_wconf 89' lang='lat' dir='ltr'><strong>siderum</strong></span> <span class='ocrx_word' id='word_1_267' title='bbox 1676 3055 1744 3128; x_wconf 87' lang='lat' dir='ltr'><strong>situ,</strong></span> 
     </span>
     <span class='ocr_line' id='line_1_27' title="bbox 395 3137 1743 3218; baseline 0.001 -21"><span class='ocrx_word' id='word_1_268' title='bbox 395 3138 542 3216; x_wconf 87' lang='lat' dir='ltr'><strong>quomodo</strong></span> <span class='ocrx_word' id='word_1_269' title='bbox 565 3137 596 3198; x_wconf 91' lang='lat' dir='ltr'><strong>id</strong></span> <span class='ocrx_word' id='word_1_270' title='bbox 618 3138 670 3198; x_wconf 90' lang='grc'><strong>151</strong></span> <span class='ocrx_word' id='word_1_271' title='bbox 691 3143 822 3218; x_wconf 87' lang='grc'>5555155,</span> <span class='ocrx_word' id='word_1_272' title='bbox 852 3147 995 3216; x_wconf 85' lang='lat' dir='ltr'><strong>movetur,</strong></span> <span class='ocrx_word' id='word_1_273' title='bbox 1015 3141 1070 3201; x_wconf 73' lang='lat' dir='ltr'><strong>:ita</strong></span> <span class='ocrx_word' id='word_1_274' title='bbox 1090 3139 1137 3199; x_wconf 90' lang='lat' dir='ltr'><strong>bis</strong></span> <span class='ocrx_word' id='word_1_275' title='bbox 1160 3142 1249 3203; x_wconf 91' lang='lat' dir='ltr'><strong>etiam</strong></span> <span class='ocrx_word' id='word_1_276' title='bbox 1271 3141 1372 3199; x_wconf 90' lang='lat' dir='ltr'><strong>mundi</strong></span> <span class='ocrx_word' id='word_1_277' title='bbox 1394 3143 1493 3200; x_wconf 89' lang='lat' dir='ltr'><strong>anima</strong></span> <span class='ocrx_word' id='word_1_278' title='bbox 1514 3141 1611 3217; x_wconf 89' lang='lat' dir='ltr'><strong>agitur</strong></span> <span class='ocrx_word' id='word_1_279' title='bbox 1633 3146 1662 3200; x_wconf 93' lang='lat' dir='ltr'><strong>et</strong></span> <span class='ocrx_word' id='word_1_280' title='bbox 1683 3158 1743 3199; x_wconf 91' lang='lat' dir='ltr'><strong>non</strong></span> 
     </span>
     <span class='ocr_line' id='line_1_28' title="bbox 395 3219 1743 3306; baseline 0.003 -22"><span class='ocrx_word' id='word_1_281' title='bbox 395 3224 491 3301; x_wconf 86' lang='lat' dir='ltr'><strong>modo,</strong></span> <span class='ocrx_word' id='word_1_282' title='bbox 516 3243 591 3303; x_wconf 89' lang='lat' dir='ltr'><strong>quas</strong></span> <span class='ocrx_word' id='word_1_283' title='bbox 613 3226 753 3303; x_wconf 86' lang='lat' dir='ltr'><strong>diximus,</strong></span> <span class='ocrx_word' id='word_1_284' title='bbox 784 3219 899 3290; x_wconf 85' lang='lat' dir='ltr'><strong>lormas&#39;</strong></span> <span class='ocrx_word' id='word_1_285' title='bbox 914 3228 1063 3306; x_wconf 87' lang='lat' dir='ltr'><strong>regulares</strong></span> <span class='ocrx_word' id='word_1_286' title='bbox 1085 3235 1233 3306; x_wconf 90' lang='lat' dir='ltr'><strong>procreat,</strong></span> <span class='ocrx_word' id='word_1_287' title='bbox 1256 3227 1308 3287; x_wconf 92' lang='lat' dir='ltr'><strong>sed</strong></span> <span class='ocrx_word' id='word_1_288' title='bbox 1332 3230 1419 3288; x_wconf 90' lang='lat' dir='ltr'><strong>etiam</strong></span> <span class='ocrx_word' id='word_1_289' title='bbox 1443 3228 1563 3288; x_wconf 79' lang='lat' dir='ltr'><strong>adsim</strong></span> <span class='ocrx_word' id='word_1_290' title='bbox 1586 3230 1615 3287; x_wconf 94' lang='lat' dir='ltr'><strong>in</strong></span> <span class='ocrx_word' id='word_1_291' title='bbox 1639 3244 1743 3304; x_wconf 89' lang='lat' dir='ltr'><strong>corpus</strong></span> 
     </span>
     <span class='ocr_line' id='line_1_29' title="bbox 395 3313 1741 3395; baseline 0.001 -20"><span class='ocrx_word' id='word_1_292' title='bbox 395 3331 494 3388; x_wconf 87' lang='lat' dir='ltr'><strong>sunm,</strong></span> <span class='ocrx_word' id='word_1_293' title='bbox 526 3313 658 3386; x_wconf 86' lang='lat' dir='ltr'><strong>Terram,</strong></span> <span class='ocrx_word' id='word_1_294' title='bbox 691 3315 881 3378; x_wconf 85' lang='lat' dir='ltr'><strong>exserendam</strong></span> <span class='ocrx_word' id='word_1_295' title='bbox 909 3315 1003 3392; x_wconf 83' lang='lat' dir='ltr'><strong>a&#39;eqne</strong></span> <span class='ocrx_word' id='word_1_296' title='bbox 1033 3317 1138 3393; x_wconf 89' lang='lat' dir='ltr'><strong>agitur,</strong></span> <span class='ocrx_word' id='word_1_297' title='bbox 1167 3322 1257 3392; x_wconf 89' lang='lat' dir='ltr'><strong>atque</strong></span> <span class='ocrx_word' id='word_1_298' title='bbox 1285 3313 1463 3395; x_wconf 73' lang='grc'>1115511115</span> <span class='ocrx_word' id='word_1_299' title='bbox 1487 3316 1583 3375; x_wconf 91' lang='lat' dir='ltr'><strong>animo</strong></span> <span class='ocrx_word' id='word_1_300' title='bbox 1606 3315 1741 3376; x_wconf 89' lang='lat' dir='ltr'><strong>hominis.</strong></span> 
     </span>
     <span class='ocr_line' id='line_1_30' title="bbox 395 3401 1741 3481; baseline 0.003 -22"><span class='ocrx_word' id='word_1_301' title='bbox 395 3401 466 3461; x_wconf 89' lang='grc'>1515</span> <span class='ocrx_word' id='word_1_302' title='bbox 498 3404 680 3478; x_wconf 87' lang='lat' dir='ltr'><strong>tempestatis</strong></span> <span class='ocrx_word' id='word_1_303' title='bbox 695 3407 882 3476; x_wconf 88' lang='lat' dir='ltr'><strong>mutationes,</strong></span> <span class='ocrx_word' id='word_1_304' title='bbox 907 3409 1036 3464; x_wconf 89' lang='lat' dir='ltr'><strong>meteora</strong></span> <span class='ocrx_word' id='word_1_305' title='bbox 1059 3411 1088 3462; x_wconf 91' lang='grc'><strong>51</strong></span> <span class='ocrx_word' id='word_1_306' title='bbox 1111 3403 1184 3477; x_wconf 87' lang='grc'>5115,</span> <span class='ocrx_word' id='word_1_307' title='bbox 1216 3401 1284 3466; x_wconf 89' lang='grc'>1515</span> <span class='ocrx_word' id='word_1_308' title='bbox 1313 3405 1404 3463; x_wconf 93' lang='lat' dir='ltr'><strong>etiam</strong></span> <span class='ocrx_word' id='word_1_309' title='bbox 1433 3403 1482 3463; x_wconf 84' lang='lat' dir='ltr'><strong>vis&#39;</strong></span> <span class='ocrx_word' id='word_1_310' title='bbox 1510 3408 1682 3481; x_wconf 87' lang='lat' dir='ltr'><strong>aspectuum</strong></span> <span class='ocrx_word' id='word_1_311' title='bbox 1712 3404 1741 3465; x_wconf 93' lang='lat' dir='ltr'><strong>in</strong></span> 
     </span>
     <span class='ocr_line' id='line_1_31' title="bbox 396 3489 1092 3568; baseline 0.001 -21"><span class='ocrx_word' id='word_1_312' title='bbox 396 3491 522 3548; x_wconf 87' lang='lat' dir='ltr'><strong>animum</strong></span> <span class='ocrx_word' id='word_1_313' title='bbox 544 3489 671 3548; x_wconf 91' lang='lat' dir='ltr'><strong>hominis</strong></span> <span class='ocrx_word' id='word_1_314' title='bbox 693 3489 738 3551; x_wconf 90' lang='lat' dir='ltr'><strong>his</strong></span> <span class='ocrx_word' id='word_1_315' title='bbox 760 3491 999 3568; x_wconf 86' lang='lat' dir='ltr'><strong>praevalentibus</strong></span> <span class='ocrx_word' id='word_1_316' title='bbox 1021 3492 1092 3550; x_wconf 91' lang='lat' dir='ltr'><strong>nati.</strong></span> 
     </span>
    </p>

    <p class='ocr_par' dir='ltr' id='par_1_4' title="bbox 394 3574 1742 3743">
     <span class='ocr_line' id='line_1_32' title="bbox 502 3574 1742 3656; baseline 0.002 -23"><span class='ocrx_word' id='word_1_317' title='bbox 502 3574 574 3635; x_wconf 89' lang='lat' dir='ltr'><strong>Illas</strong></span> <span class='ocrx_word' id='word_1_318' title='bbox 602 3581 763 3638; x_wconf 89' lang='lat' dir='ltr'><strong>sententias</strong></span> <span class='ocrx_word' id='word_1_319' title='bbox 786 3578 931 3655; x_wconf 86' lang='lat' dir='ltr'><strong>Keplerus</strong></span> <span class='ocrx_word' id='word_1_320' title='bbox 959 3575 1085 3656; x_wconf 86' lang='lat' dir='ltr'><strong>explicat</strong></span> <span class='ocrx_word' id='word_1_321' title='bbox 1114 3578 1144 3636; x_wconf 92' lang='grc'><strong>15</strong></span> <span class='ocrx_word' id='word_1_322' title='bbox 1175 3575 1298 3650; x_wconf 92' lang='lat' dir='ltr'><strong>libellis,</strong></span> <span class='ocrx_word' id='word_1_323' title='bbox 1332 3591 1407 3651; x_wconf 90' lang='lat' dir='ltr'><strong>quos</strong></span> <span class='ocrx_word' id='word_1_324' title='bbox 1427 3593 1516 3654; x_wconf 90' lang='lat' dir='ltr'><strong>supra</strong></span> <span class='ocrx_word' id='word_1_325' title='bbox 1547 3574 1683 3652; x_wconf 86' lang='lat' dir='ltr'><strong>diximus,</strong></span> <span class='ocrx_word' id='word_1_326' title='bbox 1712 3584 1742 3645; x_wconf 86' lang='grc'><strong>51</strong></span> 
     </span>
     <span class='ocr_line' id='line_1_33' title="bbox 394 3661 1718 3743; baseline -0.001 -21"><span class='ocrx_word' id='word_1_327' title='bbox 394 3661 456 3738; x_wconf 84' lang='lat' dir='ltr'><strong>jam</strong></span> <span class='ocrx_word' id='word_1_328' title='bbox 478 3665 507 3721; x_wconf 93' lang='lat' dir='ltr'><strong>in</strong></span> <span class='ocrx_word' id='word_1_329' title='bbox 530 3665 624 3739; x_wconf 87' lang='lat' dir='ltr'><strong>primo</strong></span> <span class='ocrx_word' id='word_1_330' title='bbox 646 3665 771 3726; x_wconf 87' lang='lat' dir='ltr'><strong>intendit</strong></span> <span class='ocrx_word' id='word_1_331' title='bbox 792 3665 898 3726; x_wconf 90' lang='lat' dir='ltr'><strong>librum</strong></span> <span class='ocrx_word' id='word_1_332' title='bbox 920 3666 1091 3743; x_wconf 90' lang='lat' dir='ltr'><strong>ampliorem</strong></span> <span class='ocrx_word' id='word_1_333' title='bbox 1113 3664 1237 3742; x_wconf 89' lang='lat' dir='ltr'><strong>posthac</strong></span> <span class='ocrx_word' id='word_1_334' title='bbox 1259 3661 1417 3737; x_wconf 90' lang='lat' dir='ltr'><strong>edendum,</strong></span> <span class='ocrx_word' id='word_1_335' title='bbox 1444 3661 1646 3723; x_wconf 87' lang='lat' dir='ltr'><strong>Harmoniam.</strong></span> <span class='ocrx_word' id='word_1_336' title='bbox 1715 3714 1718 3721; x_wconf 94' lang='grc'>,</span> 
     </span>
    </p>

    <p class='ocr_par' dir='ltr' id='par_1_5' title="bbox 396 3750 1802 5319">
     <span class='ocr_line' id='line_1_34' title="bbox 499 3750 1742 3830; baseline 0.002 -22"><span class='ocrx_word' id='word_1_337' title='bbox 499 3750 628 3810; x_wconf 87' lang='lat' dir='ltr'><strong>Primum</strong></span> <span class='ocrx_word' id='word_1_338' title='bbox 647 3753 711 3830; x_wconf 91' lang='lat' dir='ltr'><strong>jam</strong></span> <span class='ocrx_word' id='word_1_339' title='bbox 733 3753 888 3830; x_wconf 77' lang='lat' dir='ltr'><strong>Keplerus,</strong></span> <span class='ocrx_word' id='word_1_340' title='bbox 901 3753 930 3812; x_wconf 90' lang='lat' dir='ltr'><strong>id</strong></span> <span class='ocrx_word' id='word_1_341' title='bbox 954 3756 1022 3830; x_wconf 90' lang='lat' dir='ltr'><strong>egit,</strong></span> <span class='ocrx_word' id='word_1_342' title='bbox 1047 3759 1079 3812; x_wconf 91' lang='lat' dir='ltr'><strong>nt</strong></span> <span class='ocrx_word' id='word_1_343' title='bbox 1101 3750 1273 3829; x_wconf 85' lang='lat' dir='ltr'><strong>explicaret,</strong></span> <span class='ocrx_word' id='word_1_344' title='bbox 1296 3764 1346 3811; x_wconf 87' lang='lat' dir='ltr'><strong>cur</strong></span> <span class='ocrx_word' id='word_1_345' title='bbox 1367 3760 1503 3828; x_wconf 87' lang='lat' dir='ltr'><strong>aspectus</strong></span> <span class='ocrx_word' id='word_1_346' title='bbox 1525 3753 1563 3811; x_wconf 87' lang='lat' dir='ltr'><strong>ab</strong></span> <span class='ocrx_word' id='word_1_347' title='bbox 1586 3751 1742 3828; x_wconf 87' lang='lat' dir='ltr'><strong>astrologis</strong></span> 
     </span>
     <span class='ocr_line' id='line_1_35' title="bbox 397 3838 1742 3918; baseline 0.001 -22"><span class='ocrx_word' id='word_1_348' title='bbox 397 3839 558 3914; x_wconf 88' lang='grc'>5511551155</span> <span class='ocrx_word' id='word_1_349' title='bbox 581 3838 680 3898; x_wconf 88' lang='lat' dir='ltr'><strong>traditi</strong></span> <span class='ocrx_word' id='word_1_350' title='bbox 702 3842 745 3901; x_wconf 90' lang='lat' dir='ltr'><strong>ita</strong></span> <span class='ocrx_word' id='word_1_351' title='bbox 767 3839 914 3916; x_wconf 88' lang='lat' dir='ltr'><strong>valerent,</strong></span> <span class='ocrx_word' id='word_1_352' title='bbox 944 3841 1035 3900; x_wconf 88' lang='lat' dir='ltr'><strong>utin</strong></span> <span class='ocrx_word' id='word_1_353' title='bbox 1064 3841 1231 3918; x_wconf 91' lang='lat' dir='ltr'><strong>praemissis</strong></span> <span class='ocrx_word' id='word_1_354' title='bbox 1253 3841 1317 3917; x_wconf 92' lang='lat' dir='ltr'><strong>ipse</strong></span> <span class='ocrx_word' id='word_1_355' title='bbox 1339 3844 1494 3913; x_wconf 88' lang='lat' dir='ltr'><strong>statuerat,</strong></span> <span class='ocrx_word' id='word_1_356' title='bbox 1527 3847 1557 3900; x_wconf 91' lang='grc'><strong>51</strong></span> <span class='ocrx_word' id='word_1_357' title='bbox 1577 3841 1742 3915; x_wconf 88' lang='grc'>1555155551,</span> 
     </span>
     <span class='ocr_line' id='line_1_36' title="bbox 396 3926 1742 4005; baseline 0.002 -23"><span class='ocrx_word' id='word_1_358' title='bbox 396 3942 465 3983; x_wconf 91' lang='lat' dir='ltr'><strong>num</strong></span> <span class='ocrx_word' id='word_1_359' title='bbox 482 3927 569 3985; x_wconf 90' lang='lat' dir='ltr'><strong>etiam</strong></span> <span class='ocrx_word' id='word_1_360' title='bbox 584 3926 645 4001; x_wconf 91' lang='lat' dir='ltr'><strong>alii,</strong></span> <span class='ocrx_word' id='word_1_361' title='bbox 668 3945 755 4004; x_wconf 89' lang='lat' dir='ltr'><strong>qnam</strong></span> <span class='ocrx_word' id='word_1_362' title='bbox 771 3931 820 4005; x_wconf 87' lang='lat' dir='ltr'><strong>qui</strong></span> <span class='ocrx_word' id='word_1_363' title='bbox 844 3927 941 3990; x_wconf 90' lang='lat' dir='ltr'><strong>adhuc</strong></span> <span class='ocrx_word' id='word_1_364' title='bbox 963 3936 1045 3988; x_wconf 91' lang='lat' dir='ltr'><strong>erant</strong></span> <span class='ocrx_word' id='word_1_365' title='bbox 1067 3926 1174 3999; x_wconf 88' lang='lat' dir='ltr'><strong>traditi,</strong></span> <span class='ocrx_word' id='word_1_366' title='bbox 1196 3927 1381 4005; x_wconf 88' lang='lat' dir='ltr'><strong>planetarum</strong></span> <span class='ocrx_word' id='word_1_367' title='bbox 1396 3928 1469 3985; x_wconf 90' lang='lat' dir='ltr'><strong>inter</strong></span> <span class='ocrx_word' id='word_1_368' title='bbox 1484 3944 1516 3986; x_wconf 90' lang='lat' dir='ltr'><strong>se</strong></span> <span class='ocrx_word' id='word_1_369' title='bbox 1531 3928 1604 3985; x_wconf 89' lang='lat' dir='ltr'><strong>situs</strong></span> <span class='ocrx_word' id='word_1_370' title='bbox 1619 3926 1742 3986; x_wconf 90' lang='lat' dir='ltr'><strong>eandem</strong></span> 
     </span>
     <span class='ocr_line' id='line_1_37' title="bbox 397 4012 1742 4094; baseline 0.002 -25"><span class='ocrx_word' id='word_1_371' title='bbox 397 4015 455 4071; x_wconf 85' lang='lat' dir='ltr'><strong>vim</strong></span> <span class='ocrx_word' id='word_1_372' title='bbox 490 4012 639 4084; x_wconf 87' lang='lat' dir='ltr'><strong>haherent.</strong></span> <span class='ocrx_word' id='word_1_373' title='bbox 696 4013 779 4091; x_wconf 89' lang='lat' dir='ltr'><strong>Quae</strong></span> <span class='ocrx_word' id='word_1_374' title='bbox 812 4017 999 4094; x_wconf 90' lang='lat' dir='ltr'><strong>quaestiones</strong></span> <span class='ocrx_word' id='word_1_375' title='bbox 1036 4032 1102 4075; x_wconf 89' lang='lat' dir='ltr'><strong>curn</strong></span> <span class='ocrx_word' id='word_1_376' title='bbox 1135 4012 1173 4074; x_wconf 87' lang='lat' dir='ltr'><strong>ad</strong></span> <span class='ocrx_word' id='word_1_377' title='bbox 1207 4013 1380 4074; x_wconf 86' lang='lat' dir='ltr'><strong>divisionem</strong></span> <span class='ocrx_word' id='word_1_378' title='bbox 1414 4012 1529 4088; x_wconf 90' lang='lat' dir='ltr'><strong>circuli,</strong></span> <span class='ocrx_word' id='word_1_379' title='bbox 1564 4014 1603 4073; x_wconf 90' lang='lat' dir='ltr'><strong>ad</strong></span> <span class='ocrx_word' id='word_1_380' title='bbox 1634 4015 1742 4091; x_wconf 85' lang='lat' dir='ltr'><strong>tignras</strong></span> 
     </span>
     <span class='ocr_line' id='line_1_38' title="bbox 397 4077 1741 4184; baseline 0.002 -28"><span class='ocrx_word' id='word_1_381' title='bbox 397 4077 544 4176; x_wconf 76' lang='lat' dir='ltr'><strong>regulares</strong></span> <span class='ocrx_word' id='word_1_382' title='bbox 566 4109 595 4162; x_wconf 91' lang='lat' dir='ltr'><strong>et</strong></span> <span class='ocrx_word' id='word_1_383' title='bbox 617 4118 747 4180; x_wconf 91' lang='lat' dir='ltr'><strong>corpora,</strong></span> <span class='ocrx_word' id='word_1_384' title='bbox 771 4101 809 4167; x_wconf 88' lang='lat' dir='ltr'><strong>ad</strong></span> <span class='ocrx_word' id='word_1_385' title='bbox 831 4120 920 4165; x_wconf 91' lang='lat' dir='ltr'><strong>sonos</strong></span> <span class='ocrx_word' id='word_1_386' title='bbox 942 4103 1127 4171; x_wconf 81' lang='lat' dir='ltr'><strong>harmonicen</strong></span> <span class='ocrx_word' id='word_1_387' title='bbox 1148 4099 1332 4162; x_wconf 85' lang='lat' dir='ltr'><strong>reduxerunt.</strong></span> <span class='ocrx_word' id='word_1_388' title='bbox 1370 4099 1417 4184; x_wconf 75' lang='lat' dir='ltr'><strong>Ad</strong></span> <span class='ocrx_word' id='word_1_389' title='bbox 1434 4100 1464 4159; x_wconf 90' lang='lat' dir='ltr'><strong>id</strong></span> <span class='ocrx_word' id='word_1_390' title='bbox 1481 4107 1593 4162; x_wconf 79' lang='lat' dir='ltr'><strong>veteres</strong></span> <span class='ocrx_word' id='word_1_391' title='bbox 1616 4101 1741 4162; x_wconf 86' lang='lat' dir='ltr'><strong>recolere</strong></span> 
     </span>
     <span class='ocr_line' id='line_1_39' title="bbox 398 4188 1796 4268; baseline -0.001 -21"><span class='ocrx_word' id='word_1_392' title='bbox 398 4189 501 4268; x_wconf 79' lang='lat' dir='ltr'><strong>epepit,</strong></span> <span class='ocrx_word' id='word_1_393' title='bbox 526 4204 591 4248; x_wconf 90' lang='lat' dir='ltr'><strong>cum</strong></span> <span class='ocrx_word' id='word_1_394' title='bbox 612 4189 834 4251; x_wconf 90' lang='lat' dir='ltr'><strong>mathematicos</strong></span> <span class='ocrx_word' id='word_1_395' title='bbox 857 4190 1017 4266; x_wconf 83' lang='lat' dir='ltr'><strong>Euclidem,</strong></span> <span class='ocrx_word' id='word_1_396' title='bbox 1038 4190 1186 4265; x_wconf 90' lang='lat' dir='ltr'><strong>Proclum,</strong></span> <span class='ocrx_word' id='word_1_397' title='bbox 1210 4188 1415 4265; x_wconf 87' lang='lat' dir='ltr'><strong>Apollonium,</strong></span> <span class='ocrx_word' id='word_1_398' title='bbox 1440 4188 1657 4263; x_wconf 80' lang='lat' dir='ltr'><strong>Archimedem,</strong></span> <span class='ocrx_word' id='word_1_399' title='bbox 1681 4196 1743 4246; x_wconf 91' lang='lat' dir='ltr'><strong>tum</strong></span> <span class='ocrx_word' id='word_1_400' title='bbox 1791 4188 1796 4202; x_wconf 97' lang='lat'><em>&#39;</em></span> 
     </span>
     <span class='ocr_line' id='line_1_40' title="bbox 398 4273 1741 4352; baseline -0.001 -19"><span class='ocrx_word' id='word_1_401' title='bbox 398 4273 562 4336; x_wconf 74' lang='lat' dir='ltr'><strong>Ptolemaei</strong></span> <span class='ocrx_word' id='word_1_402' title='bbox 584 4279 708 4336; x_wconf 86' lang='lat' dir='ltr'><strong>maxime</strong></span> <span class='ocrx_word' id='word_1_403' title='bbox 729 4277 930 4352; x_wconf 88' lang='lat' dir='ltr'><strong>Harmoniam,</strong></span> <span class='ocrx_word' id='word_1_404' title='bbox 953 4277 1086 4338; x_wconf 91' lang='lat' dir='ltr'><strong>Platonis</strong></span> <span class='ocrx_word' id='word_1_405' title='bbox 1109 4277 1272 4352; x_wconf 84' lang='lat' dir='ltr'><strong>Timaeum,</strong></span> <span class='ocrx_word' id='word_1_406' title='bbox 1296 4275 1481 4335; x_wconf 86' lang='lat' dir='ltr'><strong>Aristotelem</strong></span> <span class='ocrx_word' id='word_1_407' title='bbox 1504 4275 1646 4351; x_wconf 87' lang='lat' dir='ltr'><strong>aliosque.</strong></span> <span class='ocrx_word' id='word_1_408' title='bbox 1683 4273 1741 4334; x_wconf 87' lang='lat' dir='ltr'><strong>Sed</strong></span> 
     </span>
     <span class='ocr_line' id='line_1_41' title="bbox 397 4358 1742 4446; baseline 0.001 -27"><span class='ocrx_word' id='word_1_409' title='bbox 397 4362 551 4439; x_wconf 88' lang='lat' dir='ltr'><strong>plurimum</strong></span> <span class='ocrx_word' id='word_1_410' title='bbox 574 4358 713 4441; x_wconf 86' lang='lat' dir='ltr'><strong>temporis</strong></span> <span class='ocrx_word' id='word_1_411' title='bbox 736 4367 937 4428; x_wconf 84' lang='lat' dir='ltr'><strong>astronomicis</strong></span> <span class='ocrx_word' id='word_1_412' title='bbox 965 4365 1068 4426; x_wconf 89' lang='lat' dir='ltr'><strong>studiis</strong></span> <span class='ocrx_word' id='word_1_413' title='bbox 1096 4365 1257 4440; x_wconf 90' lang='lat' dir='ltr'><strong>insumens,</strong></span> <span class='ocrx_word' id='word_1_414' title='bbox 1287 4365 1438 4446; x_wconf 84' lang='lat' dir='ltr'><strong>intermitti</strong></span> <span class='ocrx_word' id='word_1_415' title='bbox 1462 4363 1512 4423; x_wconf 93' lang='lat' dir='ltr'><strong>illa</strong></span> <span class='ocrx_word' id='word_1_416' title='bbox 1535 4378 1742 4438; x_wconf 91' lang='lat' dir='ltr'><strong>nonnunquam</strong></span> 
     </span>
     <span class='ocr_line' id='line_1_42' title="bbox 397 4448 1741 4531; baseline 0 -23"><span class='ocrx_word' id='word_1_417' title='bbox 397 4468 515 4511; x_wconf 89' lang='lat' dir='ltr'><strong>necesse</strong></span> <span class='ocrx_word' id='word_1_418' title='bbox 538 4451 608 4526; x_wconf 89' lang='lat' dir='ltr'><strong>luit,</strong></span> <span class='ocrx_word' id='word_1_419' title='bbox 638 4469 815 4529; x_wconf 87' lang='lat' dir='ltr'><strong>quamquam</strong></span> <span class='ocrx_word' id='word_1_420' title='bbox 837 4471 894 4514; x_wconf 91' lang='lat' dir='ltr'><strong>aon</strong></span> <span class='ocrx_word' id='word_1_421' title='bbox 917 4470 1035 4531; x_wconf 89' lang='lat' dir='ltr'><strong>prorsus</strong></span> <span class='ocrx_word' id='word_1_422' title='bbox 1059 4455 1182 4513; x_wconf 82' lang='lat' dir='ltr'><strong>omisit&#39;</strong></span> <span class='ocrx_word' id='word_1_423' title='bbox 1210 4452 1243 4510; x_wconf 93' lang='lat' dir='ltr'><strong>ln</strong></span> <span class='ocrx_word' id='word_1_424' title='bbox 1267 4453 1402 4512; x_wconf 91' lang='lat' dir='ltr'><strong>omnibus</strong></span> <span class='ocrx_word' id='word_1_425' title='bbox 1426 4451 1542 4529; x_wconf 89' lang='lat' dir='ltr'><strong>quidem</strong></span> <span class='ocrx_word' id='word_1_426' title='bbox 1565 4449 1630 4524; x_wconf 90' lang='lat' dir='ltr'><strong>ejus</strong></span> <span class='ocrx_word' id='word_1_427' title='bbox 1649 4448 1741 4525; x_wconf 88' lang='lat' dir='ltr'><strong>libris,</strong></span> 
     </span>
     <span class='ocr_line' id='line_1_43' title="bbox 399 4536 1742 4621; baseline -0.001 -23"><span class='ocrx_word' id='word_1_428' title='bbox 399 4545 427 4598; x_wconf 90' lang='lat' dir='ltr'><strong>at</strong></span> <span class='ocrx_word' id='word_1_429' title='bbox 448 4539 477 4595; x_wconf 92' lang='lat' dir='ltr'><strong>in</strong></span> <span class='ocrx_word' id='word_1_430' title='bbox 507 4539 553 4614; x_wconf 91' lang='lat' dir='ltr'><strong>iis,</strong></span> <span class='ocrx_word' id='word_1_431' title='bbox 586 4556 660 4620; x_wconf 90' lang='lat' dir='ltr'><strong>quos</strong></span> <span class='ocrx_word' id='word_1_432' title='bbox 692 4557 779 4621; x_wconf 89' lang='lat' dir='ltr'><strong>supra</strong></span> <span class='ocrx_word' id='word_1_433' title='bbox 811 4539 945 4616; x_wconf 73' lang='lat' dir='ltr'><strong>dirimas,</strong></span> <span class='ocrx_word' id='word_1_434' title='bbox 979 4546 1008 4601; x_wconf 89' lang='grc'><strong>51</strong></span> <span class='ocrx_word' id='word_1_435' title='bbox 1037 4543 1067 4601; x_wconf 90' lang='grc'><strong>15</strong></span> <span class='ocrx_word' id='word_1_436' title='bbox 1096 4539 1217 4616; x_wconf 89' lang='lat' dir='ltr'><strong>Optica,</strong></span> <span class='ocrx_word' id='word_1_437' title='bbox 1250 4541 1280 4596; x_wconf 93' lang='lat' dir='ltr'><strong>in</strong></span> <span class='ocrx_word' id='word_1_438' title='bbox 1311 4539 1385 4599; x_wconf 90' lang='lat' dir='ltr'><strong>libro</strong></span> <span class='ocrx_word' id='word_1_439' title='bbox 1415 4537 1450 4596; x_wconf 91' lang='lat' dir='ltr'><strong>de</strong></span> <span class='ocrx_word' id='word_1_440' title='bbox 1480 4536 1585 4596; x_wconf 89' lang='lat' dir='ltr'><strong>Martis</strong></span> <span class='ocrx_word' id='word_1_441' title='bbox 1614 4538 1742 4597; x_wconf 91' lang='lat' dir='ltr'><strong>motibus</strong></span> 
     </span>
     <span class='ocr_line' id='line_1_44' title="bbox 399 4625 1802 4710; baseline -0.001 -24"><span class='ocrx_word' id='word_1_442' title='bbox 399 4627 576 4702; x_wconf 89' lang='lat' dir='ltr'><strong>conscripto,</strong></span> <span class='ocrx_word' id='word_1_443' title='bbox 607 4627 636 4684; x_wconf 92' lang='lat' dir='ltr'><strong>in</strong></span> <span class='ocrx_word' id='word_1_444' title='bbox 660 4627 899 4710; x_wconf 85' lang='lat' dir='ltr'><strong>liphemeridibus</strong></span> <span class='ocrx_word' id='word_1_445' title='bbox 918 4627 1067 4704; x_wconf 86' lang='lat' dir='ltr'><strong>aliisque,</strong></span> <span class='ocrx_word' id='word_1_446' title='bbox 1099 4625 1298 4707; x_wconf 80' lang='lat' dir='ltr'><strong>inliteratum</strong></span> <span class='ocrx_word' id='word_1_447' title='bbox 1322 4626 1493 4704; x_wconf 83' lang='lat' dir='ltr'><strong>commercio</strong></span> <span class='ocrx_word' id='word_1_448' title='bbox 1523 4625 1635 4698; x_wconf 84' lang='lat' dir='ltr'><strong>insunt,</strong></span> <span class='ocrx_word' id='word_1_449' title='bbox 1666 4642 1741 4702; x_wconf 89' lang='grc'>5555</span> <span class='ocrx_word' id='word_1_450' title='bbox 1798 4667 1802 4674; x_wconf 79' lang='lat'><strong>·</strong></span> 
     </span>
     <span class='ocr_line' id='line_1_45' title="bbox 399 4711 1741 4796; baseline -0.001 -24"><span class='ocrx_word' id='word_1_451' title='bbox 399 4719 538 4796; x_wconf 86' lang='lat' dir='ltr'><strong>testentur</strong></span> <span class='ocrx_word' id='word_1_452' title='bbox 554 4713 617 4790; x_wconf 88' lang='lat' dir='ltr'><strong>ejus</strong></span> <span class='ocrx_word' id='word_1_453' title='bbox 632 4713 768 4789; x_wconf 87' lang='lat' dir='ltr'><strong>studium,</strong></span> <span class='ocrx_word' id='word_1_454' title='bbox 792 4718 972 4794; x_wconf 90' lang='lat' dir='ltr'><strong>propositum</strong></span> <span class='ocrx_word' id='word_1_455' title='bbox 995 4713 1081 4777; x_wconf 84' lang='lat' dir='ltr'><strong>finem</strong></span> <span class='ocrx_word' id='word_1_456' title='bbox 1104 4713 1288 4792; x_wconf 87' lang='lat' dir='ltr'><strong>assequendi,</strong></span> <span class='ocrx_word' id='word_1_457' title='bbox 1312 4731 1388 4790; x_wconf 91' lang='lat' dir='ltr'><strong>qnae</strong></span> <span class='ocrx_word' id='word_1_458' title='bbox 1412 4711 1514 4771; x_wconf 90' lang='lat' dir='ltr'><strong>eadem</strong></span> <span class='ocrx_word' id='word_1_459' title='bbox 1537 4711 1741 4786; x_wconf 90' lang='lat' dir='ltr'><strong>demonstrent,</strong></span> 
     </span>
     <span class='ocr_line' id='line_1_46' title="bbox 400 4798 1739 4878; baseline -0.001 -18"><span class='ocrx_word' id='word_1_460' title='bbox 400 4799 554 4877; x_wconf 91' lang='lat' dir='ltr'><strong>quomodo,</strong></span> <span class='ocrx_word' id='word_1_461' title='bbox 579 4818 654 4878; x_wconf 89' lang='lat' dir='ltr'><strong>quae</strong></span> <span class='ocrx_word' id='word_1_462' title='bbox 677 4803 791 4874; x_wconf 88' lang='lat' dir='ltr'><strong>viderit,</strong></span> <span class='ocrx_word' id='word_1_463' title='bbox 821 4821 886 4876; x_wconf 84' lang='lat' dir='ltr'><strong>curn</strong></span> <span class='ocrx_word' id='word_1_464' title='bbox 909 4805 969 4863; x_wconf 90' lang='lat' dir='ltr'><strong>suis</strong></span> <span class='ocrx_word' id='word_1_465' title='bbox 991 4804 1143 4865; x_wconf 90' lang='lat' dir='ltr'><strong>sententiis</strong></span> <span class='ocrx_word' id='word_1_466' title='bbox 1166 4803 1367 4861; x_wconf 88' lang='lat' dir='ltr'><strong>astronomicis</strong></span> <span class='ocrx_word' id='word_1_467' title='bbox 1390 4798 1544 4860; x_wconf 89' lang='lat' dir='ltr'><strong>conciliare</strong></span> <span class='ocrx_word' id='word_1_468' title='bbox 1567 4805 1596 4862; x_wconf 91' lang='grc'><strong>51</strong></span> <span class='ocrx_word' id='word_1_469' title='bbox 1620 4798 1739 4878; x_wconf 67' lang='grc' dir='ltr'><strong>,15555α</strong></span> 
     </span>
     <span class='ocr_line' id='line_1_47' title="bbox 399 4886 1743 4967; baseline 0 -20"><span class='ocrx_word' id='word_1_470' title='bbox 399 4906 465 4948; x_wconf 89' lang='lat' dir='ltr'><strong>snas</strong></span> <span class='ocrx_word' id='word_1_471' title='bbox 489 4891 700 4949; x_wconf 87' lang='lat' dir='ltr'><strong>astronomicas</strong></span> <span class='ocrx_word' id='word_1_472' title='bbox 722 4891 866 4967; x_wconf 88' lang='lat' dir='ltr'><strong>adjunctis</strong></span> <span class='ocrx_word' id='word_1_473' title='bbox 888 4890 1057 4951; x_wconf 86' lang='lat' dir='ltr'><strong>harmoniae</strong></span> <span class='ocrx_word' id='word_1_474' title='bbox 1079 4889 1195 4966; x_wconf 88' lang='lat' dir='ltr'><strong>legibus</strong></span> <span class='ocrx_word' id='word_1_475' title='bbox 1209 4890 1240 4946; x_wconf 93' lang='grc'><strong>51</strong></span> <span class='ocrx_word' id='word_1_476' title='bbox 1255 4895 1283 4947; x_wconf 91' lang='grc'><strong>51</strong></span> <span class='ocrx_word' id='word_1_477' title='bbox 1298 4887 1471 4958; x_wconf 78' lang='lat' dir='ltr'><strong>auctoritate</strong></span> <span class='ocrx_word' id='word_1_478' title='bbox 1494 4886 1619 4966; x_wconf 88' lang='lat' dir='ltr'><strong>quadam</strong></span> <span class='ocrx_word' id='word_1_479' title='bbox 1641 4894 1743 4948; x_wconf 91' lang='lat' dir='ltr'><strong>sancta</strong></span> 
     </span>
     <span class='ocr_line' id='line_1_48' title="bbox 400 4973 1740 5054; baseline -0.004 -18"><span class='ocrx_word' id='word_1_480' title='bbox 400 4993 505 5052; x_wconf 91' lang='lat' dir='ltr'><strong>angere</strong></span> <span class='ocrx_word' id='word_1_481' title='bbox 535 4981 564 5034; x_wconf 91' lang='lat' dir='ltr'><strong>et</strong></span> <span class='ocrx_word' id='word_1_482' title='bbox 595 4993 695 5037; x_wconf 89' lang='lat' dir='ltr'><strong>ornare</strong></span> <span class='ocrx_word' id='word_1_483' title='bbox 724 4978 804 5038; x_wconf 82' lang='lat' dir='ltr'><strong>velit.</strong></span> <span class='ocrx_word' id='word_1_484' title='bbox 850 4977 1018 5038; x_wconf 80' lang='grc' dir='ltr'><strong>Ι15555555</strong></span> <span class='ocrx_word' id='word_1_485' title='bbox 1045 4977 1138 5039; x_wconf 78' lang='lat'><strong>1605.</strong></span> <span class='ocrx_word' id='word_1_486' title='bbox 1161 4975 1307 5050; x_wconf 89' lang='lat' dir='ltr'><strong>Keplerus</strong></span> <span class='ocrx_word' id='word_1_487' title='bbox 1329 4974 1427 5050; x_wconf 80' lang='lat' dir='ltr'><strong>Angla</strong></span> <span class='ocrx_word' id='word_1_488' title='bbox 1450 4973 1597 5054; x_wconf 84' lang='lat' dir='ltr'><strong>Haydono</strong></span> <span class='ocrx_word' id='word_1_489' title='bbox 1627 4975 1740 5034; x_wconf 89' lang='lat' dir='ltr'><strong>scribit:</strong></span> 
     </span>
     <span class='ocr_line' id='line_1_49' title="bbox 403 5061 1745 5143; baseline -0.001 -20"><span class='ocrx_word' id='word_1_490' title='bbox 403 5063 501 5138; x_wconf 86' lang='lat' dir='ltr'><strong>,Dens</strong></span> <span class='ocrx_word' id='word_1_491' title='bbox 530 5081 578 5124; x_wconf 91' lang='lat' dir='ltr'><strong>me</strong></span> <span class='ocrx_word' id='word_1_492' title='bbox 608 5082 643 5125; x_wconf 89' lang='grc'><strong>55</strong></span> <span class='ocrx_word' id='word_1_493' title='bbox 671 5066 849 5126; x_wconf 90' lang='lat' dir='ltr'><strong>astronomia</strong></span> <span class='ocrx_word' id='word_1_494' title='bbox 878 5065 1027 5143; x_wconf 87' lang='lat' dir='ltr'><strong>expediat,</strong></span> <span class='ocrx_word' id='word_1_495' title='bbox 1057 5073 1090 5125; x_wconf 92' lang='lat' dir='ltr'><strong>ut</strong></span> <span class='ocrx_word' id='word_1_496' title='bbox 1119 5061 1155 5123; x_wconf 92' lang='lat' dir='ltr'><strong>ad</strong></span> <span class='ocrx_word' id='word_1_497' title='bbox 1186 5080 1285 5122; x_wconf 91' lang='lat' dir='ltr'><strong>curam</strong></span> <span class='ocrx_word' id='word_1_498' title='bbox 1314 5064 1408 5140; x_wconf 90' lang='lat' dir='ltr'><strong>operis</strong></span> <span class='ocrx_word' id='word_1_499' title='bbox 1436 5065 1493 5122; x_wconf 92' lang='lat' dir='ltr'><strong>mei</strong></span> <span class='ocrx_word' id='word_1_500' title='bbox 1522 5062 1558 5122; x_wconf 91' lang='lat' dir='ltr'><strong>de</strong></span> <span class='ocrx_word' id='word_1_501' title='bbox 1580 5061 1745 5122; x_wconf 90' lang='lat' dir='ltr'><strong>Harmonia</strong></span> 
     </span>
     <span class='ocr_line' id='line_1_50' title="bbox 400 5147 1742 5228; baseline -0.001 -18"><span class='ocrx_word' id='word_1_502' title='bbox 400 5149 500 5210; x_wconf 89' lang='grc'>115511</span> <span class='ocrx_word' id='word_1_503' title='bbox 517 5155 700 5228; x_wconf 64' lang='lat' dir='ltr'><strong>convertan‘,</strong></span> <span class='ocrx_word' id='word_1_504' title='bbox 724 5161 753 5214; x_wconf 88' lang='lat' dir='ltr'><strong>et</strong></span> <span class='ocrx_word' id='word_1_505' title='bbox 775 5152 866 5228; x_wconf 88' lang='lat' dir='ltr'><strong>addit,</strong></span> <span class='ocrx_word' id='word_1_506' title='bbox 889 5154 985 5214; x_wconf 86' lang='lat' dir='ltr'><strong>animo</strong></span> <span class='ocrx_word' id='word_1_507' title='bbox 1008 5169 1040 5212; x_wconf 89' lang='lat' dir='ltr'><strong>se</strong></span> <span class='ocrx_word' id='word_1_508' title='bbox 1062 5151 1208 5224; x_wconf 88' lang='lat' dir='ltr'><strong>statuisse,</strong></span> <span class='ocrx_word' id='word_1_509' title='bbox 1231 5149 1288 5210; x_wconf 92' lang='lat' dir='ltr'><strong>hoc</strong></span> <span class='ocrx_word' id='word_1_510' title='bbox 1307 5167 1379 5228; x_wconf 90' lang='lat' dir='ltr'><strong>opus</strong></span> <span class='ocrx_word' id='word_1_511' title='bbox 1394 5149 1510 5210; x_wconf 79' lang='grc' dir='ltr'><strong>Ι1555155</strong></span> <span class='ocrx_word' id='word_1_512' title='bbox 1526 5148 1652 5227; x_wconf 82' lang='lat' dir='ltr'><strong>Angliae</strong></span> <span class='ocrx_word' id='word_1_513' title='bbox 1666 5147 1742 5224; x_wconf 88' lang='lat' dir='ltr'><strong>Regi</strong></span> 
     </span>
     <span class='ocr_line' id='line_1_51' title="bbox 402 5235 1740 5319; baseline 0 -23"><span class='ocrx_word' id='word_1_514' title='bbox 402 5237 541 5301; x_wconf 87' lang='lat' dir='ltr'><strong>dedicare.</strong></span> <span class='ocrx_word' id='word_1_515' title='bbox 597 5239 663 5303; x_wconf 87' lang='lat' dir='ltr'><strong>Hac</strong></span> <span class='ocrx_word' id='word_1_516' title='bbox 690 5239 815 5319; x_wconf 88' lang='lat' dir='ltr'><strong>epistola</strong></span> <span class='ocrx_word' id='word_1_517' title='bbox 843 5241 968 5318; x_wconf 90' lang='lat' dir='ltr'><strong>aliisque</strong></span> <span class='ocrx_word' id='word_1_518' title='bbox 996 5241 1081 5302; x_wconf 85' lang='lat' dir='ltr'><strong>affert</strong></span> <span class='ocrx_word' id='word_1_519' title='bbox 1108 5237 1253 5318; x_wconf 90' lang='lat' dir='ltr'><strong>quaedam</strong></span> <span class='ocrx_word' id='word_1_520' title='bbox 1276 5236 1312 5300; x_wconf 90' lang='grc'><strong>15</strong></span> <span class='ocrx_word' id='word_1_521' title='bbox 1334 5244 1504 5315; x_wconf 87' lang='lat' dir='ltr'><strong>argumento</strong></span> <span class='ocrx_word' id='word_1_522' title='bbox 1525 5235 1613 5314; x_wconf 84' lang='lat' dir='ltr'><strong>bajus</strong></span> <span class='ocrx_word' id='word_1_523' title='bbox 1635 5239 1740 5315; x_wconf 88' lang='lat' dir='ltr'><strong>operis,</strong></span> 
     </span>
    </p>
   </div>
   <div class='ocr_carea' id='block_1_3' title="bbox 0 0 2240 6192">
    <p class='ocr_par' dir='ltr' id='par_1_6' title="bbox 0 0 2240 6192">
     <span class='ocr_line' id='line_1_52' title="bbox 0 0 2240 6192; baseline 0 0"><span class='ocrx_word' id='word_1_524' title='bbox 0 0 2240 6192; x_wconf 95' lang='lat' dir='ltr'><strong> </strong></span> 
     </span>
    </p>
   </div>
  </div>
 </body>
</html>
