4467 6192
873 665 957 721 Liber
972 663 1022 720 111
1042 664 1132 736 capnt
1151 663 1184 722 V.
1559 667 1563 673 ’
1638 671 1698 732 tbi

349 841 489 908 cambus
512 844 679 919 obtutibus,
701 842 784 903 illam
804 841 898 902 veluti
921 861 958 905 cx
980 845 1139 906 virtutihus
1163 829 1366 922 cmubrhbus,
1388 846 1466 908 hanc
1486 813 1524 910 cr
1538 865 1703 910 consonan-
1804 805 1807 814 y

350 930 400 988 tim
422 929 604 992 animalibus
627 933 796 1010 compositis
807 927 907 1010 Hm),

436 1065 514 1121 Nota
530 1066 552 1122 1.
588 1067 621 1141 Iu
643 1042 697 1124 hcc
714 1069 812 1138 capite
829 1067 1002 1123 Ptolemaeus
1024 1066 1211 1123 demonstrare
1235 1069 1342 1132 nititur.
1366 1069 1512 1126 tremores
1530 1071 1637 1126 animae
1654 1071 1704 1126 ha·

346 1159 446 1198 manse
474 1144 596 1212 smgrslas
620 1147 695 1215 ipsas
722 1163 785 1203 cum
810 1147 867 1200 ruis
891 1146 1010 1216 propriis
1036 1146 1180 1214 speciebus
1198 1148 1271 1202 sarie
1289 1146 1471 1202 conformatas
1494 1155 1521 1203 et
1540 1150 1705 1204 commutas

269 1275 272 1281 ,
348 1237 412 1277 cese
430 1222 468 1278 ad
485 1222 607 1278 rationes
624 1225 805 1282 harmonicas.
842 1225 903 1293 Ego
922 1223 1100 1285 Harmonices
1119 1223 1165 1280 lib.
1184 1225 1230 1280 IV.
1249 1241 1308 1295 cup.
1328 1226 1359 1296 2,
1379 1226 1395 1282 3
1415 1234 1442 1283 ιι
1459 1227 1476 1282 i
1495 1226 1615 1296 ostendi,
1639 1233 1705 1296 qua·

348 1308 431 1354 tenus
451 1301 566 1356 concedi
582 1304 677 1371 possit,
696 1305 785 1373 ipsam
802 1303 908 1359 animae
926 1301 1252 1380 penitiorem'easeutiam
1271 1304 1420 1359 consistere
1438 1303 1466 1358 in
1478 1305 1658 1373 geometricis,
1677 1305 1705 1363 iu

348 1376 440 1448 figura
458 1395 498 1441 sc.
517 1380 612 1436 circuli
629 1380 705 1437 velut
722 1381 853 1438 abstracti
871 1398 887 1436 a
906 1382 1073 1452 quantitate,
1098 1382 1182 1451 inque
1199 1383 1422 1451 proportionibus
1439 1381 1616 1453 harmonicis,
1635 1398 1706 1453 quae

348 1464 416 1512 aunt
434 1472 471 1512 ex
483 1457 615 1514 divisione
633 1460 737 1525 circuli,
753 1468 889 1530 quatenus
906 1477 947 1518 sc.
967 1460 1058 1516 anima
1074 1467 1169 1516 nostra
1186 1469 1228 1518 est
1246 1462 1297 1516 Dei
1316 1462 1459 1531 occatoris,
1483 1462 1527 1518 cui
1544 1463 1598 1518 ista
1615 1461 1706 1518 omnia

349 1547 500 1594 coaeterna
517 1546 593 1606 sunt,
610 1538 709 1608 imago.
745 1542 783 1594 At
799 1539 829 1592 in
846 1555 876 1594 re
894 1540 1012 1595 obscura
1035 1553 1087 1594 neo
1103 1538 1144 1594 its
1162 1538 1287 1596 sensibus
1311 1540 1413 1596 nostris
1438 1540 1518 1595 obvia
1540 1557 1595 1596 non
1613 1546 1706 1610 potest

350 1633 413 1674 esse
432 1617 570 1673 dilucidus
587 1631 638 1685 per
654 1623 747 1685 partes
765 1617 887 1686 singulas
906 1615 1069 1687 explicatus.
1102 1619 1157 1675 Est
1174 1619 1243 1674 haec
1260 1619 1345 1674 saluti
1363 1620 1451 1676 formu
1462 1618 1552 1686 animi,
1571 1625 1706 1689 quatenns

349 1696 459 1752 animus
477 1696 506 1750 in
523 1711 632 1765 genere,
650 1711 701 1753 uec
717 1705 834 1766 possunt
851 1697 977 1754 diversae
987 1698 1179 1769 proportiones
1191 1701 1364 1756 harmonicae
1382 1699 1529 1754 indiceres
1545 1697 1708 1766 ejusmonia

351 1774 490 1830 distribui
528 1774 607 1842 Quod
626 1776 698 1832 euim
714 1775 855 1846 intelligit,
872 1777 902 1836 id
919 1777 995 1848 iacit,
1014 1784 1046 1832 nt
1063 1784 1107 1834 est
1125 1777 1283 1846 simpliciter
1301 1778 1418 1846 animus,
1442 1777 1515 1847 qued
1533 1792 1598 1831 sero
1616 1775 1707 1840 sentit,

351 1854 418 1909 iacit
442 1860 580 1922 qnatenus
604 1862 647 1910 est
671 1855 793 1924 corporis
817 1853 918 1922 iorma,
946 1863 977 1910 ut
995 1864 1024 1911 et
1041 1855 1119 1929 quoti,
1134 1855 1293 1912 recordetur
1314 1855 1431 1924 aliisque
1452 1854 1590 1912 habitibus
1608 1869 1707 1925 corpus

350 1934 466 1988 instruit
487 1942 661 2002 exercetque.
698 1935 766 1990 Cum
787 1934 846 2006 jam
871 1935 1083 1992 antecessissent
1105 1934 1134 1988 in
1159 1933 1354 1991 consututiom
1377 1933 1494 1988 bominis
1518 1942 1612 2004 partes
1629 1933 1707 2003 istae,

351 2028 454 2082 corpus
472 2013 620 2082 stenima,
644 2011 720 2083 leges
744 2014 827 2083 igitur
844 2015 951 2070 animae
969 2012 1190 2070 conformandae·
1203 2013 1232 2068 iu
1250 2009 1294 2068 his
1312 2013 1380 2082 ipsis
1405 2011 1625 2076 continebantur,
1652 2026 1708 2066 non

351 2091 380 2146 ιιι
398 2091 494 2161 aliquo
512 2090 719 2155 ¹hermeniarum
745 2093 907 2165 archetyp03
933 2111 997 2151 nam
1023 2092 1070 2148 nbi
1092 2099 1186 2160 partes
1206 2097 1235 2146 ct
1254 2091 1347 2146 munia
1374 2106 1407 2145 cx
1424 2089 1473 2146 uli
1491 2089 1639 2158 archetypo
1663 2088 1708 2146 de·

353 2176 510 2234 sumuntur,
527 2169 567 2225 ihi
583 2179 691 2239 oportet
709 2186 770 2228 csse
787 2172 941 2229 libertatem
958 2188 1077 2241 meram,
1101 2187 1152 2226 uec
1169 2171 1353 2242 praescriptus
1372 2185 1433 2226 esse
1449 2168 1526 2240 leges
1543 2168 1709 2237 antiquiores

353 2248 497 2316 magisque
517 2250 694 2306 neaensrics.
730 2251 793 2306 Non
810 2251 895 2322 igitur
912 2253 1002 2308 anima
1026 2253 1134 2308 diversa
1151 2249 1220 2306 haec
1243 2250 1357 2306 sortitur
1373 2249 1480 2318 nunia,
1505 2247 1570 2316 quia
1588 2248 1711 2303 divense

353 2335 419 2383 snut
436 2325 608 2396 barmoniae,
635 2328 684 2382 sed
709 2329 775 2398 quia
797 2329 837 2386 sic
859 2330 976 2398 requirit
999 2329 1126 2397 subjecta
1149 2325 1271 2383 materis.
1307 2327 1365 2383 Nec
1381 2327 1528 2396 quicquum
1554 2321 1664 2382 invenio
1682 2326 1710 2380 ir

353 2405 407 2463 hoc
424 2406 526 2476 capite,
545 2407 618 2476 qnod
635 2424 690 2464 non
708 2407 745 2462 sit
763 2416 901 2479 coactum
928 2409 1019 2465 omnia
1037 2414 1205 2478 peraguntur
1223 2405 1356 2475 analogiis
1379 2412 1409 2461 st
1429 2404 1559 2476 jucundis
1578 2403 1649 2460 circa
1665 2419 1712 2460 sas

353 2486 472 2542 lusibus.
508 2487 547 2540 m
564 2484 637 2554 quod
655 2490 739 2554 caput
755 2495 810 2556 cst,
836 2503 891 2542 non
914 2487 1064 2557 indicatur,
1089 2484 1225 2554 quomodo
1245 2485 1351 2550 animus
1373 2483 1518 2553 participet
1535 2481 1711 2552 longitndine,

353 2573 404 2620 aut
421 2565 574 2620 secunlum
598 2579 657 2619 eam
675 2573 766 2634 motu;
789 2573 821 2621 ut
842 2568 933 2638 posito
958 2565 1083 2635 subjecto
1101 2564 1209 2634 possint
1232 2564 1314 2619 ιιιιιιι
1337 2563 1493 2618 harmoniae
1512 2562 1589 2632 poni,
1611 2561 1713 2632 quippe

354 2642 427 2698 inter
447 2644 592 2712 terminos,
615 2644 732 2714 subjecti
750 2654 857 2716 partes,
884 2647 1034 2704 secundun
1052 2663 1085 2702 ea
1102 2660 1173 2716 quae
1191 2659 1251 2714 cap.
1269 2646 1294 2704 il.
1314 2643 1376 2699 libri
1394 2643 1439 2699 IV.
1466 2643 1609 2713 disputari.
1643 2643 1713 2698 Nam

300 2782 303 2785 ,
354 2720 433 2790 qnod
451 2735 504 2790 ego
527 2721 665 2779 inanima
687 2740 761 2796 pono
786 2725 941 2782 harmonias
967 2726 1156 2795 archetypicaa
1181 2723 1346 2789 formaliter,
1360 2724 1399 2779 Ιιιι
1423 2721 1554 2791 ostendo,
1577 2721 1713 2792 quomodo

353 2800 412 2869 bat,
432 2806 571 2868 quatenus
589 2817 626 2858 so
644 2801 738 2858 anima
755 2809 799 2859 est
817 2803 927 2872 quidam
946 2807 1025 2874 quasi
1044 2804 1177 2872 circulum
1209 2804 1236 2858 iu
1255 2801 1349 2858 circuli
1360 2802 1439 2858 senius
1457 2803 1605 2870 geometria
1621 2801 1714 2858 insunt

354 2895 452 2934 omnes
469 2880 589 2936 omnium
607 2880 808 2938 harmoniarum
827 2882 934 2938 termini
952 2883 1112 2940 differentiis
1132 2883 1316 2940 scientialibus
1335 2881 1445 2937 discreti
1466 2881 1552 2948 inque
1573 2892 1637 2936 aaut
1655 2880 1714 2936 lon·

353 2957 495 3026 maslines
514 2957 638 3016 dimensi.
676 2960 722 3016 Sic
739 2976 804 3021 sero
822 2978 917 3018 omnes
935 2963 1045 3018 omnino
1063 2962 1218 3018 humoniaa
1237 2978 1309 3033 porro
1324 2962 1352 3016 in
1363 2960 1445 3016 unica
1457 2959 1561 3014 ammae
1574 2957 1712 3028 facultate,

354 3052 395 3090 sc
412 3036 444 3089 in
461 3035 617 3108 intellectu,
636 3054 689 3094 non
709 3055 745 3094 ex
762 3040 877 3110 siugulis
895 3040 1017 3109 singulas
1033 3041 1180 3099 facultates
1197 3041 1293 3098 educo.
1329 3043 1431 3096 Demus
1444 3053 1527 3116 luero,
1552 3037 1612 3094 sine
1629 3053 1714 3107 qusn-

342 3115 486 3170 ·titat1bus
504 3115 634 3171 consutui
652 3131 735 3185 posse
751 3117 957 3186 proportionum
975 3121 1106 3176 terminos
1125 3120 1152 3176 iu
1165 3119 1268 3190 animm
1286 3121 1333 3188 qui
1352 3127 1416 3174 suut
1436 3118 1518 3187 igitur
1536 3133 1594 3174 nou
1607 3118 1715 3178 termini

248 3250 249 3257 ,
356 3195 522 3265 quantitatis
546 3193 823 3264 ejus‘iutellectualis
849 3199 949 3267 partis,
974 3198 1143 3268 respondent
1168 3199 1292 3255 terminis
1311 3199 1462 3267 diapason?
1498 3198 1541 3250 Au
1559 3195 1714 3254 intellectus

353 3291 413 3328 non
431 3289 464 3328 se
480 3275 541 3344 ipso
560 3274 704 3329 subsistit?
739 3276 783 3330 An
802 3277 843 3332 sic
858 3277 1009 3346 requiritur
1028 3275 1174 3347 duplicitas
1192 3277 1384 3348 principiorum
1404 3275 1439 3331 ad
1459 3291 1527 3342 snm,
1546 3281 1578 3332 nt
1595 3275 1649 3332 duo
1662 3281 1714 3330 ter·

354 3352 423 3406 mini
448 3351 485 3406 ad
509 3353 733 3422 proportionem?
769 3354 883 3421 Quare
908 3355 1063 3414 substantia
1080 3363 1254 3426 comparatur
1271 3357 1416 3415 relationi?
1452 3355 1482 3412 Si
1504 3355 1576 3408 inter
1593 3353 1714 3410 melleo

354 3439 415 3484 tum
440 3437 470 3486 ιι
491 3446 602 3487 sensum
624 3429 724 3488 inisset
750 3434 900 3489 constituta
923 3436 1061 3504 proportio
1088 3436 1193 3506 aliqua,
1221 3436 1388 3506 comparatio
1414 3435 1513 3490 iuiasct
1540 3431 1715 3490 emendatior.

354 3508 403 3564 Sic
421 3509 496 3564 enim
513 3509 655 3564 Platonem
672 3511 828 3582 accepimus
850 3527 1024 3581 comparasse
1040 3515 1126 3570 totius
1149 3516 1256 3570 animae
1283 3515 1503 3572 constitutionem
1527 3530 1591 3574 cnm
1607 3513 1715 3570 huno

248 3596 249 3607 ¹
355 3588 465 3645 uiarum
483 3587 602 3642 maxima
624 3594 653 3642 et
676 3589 888 3658 perfectissima,
916 3605 997 3660 quam
1022 3600 1128 3648 veteres
1150 3592 1278 3650 dixerunt
1300 3609 1361 3650 esse
1379 3591 1715 3662 diapason-epidiapentet

248 3694 249 3705 ι
355 3667 517 3734 secuudum
527 3667 637 3735 quidem
655 3669 692 3738 id,
712 3670 785 3737 quod
804 3671 894 3726 anima
912 3670 1074 3739 quantitatis
1091 3671 1177 3728 ricem
1195 3672 1307 3736 obtinet,
1326 3672 1353 3727 iu
1372 3679 1423 3741 cst,
1442 3670 1591 3728 secundum
1610 3669 1715 3731 animet

355 3745 520 3804 facultatem
537 3747 566 3810 in
583 3750 706 3818 corpore.
741 3749 812 3805 ilem
829 3750 901 3806 inter
919 3751 1011 3806 sedem
1030 3751 1119 3821 epatis
1138 3758 1166 3806 et
1184 3751 1276 3807 seticm
1294 3751 1385 3806 cordis
1402 3757 1446 3808 est
1458 3749 1548 3820 aliqua
1566 3755 1641 3805 certa
1657 3746 1716 3803 lou·

356 3823 464 3894 titudo,
484 3823 562 3892 cujus
580 3826 818 3895 duplumcirciter
835 3828 968 3892 estinter
985 3829 1079 3884 sedem
1096 3831 1186 3886 cordis
1204 3839 1233 3888 et
1249 3832 1342 3887 sedem
1360 3830 1473 3886 cerebri.
1510 3829 1584 3896 Ergo
1602 3843 1663 3882 cnm
1681 3824 1718 3880 sit

248 3960 249 3967 ,
356 3901 501 3957 rationalis
519 3903 724 3963 animaesedes
741 3906 770 3960 iu
788 3906 911 3976 cerebro,
929 3907 1073 3965 hascihilia
1092 3909 1120 3963 in
1131 3908 1222 3978 coris,
1241 3909 1477 3978 concupiscentiae
1488 3908 1518 3963 in
1530 3913 1619 3976 spate,
1637 3903 1716 3960 Pluto

355 3975 456 4034 statuit
473 3981 614 4036 rationalis
628 3982 663 4038 sd
675 3983 915 4053 concupiscibilem
928 3984 1088 4042 facultatem
1100 3988 1305 4056 proportionem
1314 4003 1376 4043 esse
1388 3985 1498 4058 triplam
1508 4001 1559 4042 seu
1572 3983 1716 4052 diapason-

357 4058 549 4134 eridianum,
576 4061 612 4116 ιιι
628 4063 793 4120 irascibilem
818 4063 929 4132 duplam
954 4081 1003 4118 seu
1022 4065 1162 4134 diqpason,
1181 4065 1325 4122 irascibilis
1350 4065 1385 4122 sd
1404 4061 1642 4133 concupiscibilem
1661 4059 1716 4113 dia·

248 4136 250 4149 ’
355 4147 444 4208 pente
461 4155 513 4194 seu
530 4140 750 4212 sesquialteram,
777 4151 805 4200 et
822 4143 874 4197 uisi
892 4158 936 4198 me
953 4144 1024 4200 saliit
1040 4146 1161 4215 animus,
1188 4146 1241 4202 hoc
1259 4147 1348 4215 ipsum
1373 4145 1425 4200 sibi
1442 4143 1529 4199 voluit
1544 4138 1717 4196 Ptolemaeus

356 4218 387 4272 in
404 4218 533 4276 lemmate
550 4219 631 4289 hujus
648 4221 763 4291 capitis,
784 4220 869 4292 itique
885 4222 984 4278 lemma
1002 4223 1089 4280 solum
1108 4225 1240 4295 scriptum
1257 4223 1382 4292 reliquit,
1408 4235 1559 4292 properans
1578 4218 1613 4274 ιιι
1631 4222 1716 4272 estru-
1789 4289 1791 4296 Α

356 4299 469 4355 uomica
486 4301 591 4371 capits3
615 4302 809 4370 superveniens
826 4318 890 4358 vero
908 4303 1090 4373 posteriorum
1109 4303 1207 4372 aliquis
1230 4312 1335 4360 textum
1353 4303 1450 4356 horum
1468 4299 1588 4369 capitum
1613 4312 1647 4351 ex
1665 4310 1716 4350 suo

357 4388 446 4448 captu
463 4379 643 4435 concinnavit
680 4377 713 4434 ιιι
731 4381 804 4435 enim
820 4381 911 4450 ipsum
928 4382 958 4437 in
975 4381 1080 4438 ultimis
1096 4379 1286 4440 astronomicis
1298 4381 1433 4452 capitibus
1450 4378 1582 4434 accidisse
1601 4379 1717 4430 commt-

449 4458 523 4513 Nota
540 4458 575 4512 11.
618 4455 793 4513 Differentiae
819 4475 888 4528 quas
911 4460 1000 4529 dicat,
1032 4461 1124 4516 statim
1148 4459 1271 4529 subjicit:
1298 4457 1525 4524 intellectualem,
1552 4453 1717 4522 sensitivam,

357 4533 540 4592 habitualem
577 4536 688 4606 Species
706 4553 771 4594 sero
788 4537 983 4606 intellectuslis
1001 4541 1124 4610 quidem:
1148 4541 1326 4606 intellectiva,
1344 4536 1545 4602 rauocinstivs,
1573 4532 1718 4604 ophratira,

359 4613 506 4684 creditira;
525 4617 671 4672 sensitivae
689 4615 781 4672 ranae
800 4619 960 4687 sensiones,
980 4627 1008 4674 et
1025 4621 1174 4677 habitualis
1194 4622 1308 4678 virtutes
1325 4617 1442 4674 morales
1460 4622 1511 4671 etc.
1721 4654 1733 4663 -

424 4745 429 4756 ,
449 4693 523 4750 Νοιι
540 4695 589 4750 111.
624 4697 770 4753 Primarias
787 4697 854 4755 iecit
869 4697 1090 4770 intellectualem,
1109 4700 1276 4766 comitivam,¹
1292 4695 1429 4764 moralem,
1448 4701 1480 4750 ut
1497 4691 1671 4749 secundarius
1685 4699 1718 4748 et

359 4774 473 4832 viliores
490 4775 675 4847 intelligamus
692 4779 891 4844 locomotivam,
917 4778 1037 4850 vitalem,
1055 4781 1221 4848 naturalemr
1244 4778 1307 4832 illae
1326 4776 1396 4831 enim
1414 4771 1528 4828 rationis
1550 4771 1636 4840 magis
1654 4779 1718 4828 suat

359 4845 511 4928 participes
530 4857 598 4927 ejus,
615 4875 687 4928 quae
705 4860 831 4917 ulscmm
847 4858 934 4914 utitur
950 4857 1068 4919 hominis
1084 4859 1206 4927 proprio.
1241 4856 1299 4912 Nos
1323 4868 1442 4910 summas
1464 4849 1578 4908 iacimus
1596 4849 1716 4908 intellec·

360 4945 420 4992 tum
443 4943 473 4992 ιι
494 4936 676 5007 voluntatem,
703 4939 827 5009 proxime
849 4937 1004 4992 interiorem
1028 4934 1202 5000 senmurum,
1229 4933 1337 5002 utrique
1362 4929 1545 5012 famulantem
1586 4928 1718 5020 Appellat

360 5017 446 5086 igitur
462 5014 645 5085 habitualem,
672 5033 754 5086 quam
771 5033 821 5074 nos
839 5015 1021 5082 voluntatem,
1046 5019 1076 5068 et
1091 5019 1157 5070 suut
1180 5010 1221 5070 illi
1242 5011 1298 5066 ιιι
1317 5012 1407 5080 iiozqv
1423 5007 1549 5078 habitus,
1572 5023 1620 5079 qur
1637 5007 1716 5066 nobis

361 5112 460 5154 mores.
498 5095 618 5153 fluentia
635 5097 681 5153 hic
697 5097 739 5152 illi
756 5112 811 5153 non
828 5101 871 5151 est
888 5093 960 5149 iuter
976 5091 1096 5148 habitus.
