4467 6192
860 617 945 680 nmer
960 618 993 677 v.
1012 618 1101 691 capus
1116 618 1166 674 111.
1296 644 1307 671 t
1629 625 1692 683 arr

337 797 442 867 intimo
467 795 589 869 Saturni
618 794 727 857 circulo
755 795 928 874 applicatis,
957 804 1058 857 centra
1079 797 1234 874 planorum
1255 798 1315 857 lere
1347 754 1467 873 tangere
1489 796 1618 863 medium
1639 798 1699 862 eir·
1768 838 1777 857 t

336 884 446 944 culum
462 882 562 961 Joris,
586 892 615 943 et
637 883 901 961 tenasinangulis
923 887 1026 945 intimo
1040 883 1128 944 «loris
1151 883 1259 946 circulo
1282 885 1494 961 insistentibus,
1517 894 1617 945 centra
1631 885 1698 962 pla·

338 988 448 1030 nomm
470 967 609 1031 trencin·
638 980 757 1047 tangere
785 972 845 1032 iere
868 972 972 1033 Martis
1000 972 1138 1033 circulum
1162 974 1317 1047 extimum3
1346 974 1389 1030 sic
1412 970 1542 1032 octaidri
1571 972 1697 1049 augulis,
1807 1038 1812 1044 ,

339 1076 376 1119 ex
399 1058 530 1135 Veneris
552 1074 727 1135 quocunque
757 1059 865 1119 circulo
888 1061 1075 1137 surgentibus
1097 1058 1177 1140 (sunt
1205 1062 1312 1119 etenim
1336 1072 1437 1118 omnes
1459 1068 1517 1121 tres
1546 1061 1576 1118 in
1600 1077 1697 1136 angu-

337 1147 502 1206 stissimum
533 1145 719 1209 intervallum
749 1144 880 1223 redacti),
912 1156 1012 1209 cauma
1040 1148 1194 1224 planorum
1233 1146 1462 1208 octae'dricorum
1489 1155 1641 1224 penetrare
1669 1152 1698 1207 ei

341 1232 519 1312 profundius
542 1233 718 1294 descendere
741 1235 816 1293 inira
838 1234 974 1295 Mercurii
1005 1235 1146 1300 circulum
1177 1235 1331 1315 extimum,
1360 1252 1455 1309 neque
1478 1244 1574 1299 tamen
1599 1236 1698 1295 venire

338 1339 436 1398 usque
470 1320 510 1379 ad
542 1322 672 1395 predium
698 1320 835 1380 Mercurii
867 1322 1023 1397 circulum,
1058 1323 1184 1400 denique
1216 1320 1492 1383 dodecaemreorum
1523 1320 1640 1398 quidem
1669 1328 1699 1382 et

338 1408 589 1471 bosaedrioomm
618 1402 731 1468 orbium
755 1411 1001 1486 proportionibus,
1032 1412 1106 1469 inter
1120 1429 1154 1473 se
1177 1408 1361 1485 aequalibus,
1387 1411 1517 1469 omnium
1547 1411 1697 1486 proximas

337 1514 405 1557 esec
427 1500 632 1572 proportiones
662 1513 715 1555 seu
737 1496 892 1556 intervalla
919 1499 994 1557 iuter
1016 1497 1121 1557 Martis
1153 1507 1182 1556 et
1203 1496 1331 1556 Telluris
1359 1498 1494 1572 interque
1518 1495 1643 1557 Telluris
1668 1502 1698 1557 el

339 1584 469 1645 Veneris
491 1582 624 1653 circulos,
648 1601 758 1660 easque
779 1586 861 1660 ipsas
883 1587 958 1644 iuter
980 1602 1012 1643 se
1034 1585 1169 1645 similiter
1191 1585 1340 1661 aequales,
1365 1586 1389 1641 si
1412 1584 1452 1642 ab
1475 1585 1576 1645 intimo
1592 1582 1697 1645 Martis

339 1671 378 1733 ad
402 1670 535 1731 medinm
556 1670 693 1743 Telluris,
717 1671 855 1731 emedio
878 1688 948 1732 vero
972 1670 1099 1731 Telluris
1123 1672 1159 1732 ad
1182 1671 1311 1731 medium
1331 1670 1454 1731 Veneris
1477 1680 1700 1748 computemus;

341 1758 474 1819 Telluris
505 1760 582 1818 enim
609 1758 736 1818 medium
766 1758 952 1821 intervallum
980 1768 1026 1819 est
1053 1758 1181 1819 medium
1204 1757 1420 1837 proportionale
1448 1758 1525 1819 inter
1546 1760 1697 1819 minimum

342 1847 452 1905 uaros
475 1855 505 1906 et
526 1844 655 1905 modium
676 1846 817 1919 Veneris3
848 1854 977 1907 attamen
1006 1846 1061 1907 has
1084 1847 1160 1907 duaa
1187 1848 1389 1923 proportiones
1418 1847 1493 1909 iuter
1514 1844 1697 1924 planetarum

346 1934 477 1995 circulos
500 1933 597 1993 adbuc
619 1950 683 1993 esse
706 1934 853 2008 majores,
880 1952 968 2011 qaam
992 1943 1059 1994 suut
1089 1936 1223 1995 binorum
1253 1932 1369 1993 illorum
1399 1930 1550 2008 infigaris
1573 1934 1696 2008 orbium,

346 2026 392 2082 sic
421 2030 455 2080 ut
481 2020 636 2097 plsnmum
659 2020 835 2081 dodemedri
864 2030 964 2082 centra
994 2038 1052 2081 oon
1082 2030 1205 2097 tangant
1234 2020 1375 2081 circulum
1397 2022 1537 2080 extimum
1560 2018 1696 2097 Telluris,

341 2126 442 2195 neque
470 2108 714 2168 ioosaedrieomm
745 2108 898 2184 planemm
926 2117 1026 2169 centra
1055 2108 1194 2171 circulum
1224 2110 1365 2168 extimum
1393 2108 1531 2183 Veserm
1562 2106 1615 2167 sed
1643 2125 1697 2169 nec

341 2196 457 2273 expleri
480 2196 559 2255 buno
581 2196 692 2255 hiatum
715 2212 767 2272 per
789 2195 1038 2257 semidiametrum
1061 2198 1139 2257 orbis
1163 2196 1279 2270 Lunae,
1303 2213 1392 2273 supra
1414 2193 1545 2255 additam
1568 2194 1696 2257 Telluris

342 2283 503 2343 intervallo
526 2286 667 2356 maximo,
691 2284 767 2341 inira
789 2302 859 2343 vero
881 2283 1029 2344 ademtam
1051 2284 1182 2360 ejusdem
1205 2286 1336 2344 minimo.
1372 2281 1431 2343 Sed
1446 2282 1534 2342 aliam
1549 2283 1697 2359 quandam

343 2368 535 2447 deprehende
566 2373 784 2447 proportionem
812 2370 978 2447 figuralem,
1013 2374 1038 2431 si
1066 2388 1171 2447 nempe
1201 2380 1319 2431 austum
1353 2369 1555 2431 dodeeae'dron
1579 2372 1628 2439 (eg.
1642 2373 1696 2445 ii),

343 2462 391 2519 cui
416 2475 523 2518 nomeu
547 2458 651 2519 echino
673 2458 728 2517 ieci
750 2453 979 2539 (conformatum
1001 2458 1114 2519 scilieet
1137 2457 1350 2526 exduodeeim
1370 2458 1465 2518 stellis
1488 2459 1697 2535 quinquangu-

344 2545 460 2605 laribus
482 2562 578 2622 eoque
594 2547 758 2622 proximum
773 2547 903 2623 quinque
920 2545 1089 2623 c'orporibus
1104 2546 1310 2622 regularibus),
1334 2545 1398 2618 hoe,
1423 2547 1551 2621 inquam,
1574 2547 1601 2604 si
1621 2544 1697 2606 duo·

345 2634 445 2693 decim
468 2643 623 2695 mucrones
646 2649 717 2691 suos
739 2632 863 2693 collocet
885 2636 914 2690 in
938 2633 1045 2694 circulo
1068 2632 1173 2693 Martis
1195 2636 1314 2712 intimo,
1345 2641 1414 2693 tunc
1435 2632 1530 2693 latera
1550 2639 1697 2711 pentago-

344 2739 471 2793 norum,
495 2722 546 2797 qui
568 2720 676 2795 singuli
699 2720 880 2797 singulorum
902 2721 1048 2781 radiorum
1071 2739 1125 2781 seu
1146 2738 1316 2781 mucronum
1339 2728 1406 2784 suut
1428 2721 1529 2794 bases,
1553 2722 1697 2797 attingere

343 2808 479 2868 medium
501 2808 639 2867 circulum
662 2808 794 2867 Veneris.
839 2809 987 2869 Breviter:
1019 2809 1111 2869 cubus
1143 2818 1173 2871 et
1194 2808 1350 2871 octaedrou
1374 2808 1514 2885 conjuges
1543 2814 1698 2884 penetrant

343 2912 416 2957 suos
438 2896 619 2974 planetarios
641 2895 726 2955 orbes
748 2895 892 2969 nonnihil,
913 2896 1115 2957 dodeea'edron
1139 2905 1169 2959 et
1189 2896 1360 2973 icosa‘e‘dron
1376 2896 1516 2973 conjuges
1534 2912 1593 2953 uon
1606 2894 1697 2971 plano
1802 2914 1804 2919 ·

342 2992 544 3059 assequuntur
566 3000 645 3055 suos,
667 2982 832 3046 tetraidron
855 2987 984 3061 praecise
1006 2987 1101 3060 tangit
1124 2990 1291 3060 utrumque,
1316 2982 1377 3042 illic
1398 2984 1508 3055 miuus,
1530 2983 1597 3045 istic
1618 2980 1695 3059 plus,

345 3071 396 3133 bic
418 3071 547 3147 aequale
570 3079 614 3135 est
635 3071 664 3128 iu
682 3069 871 3147 planetarum
894 3072 1065 3131 intervallis.
1649 3122 1652 3139 ι
1693 3092 1719 3135 ,“

433 3159 480 3217 Ex
502 3158 566 3234 qua‘
583 3176 614 3219 re
637 3165 731 3235 patet,
759 3160 960 3235 proportiones
988 3160 1150 3236 ipsissimas
1179 3156 1399 3221 intervallorum
1427 3154 1656 3233 planetariorum
1678 3174 1698 3217 a

343 3246 418 3307 Sole
447 3264 487 3305 ex
513 3245 585 3305 solis
614 3244 714 3321 figuris
745 3247 928 3322 regularibus
950 3246 1098 3307 desumtae
1130 3261 1188 3304 uon
1217 3262 1296 3319 esse;
1327 3261 1386 3303 uon
1410 3240 1526 3325 aberrat
1548 3244 1626 3304 enim
1655 3242 1695 3303 ab
1784 3274 1788 3282 ·

344 3334 509 3411 archetypo
533 3349 587 3392 suo
603 3332 731 3404 Creator,
754 3336 930 3408 geometriae
952 3334 1018 3393 iens
1032 3333 1204 3411 ipsissimus,
1228 3339 1266 3405 et,
1291 3338 1323 3390 ut
1337 3331 1424 3390 Plato
1446 3331 1571 3406 scripsit,
1595 3336 1694 3391 oeter-

343 3440 424 3481 nom
441 3437 583 3480 exeram
603 3423 807 3495 geometriam.
852 3420 890 3479 Et
911 3423 1009 3499 potuit
1030 3438 1101 3481 saue
1123 3420 1180 3479 hoo
1194 3422 1290 3497 ipsum
1311 3418 1409 3494 colligi
1433 3416 1480 3477 rel
1495 3434 1531 3476 ex
1547 3434 1592 3491 eo,
1615 3416 1695 3495 quod

342 3510 487 3587 planetae
511 3524 611 3567 omues
633 3506 789 3567 intervalla
810 3525 862 3584 per
883 3516 977 3568 certas
999 3516 1161 3586 temporum
1182 3506 1318 3584 periodos
1337 3512 1458 3578 mutant,
1482 3506 1524 3565 sic
1547 3512 1580 3564 ut
1601 3523 1696 3564 uuus·

343 3599 476 3672 quisque
499 3593 559 3658 duo
579 3593 688 3655 habeat
710 3596 836 3671 iusignia
857 3582 1012 3656 intervalla
1033 3615 1051 3656 a
1073 3595 1152 3669 Sole,
1176 3592 1333 3653 maximum
1357 3600 1385 3651 et
1407 3592 1566 3665 minimum,
1592 3592 1696 3653 datur-

344 3700 406 3761 que
433 3686 511 3741 iuter
537 3684 622 3743 binos
650 3681 783 3759 planetas
812 3686 992 3760 comparatio
1023 3682 1243 3743 intervallomm
1272 3700 1291 3741 a
1321 3680 1390 3739 Sole
1418 3679 1616 3757 quadmplex,
1646 3678 1695 3741 rel

341 3772 543 3831 maximorum
573 3768 621 3827 rel
650 3771 835 3829 minimorum
869 3771 918 3829 rel
947 3774 1155 3831 contrariorum
1191 3770 1450 3829 remotissimorum
1478 3771 1553 3847 inter
1582 3784 1614 3827 se
1644 3766 1694 3827 rel

341 3859 562 3937 proximorum
585 3860 627 3915 ite
648 3856 722 3915 fiunt
743 3858 877 3923 binomm
900 3866 930 3917 et
952 3859 1085 3918 binorum
1107 3860 1268 3917 vicinorum
1293 3856 1476 3932 planetarum
1499 3855 1695 3931 comparatio·

340 3964 397 4007 uas
419 3962 543 4006 numero
566 3946 684 4021 viginti,
708 3962 773 4004 cum
797 3962 812 4004 e
835 3948 979 4004 contrario
1001 3944 1111 4021 figurae
1134 3943 1246 4007 solidae
1272 3943 1368 4005 solum
1390 3943 1518 4018 quinque
1540 3944 1608 4002 siut
1653 3940 1695 4001 At

341 4050 418 4094 vero
441 4040 671 4092 consentaneum
693 4040 753 4106 est,
785 4031 965 4105 Creatorem,
995 4035 1019 4091 si
1048 4050 1145 4092 curam
1176 4030 1279 4091 habuit
1306 4031 1503 4107 proportionis
1527 4029 1642 4089 orbium
1663 4030 1695 4087 in

340 4137 467 4198 genere,
490 4137 587 4179 curam
610 4122 699 4178 etiam
721 4117 860 4179 babuisse
883 4121 1085 4196 proportionis,
1109 4126 1245 4196 quaeest
1268 4120 1342 4178 inter
1355 4115 1535 4193 singulorum
1550 4119 1579 4175 in
1595 4117 1694 4194 specio

342 4206 507 4268 intervalla
528 4208 682 4285 variantia,
705 4223 828 4282 eamque
851 4224 950 4266 curam
973 4209 1108 4283 utrinque
1131 4204 1252 4265 eandem
1267 4222 1331 4265 esse
1354 4204 1533 4281 alteramque
1549 4222 1585 4265 ex
1600 4203 1694 4266 altera

342 4298 443 4367 necti,
463 4312 526 4370 quo
548 4311 691 4371 perpenso
714 4294 910 4354 obtinebimus
932 4312 1004 4355 sane
1026 4304 1057 4353 et
1077 4295 1149 4366 boo,
1177 4292 1256 4369 quod
1278 4292 1315 4352 ad
1339 4291 1556 4353 constituendas
1580 4291 1694 4350 orbium

340 4393 373 4443 et
406 4382 567 4442 diametros
595 4389 625 4441 et
653 4382 882 4441 eceentricitates
905 4382 1031 4457 junctim
1059 4381 1191 4459 pluribus
1221 4383 1261 4441 sit
1282 4397 1357 4459 opus
1385 4381 1549 4457 principiis,
1580 4384 1693 4456 praeter

340 4474 480 4549 quinque
501 4467 646 4545 regularia
668 4486 798 4544 corpora.

436 4554 561 4631 Quinto,
590 4566 622 4614 ut
644 4555 682 4615 ad
702 4564 806 4615 motus
827 4557 993 4630 veniamus,
1023 4558 1098 4617 inter
1120 4572 1194 4632 quos
1223 4550 1396 4617 consutitias
1425 4560 1493 4613 sunt
1514 4551 1692 4629 barmoniae,

340 4662 465 4707 rursum
488 4643 602 4703 inculco
630 4643 749 4717 lectori,
772 4643 1001 4703 demonstratum
1031 4661 1095 4703 esse
1123 4661 1209 4703 ame
1236 4645 1265 4702 in
1288 4641 1508 4703 Commentariis
1537 4637 1573 4698 de
1596 4636 1692 4699 Marte

340 4754 380 4795 ex
420 4732 590 4797 senissimis
618 4730 726 4798 Brabei
759 4732 1027 4800 observationibus,
1062 4729 1141 4806 quod
1169 4746 1254 4789 arcus
1287 4728 1380 4793 diurni
1414 4724 1553 4802 aequales
1581 4726 1609 4785 iu
1642 4742 1692 4787 ec-

340 4822 477 4883 ceutrico
500 4835 558 4878 uuo
581 4826 611 4879 et
633 4817 736 4877 eodem
757 4834 816 4877 nou
840 4818 956 4894 aequali
978 4825 1161 4895 permeentur
1184 4816 1345 4888 celeritate,
1376 4812 1427 4873 sed
1460 4813 1539 4889 quod
1563 4813 1620 4873 bae
1643 4810 1691 4872 di·

339 4924 453 4970 versae
474 4923 578 4984 meroe
590 4907 626 4976 ‚in
638 4906 778 4981 poetibos
793 4905 970 4982 aequalibus
988 4906 1141 4964 eacantrioi
1160 4900 1312 4963 observ'mt
1325 4903 1551 4979 proportionem
1564 4918 1691 4961 morum

340 4994 582 5056 intercederem
604 5012 626 5051 a
649 4992 732 5067 Sole,
755 4994 835 5053 ionte
856 5000 968 5065 moius3
999 4999 1029 5052 et
1050 4992 1195 5064 vicissim,
1222 4987 1302 5065 quod
1324 4990 1483 5067 suppositis
1512 4988 1691 5066 temporibus

342 5080 534 5160 aequalibus,
556 5086 630 5157 puta
651 5097 710 5141 ono
732 5080 780 5141 die
802 5079 929 5142 naturali
950 5080 1101 5155 utrinque,
1131 5076 1340 5159 respondentes
1365 5078 1401 5143 iis¹
1422 5076 1528 5149 disrari
1549 5078 1614 5147 ueri
1636 5092 1691 5137 on-
