4467 6192
891 577 1198 698 libarV.Gaputh.
1408 631 1431 707 j
1545 573 1548 590 Ι
1654 639 1715 698 ³11

444 802 603 874 liemcule
619 801 718 861 durum
735 816 822 872 genu
841 801 1072 872 estsphsliorum
1094 809 1217 866 ιιιιιιιι
1236 803 1391 874 proprium,
1415 803 1497 859 molle
1514 805 1716 876 periheliorurn,

355 895 407 950 per
424 880 620 950 praemissam,
639 880 740 950 aphelii
758 894 822 935 vero
841 884 905 934 sunt
920 879 1056 936 tardiores
1075 888 1103 936 et
1121 882 1259 950 graviores
1276 880 1434 952 periheliis,
1456 884 1558 944 ‚durum
1575 885 1718 956 igiturest

355 965 486 1014 ιιοιιιιιιι
507 959 673 1025 tardiorum,
696 958 779 1013 molle
802 958 972 1014 celeriorem.
1007 960 1092 1028 Atqui
1114 961 1150 1016 ad
1167 961 1265 1016 tardos
1283 969 1374 1016 motus
1399 962 1558 1020 familiarius
1584 965 1718 1021 sehabet

354 1038 533 1108 planetarum
551 1037 666 1097 duorum
684 1038 824 1106 superior,
851 1036 885 1092 sd
902 1036 1006 1095 celeres
1021 1037 1150 1108 inferior,
1175 1040 1238 1108 quio
1256 1055 1363 1112 semper
1381 1041 1409 1093 in
1427 1042 1527 1099 mundo
1547 1042 1717 1099 altitudinem

354 1117 538 1186 consequitur
560 1125 652 1173 motus
666 1115 773 1186 'proprii
799 1114 922 1172 tarditas.
960 1115 1035 1186 Ergo
1054 1119 1135 1174 etiam
1160 1117 1195 1172 ad
1220 1118 1317 1176 durum
1340 1118 1430 1176 scalae
1455 1135 1540 1188 genus
1559 1119 1717 1178 familiarius

355 1211 385 1252 se
404 1197 495 1252 habet
512 1195 642 1264 duorum,
668 1193 714 1266 qui
733 1195 840 1266 utrique
858 1211 888 1248 se
907 1196 1113 1251 accommodant
1131 1196 1238 1266 generi,
1256 1197 1279 1251 is
1298 1197 1343 1266 qui
1363 1198 1498 1268 superior,
1525 1198 1559 1253 ad
1577 1201 1659 1255 molle
1683 1200 1715 1268 is,

355 1276 403 1345 qui
420 1275 545 1328 inferior.
581 1271 722 1344 Amplius,
745 1272 843 1327 durum
861 1288 946 1341 genus
964 1274 1051 1328 utitur
1068 1273 1217 1330 intervallis
1236 1273 1384 1344 majoribus
1402 1277 1435 1344 11,
1455 1283 1483 1330 ιι
1501 1277 1548 1347 il„
1570 1277 1651 1333 molle
1669 1277 1717 1333 mi·

354 1355 471 1410 notibus
490 1356 525 1424 ι1,
544 1363 572 1409 et
590 1351 636 1419 11,.
673 1352 757 1421 Atqui
770 1351 850 1406 etiam
870 1353 994 1420 superior
1012 1351 1123 1422 planeta
1141 1360 1169 1410 ιι
1186 1355 1316 1424 majorem
1329 1356 1420 1410 orbem
1433 1354 1515 1410 hebet
1533 1363 1561 1412 et
1572 1357 1716 1423 tardiores,

353 1431 448 1488 idest
468 1432 588 1499 maiam
605 1438 711 1499 motus,
737 1429 967 1500 prolixioremque
991 1430 1145 1502 circuitum,
1176 1433 1274 1504 quihus
1299 1448 1363 1489 vero
1389 1434 1516 1503 utrinque
1533 1441 1632 1506 magna
1653 1452 1715 1493 cou-

354 1513 485 1578 reniunt,
502 1511 639 1567 illalnter
657 1526 688 1566 ss
705 1509 866 1566 familiarius
884 1516 992 1566 coeunt.

446 1591 676 1680 Propositio
699 1601 836 1661 XXXV.
881 1600 1026 1662 Saturnus
1060 1618 1126 1662 cum
1148 1601 1266 1664 Tellure
1290 1603 1392 1664 durum
1415 1623 1508 1684 genus
1531 1609 1715 1686 amplectun-

355 1701 402 1750 tur
426 1689 619 1770 iamiliarius,
640 1688 758 1768 Jupiter
781 1707 848 1750 cum
871 1689 986 1750 Venere
1008 1707 1102 1768 genus
1125 1689 1222 1750 molle.

444 1791 516 1847 liam
539 1789 628 1860 primo
645 1789 739 1844 'relius
765 1804 827 1845 cum
845 1790 952 1844 Venere
978 1797 1135 1859 comparata
1161 1799 1190 1846 ιι
1207 1807 1267 1846 ιιι
1286 1791 1380 1848 eadem
1403 1799 1548 1865 utrumqne
1565 1797 1651 1864 gorius
1670 1797 1716 1854 de·

355 1871 471 1940 signans
488 1871 614 1940 superior
632 1876 683 1934 est,
701 1870 786 1924 Terra
802 1868 886 1936 igitur
903 1869 999 1923 durum
1018 1870 1188 1938 potissimum
1207 1887 1293 1938 genus
1310 1873 1494 1942 amplectitur,
1519 1875 1612 1930 Venus
1630 1891 1714 1943 penus

354 1949 450 2014 molle,
469 1965 521 2018 per
537 1950 723 2018 praemissam.
758 1948 892 2003 Saturnus
915 1963 979 2003 vero
997 1949 1107 2019 aphelio
1132 1965 1181 2004 auo
1207 1966 1257 2020 per
1275 1951 1405 2021 diapason
1424 1961 1556 2009 consonat
1573 1970 1633 2009 cum
1653 1957 1715 2012 Tel·

353 2028 423 2084 luris
443 2027 553 2098 aphelio
571 2043 621 2096 per
637 2043 678 2097 pr.
693 2028 744 2096 31,
772 2043 856 2096 quare
874 2027 955 2081 etiarn
975 2027 1108 2082 Saturnus
1128 2045 1177 2096 per
1193 2045 1234 2099 pr.
1249 2029 1290 2085 33.
1309 2029 1406 2084 durum
1429 2045 1514 2101 genus
1532 2032 1714 2102 amplectitur.

353 2107 465 2163 Deinde
482 2108 616 2163 Saturnus
634 2105 743 2175 aphalio
754 2113 846 2173 motu,
864 2118 915 2174 per
932 2105 1059 2173 eandem,
1078 2105 1152 2162 forst
1169 2108 1255 2178 magis
1273 2123 1360 2179 genus
1378 2110 1489 2179 durum,
1507 2112 1612 2180 respuit
1629 2127 1714 2180 genus

352 2185 454 2254 molle,
472 2201 523 2256 per
540 2199 581 2254 pr
601 2183 651 2253 32,
678 2184 763 2240 habet
781 2199 812 2238 se
829 2183 915 2254 igitur
930 2185 1092 2243 familiarius
1111 2187 1146 2242 ad
1165 2201 1250 2255 genus
1270 2187 1375 2257 durum,
1395 2203 1477 2257 quam
1495 2188 1529 2248 ad
1543 2191 1633 2284 molis,
1651 2191 1715 2261 quia

353 2280 459 2332 genera
473 2264 585 2334 proprie
603 2262 782 2333 designantur
798 2262 918 2318 motibus
936 2266 1073 2320 extremis.
1138 2289 1140 2292 ·

442 2341 507 2396 Jam
524 2341 599 2412 qnod
616 2341 712 2396 Jorern
731 2342 842 2410 ιιιιιιι,
868 2342 892 2396 ιι
909 2343 938 2396 in
956 2344 1160 2413 comparatione
1178 2361 1239 2399 cum
1259 2345 1376 2400 Saturno
1395 2351 1438 2401 est
1453 2291 1576 2407 inferior
1600 2362 1666 2418 ergo
1683 2356 1714 2404 ut

352 2423 476 2475 Saturno
494 2420 611 2476 debetur
628 2422 726 2476 durum
744 2430 842 2492 genus,
862 2421 903 2476 sic
919 2422 982 2476 Jori
999 2422 1115 2478 debetur
1132 2422 1213 2477 molle
1219 2439 1295 2492 ,per
1313 2425 1496 2492 praemissam.

443 2511 675 2588 Propositio
698 2510 852 2573 xxxvl.
896 2511 985 2572 doris
1014 2521 1111 2572 motus
1138 2513 1298 2591 perihelins
1325 2535 1412 2576 &oum
1426 2517 1566 2595 perihelio
1589 2517 1713 2580 Veneris

352 2601 381 2656 ιι
416 2617 508 2658 unam
537 2599 647 2660 scalam
678 2600 836 2672 musicam,
867 2606 899 2658 at
926 2617 984 2660 oon
1014 2603 1103 2672 etiam
1131 2603 1160 2660 in
1190 2602 1312 2662 eaodem
1340 2603 1525 2664 harmoniam
1548 2609 1713 2683 conspirare

352 2685 477 2761 debuit,
500 2688 656 2765 multoque
677 2690 773 2749 miuus
794 2687 851 2746 hoc
874 2703 939 2746 com
964 2687 1103 2766 perihelio
1127 2687 1310 2748 Telluris..

442 2770 514 2826 Nam
533 2771 596 2840 qrria
614 2771 725 2840 Jupiter
742 2768 892 2834 debebatur
908 2771 1002 2839 generi
1019 2771 1093 2826 molli
1110 2771 1296 2843 potissimum,
1315 2788 1365 2846 per
1382 2774 1571 2843 praemissam,
1591 2775 1631 2829 illi
1649 2793 1712 2833 vero

351 2849 504 2905 familiares
518 2857 586 2904 sunt
604 2856 693 2902 motus
712 2843 848 2938 perihelii,
873 2863 923 2919 per
941 2851 989 2920 30,
1012 2851 1122 2921 Jupiter
1139 2851 1229 2920 igitur
1238 2851 1369 2920 perihelio
1389 2868 1438 2908 suo
1458 2853 1601 2924 designare
1620 2853 1714 2912 debuit

350 2928 456 2983 scalam
473 2927 582 2996 generis
600 2920 703 2995 mollis,
730 2915 789 2995 ejus
807 2925 913 2983 scilicet
936 2938 1041 2986 eertum
1064 2930 1154 2986 locum
1178 2946 1225 2984 seu
1243 2930 1422 3001 phthongum.
1459 2931 1513 2986 Sed
1540 2941 1568 2989 ιι
1589 2934 1714 3004 psn‘hslii

350 3006 470 3062 Veneris
489 3011 517 3060 et
534 3003 652 3061 Telluris
671 3005 784 3060 eandem
804 3002 904 3061 scalam
924 3005 1075 3075 designant,
1092 3023 1143 3076 per
1160 3025 1202 3086 pr.
1221 3009 1264 3063 28.
1271 3024 1361 3078 ,ergo
1380 3026 1440 3064 cum
1458 3010 1554 3065 horum
1572 3011 1712 3080 periheliis

348 3084 430 3143 ioris
449 3084 625 3158 periheliuaf
617 3101 645 3140 m
664 3085 778 3141 eandam
797 3085 948 3140 tensionem
967 3085 1113 3142 sociandus
1132 3079 1196 3162 luit,
1216 3101 1270 3139 non
1288 3103 1352 3142 vero
1371 3103 1432 3145 cum
1449 3088 1562 3144 Veneris
1579 3079 1711 3159 periheiio

347 3163 444 3234 potuit
461 3160 626 3219 constituere
644 3163 820 3217 harmoniam
856 3160 1014 3231 Numquis
1045 3179 1096 3233 per
1114 3180 1155 3231 pr
1173 3165 1198 3220 8.
1219 3183 1280 3219 cum
1299 3165 1407 3236 aphelio
1427 3167 1535 3222 Saturni
1557 3168 1647 3224 facere
1666 3169 1710 3225 de·
1767 3179 1769 3184 ’

347 3241 410 3297 huit
432 3240 464 3312 11,
482 3237 601 3311 circiter,
628 3239 656 3294 id
675 3248 717 3295 ιιι
735 3241 876 3297 clavemd
901 3241 1056 3311 systematis
1080 3241 1168 3311 illius,
1193 3243 1292 3312 inquo
1312 3243 1421 3300 Saturni
1446 3245 1571 3315 aphelius
1595 3245 1711 3303 iaciebat

348 3319 509 3390 clavemG,
528 3319 639 3374 Veneris
656 3305 720 3374 vero
739 3321 864 3389 aphelius
882 3320 1024 3382 slaveme,
1041 3319 1126 3390 igitur
1144 3313 1371 3396 appropinquavit
1389 3323 1484 3379 clavia
1502 3323 1574 3381 iutra
1591 3325 1710 3418 spatium

347 3400 511 3455 harmoniae
528 3399 663 3454 minimae.
698 3398 768 3453 Nain
784 3398 833 3455 illa
851 3407 894 3455 est
910 3399 960 3470 ⁵1„
980 3406 1008 3454 at
1026 3401 1140 3470 interd,
1160 3409 1233 3468 cest
1250 3402 1422 3457 intervallum
1440 3402 1639 3473 multominus,
1660 3405 1710 3459 sci·

348 3478 418 3534 lieet
435 3479 591 3548 ’1,,ιοιιιιι
627 3484 667 3532 tc
684 3479 737 3532 etsi
752 3479 782 3534 in
799 3480 926 3534 teodone
943 3473 1077 3549 perihelis
1094 3477 1187 3536 Venus
1206 3481 1328 3539 elevatur
1346 3499 1363 3536 a
1380 3483 1399 3539 d
1421 3483 1552 3538 tensionis
1576 3483 1709 3555 apheliss,

347 3565 378 3612 at
396 3556 517 3612 eternus
535 3556 604 3612 haee
622 3562 665 3612 est
681 3557 769 3613 minor
788 3558 862 3622 diesi,
880 3575 930 3627 per
947 3576 986 3627 pr.
1000 3559 1043 3615 28.
1084 3559 1173 3615 Diesia
1192 3577 1255 3615 vero
1274 3573 1369 3631 (eaque
1380 3562 1470 3616 minus
1488 3561 1597 3630 aliquid)
1612 3563 1710 3631 iuncta

347 3645 417 3692 tono
434 3634 535 3690 minari
564 3633 688 3690 nondun
709 3644 809 3704 aequat
830 3635 1003 3691 intervallum
1027 3637 1185 3693 harmoniae
1203 3638 1328 3696 minimas
1349 3640 1395 3709 11,.
1431 3640 1493 3697 Non
1516 3641 1605 3709 potuit
1627 3642 1709 3710 igitur

346 3711 514 3783 penhelius
519 3711 597 3768 Jmis
614 3731 679 3770 oum
695 3715 805 3784 aphelio
817 3715 929 3772 Saturni
945 3721 1168 3784 praeterpropter
1189 3717 1218 3786 11,
1237 3719 1308 3775 tueri
1327 3727 1355 3774 et
1368 3718 1448 3774 simul
1465 3719 1629 3775 concordare
1648 3736 1708 3777 cum

345 3793 466 3846 Venere
502 3790 557 3844 Sed
575 3807 626 3846 nee
644 3809 704 3848 cum
723 3791 842 3848 Tellure
877 3794 946 3848 Nam
966 3794 988 3848 si
1008 3793 1155 3884 perihelius
1174 3798 1250 3852 dovis
1274 3797 1309 3851 ad
1328 3797 1452 3868 perihelii
1471 3799 1583 3854 Veneris
1608 3797 1709 3855 scalam

343 3867 572 3929 accommodatus
588 3869 697 3928 inerit
688 3885 717 3925 m
734 3870 850 3926 candem
868 3872 1035 3942 tensionem,
1061 3873 1101 3927 sic
1119 3882 1149 3928 ut
1167 3875 1237 3930 inira
1256 3877 1434 3946 quantitatem
1460 3875 1584 3932 concinni
1607 3877 1709 3933 minimi

343 3957 459 4006 meatur
478 3949 652 4005 haemulum
670 3965 732 4004 cum
749 3948 859 4017 aphelio
878 3949 989 4004 Saturni
1011 3950 1054 4020 V„
1075 3951 1179 4008 distuus
1197 3953 1303 4010 scilicet
1322 3954 1492 4026 sperihelio
1510 3955 1623 4011 Veneris
1642 3963 1707 4010 tono

345 4029 476 4094 minore,
500 4042 537 4081 sc
556 4026 604 4096 ’1,
626 4043 676 4082 ιιι
694 4026 753 4096 limi
770 4034 889 4096 (praeter
912 4027 1005 4098 aliqua
1023 4029 1165 4098 diapason)
1192 4047 1286 4090 versus
1310 4035 1414 4106 gravia:
1440 4033 1558 4091 Telluris
1583 4033 1706 4107 equidem

344 4104 501 4176 perihelius
522 4103 557 4159 ab
580 4105 677 4160 eodem
699 4102 832 4175 perihelio
846 4105 965 4161 Veneris
989 4105 1073 4164 distat
1095 4124 1145 4178 per
1163 4109 1209 4174 ii„
1229 4111 1257 4166 id
1275 4121 1318 4168 est
1333 4129 1383 4183 per
1402 4111 1474 4184 ”tw
1511 4115 1605 4184 ltaque
1625 4114 1706 4169 dista·

345 4185 419 4238 bunt
437 4180 563 4252 pcrihelii
580 4181 698 4240 Telluris
723 4192 751 4238 et
768 4181 845 4238 Joris
863 4199 913 4252 per
932 4183 1003 4254 ¹⁵,i„
1027 4194 1138 4254 praeter
1161 4187 1293 4259 diapason
1317 4192 1427 4262 aliquot
1465 4193 1496 4250 ld
1514 4209 1576 4256 vero
1601 4191 1706 4246 harmo-

346 4264 444 4318 uicum
462 4278 517 4316 non
536 4269 591 4332 est,
611 4263 711 4332 quippe
730 4262 869 4334 duplum'
862 4263 956 4334 ipsius
966 4263 1000 4334 11,
1019 4282 1068 4320 ιιι
1087 4266 1230 4336 diapante
1234 4267 1395 4324 diminutum
1413 4286 1467 4325 uua
1485 4269 1561 4324 diesi.

437 4355 664 4432 Propositio
686 4355 855 4418 XXXVII.
900 4356 949 4416 Ad
970 4374 1113 4417 summam
1143 4361 1323 4437 propriarum
1351 4362 1565 4424 harmoniarum
1587 4361 1705 4420 Saturni

346 4452 378 4502 et
401 4441 493 4502 Jovis
516 4440 573 4524 ²1„
595 4451 624 4502 ιι
646 4443 685 4503 sd
709 4461 893 4504 communem
914 4446 951 4503 iis
971 4446 1113 4520 maJorem
1142 4444 1175 4528 11,
1198 4448 1337 4510 accedere
1360 4451 1488 4527 oportuit
1517 4447 1704 4508 intervallum

345 4529 478 4607 ιιιιιιι
501 4530 658 4589 intervallo
682 4529 814 4590 Vsusris.
916 4555 919 4558 ⁴

437 4612 510 4667 llam
527 4612 620 4668 Venus
638 4613 747 4682 apheiio
764 4621 841 4669 motu
858 4614 969 4683 proprie
986 4614 1200 4683 designationem
1227 4616 1339 4697 adjuvm
1356 4616 1461 4685 genens
1481 4614 1539 4669 dori
1546 4615 1704 4686 ,perihelio

344 4692 458 4762 generis
477 4690 580 4760 mollis,
599 4706 649 4760 per
665 4707 707 4760 pr
725 4692 769 4747 27
792 4701 822 4747 et
838 4694 880 4748 33.
915 4694 970 4750 Sed
990 4695 1124 4750 Saturnrm
1150 4694 1260 4764 aphelio
1279 4695 1436 4762 conspirare
1454 4692 1546 4748 debuit
1569 4695 1650 4750 etiam
1667 4697 1703 4751 ad

348 4787 440 4842 mus
459 4771 558 4826 doram
576 4778 606 4826 st
622 4770 663 4826 sic
680 4770 715 4829 sd
733 4771 870 4864 apheiium
889 4774 1011 4842 Veneris,
1029 4789 1079 4843 per
1089 4789 1136 4842 ·.pr
1154 4774 1203 4840 35,
1223 4771 1333 4842 Jupiter
1349 4785 1413 4827 vero
1431 4771 1562 4841 perihelio
1580 4773 1614 4828 ad
1633 4773 1703 4843 peri·

347 4852 456 4907 balium
475 4849 603 4918 Veneris,
621 4865 671 4920 per
687 4851 872 4920 praemissam.
908 4853 1046 4928 Quantum
1063 4852 1146 4923 igitur
1164 4851 1256 4906 7ιιιι
1274 4850 1339 4906 iacit
1355 4849 1525 4907 intervallum
1543 4853 1576 4906 ab
1595 4851 1702 4922 aphelio

346 4931 376 4985 in
394 4926 574 4998 perihelium,
601 4935 706 4983 tantum
725 4927 805 4984 etiam
824 4931 954 4986 accedere
978 4945 1090 4986 necesse
1108 4935 1152 4986 est
1168 4929 1253 4984 motui
1271 4930 1347 4984 Jovis
1371 4929 1424 4998 illi,
1451 4931 1576 5002 quicum
1595 4930 1702 5001 aphelio

325 5007 464 5066 Saturni
489 5005 556 5065 tacit
575 5005 622 5077 ¹1„
648 5005 683 5062 ad
705 5007 866 5078 perihelium
884 5008 987 5064 Joris
978 5008 1151 5078 ipsissimum.
1188 5007 1242 5064 Sed
1268 5009 1487 5082 conserpentium
1505 5011 1580 5066 Jovis
1609 5019 1636 5065 et
1654 5009 1701 5065 Sa·

348 5087 425 5144 turni
449 5085 593 5143 barnonis
618 5093 662 5142 est
678 5087 801 5159 prssc‘us
822 5087 865 5158 ¹1„
891 5103 942 5158 per
958 5103 1000 5158 pr.
1018 5087 1044 5144 8.
1080 5085 1178 5144 Aoum
1195 5087 1437 5166 igiturinterrallo
1459 5089 1490 5158 112
1507 5089 1542 5150 ab
1560 5105 1606 5156 eo,
1629 5089 1701 5176 quod
