4467 6192
716 757 893 818 Harmonicis.
928 761 1010 818 Liber
1027 761 1076 819 111.
1095 763 1184 832 Gapnt
1201 760 1274 818 XIII.
1603 769 1662 828 l'l'l

334 937 412 1010 prino
437 954 524 996 sensu
547 943 689 998 concinna
711 941 881 1015 intervalla,
913 942 991 1020 quod
1022 942 1166 1019 quaedam
1195 961 1231 1002 ex
1254 945 1290 1002 iis
1316 941 1441 1018 junctim
1470 937 1660 1018 considerata,

335 1026 453 1098 momnis
474 1033 580 1084 natura
600 1029 659 1084 sint
681 1032 836 1100 concinna,
866 1048 905 1089 sc.
930 1039 994 1089 orta
1016 1049 1051 1090 er
1074 1032 1291 1106 comparatione
1324 1037 1353 1089 et
1376 1030 1569 1090 abstractione
1592 1029 1662 1091 nae

333 1113 495 1184 monerem,
527 1130 582 1171 usn
604 1123 700 1174 umen
733 1135 753 1174 a
771 1117 907 1175 melodiis
937 1126 1014 1177 certo
1036 1129 1169 1195 respectu
1200 1135 1252 1194 pro
1273 1119 1454 1177 inconcinnis
1483 1117 1660 1195 rejiciantur.

336 1197 405 1255 lllum
428 1216 547 1257 sensum
569 1214 807 1278 praesupponunt
836 1213 865 1263 et
887 1207 1045 1281 respiciunt
1065 1229 1134 1282 cosp
1163 1213 1192 1264 et
1214 1228 1345 1278 aeaeae,
1376 1205 1453 1264 hunc
1474 1223 1544 1266 vcro
1566 1206 1661 1282 potis·

334 1288 422 1343 timum
444 1284 551 1365 ‹lya-sp,
583 1298 643 1346 tam
666 1291 804 1364 actualis,
836 1309 925 1367 quam
954 1293 1122 1352 desultoria
1167 1291 1250 1352 Haec
1273 1295 1360 1368 igitur
1389 1294 1561 1352 inconcinna
1590 1293 1663 1351 liunt

335 1389 431 1430 ursum
454 1374 569 1433 duobus
592 1378 774 1436 nominibus:
798 1379 846 1437 vel
861 1382 937 1460 enim
960 1388 1092 1456 respectu
1108 1383 1221 1456 generis
1244 1392 1295 1438 aut
1314 1381 1413 1440 sceleti
1427 1387 1559 1454 octavae,
1583 1378 1662 1456 quod
1733 1433 1736 1442 i

335 1460 464 1535 aplane
487 1465 517 1518 in
538 1462 590 1521 lllc
612 1481 671 1524 non
694 1474 868 1542 usurpentur
889 1484 984 1543 neque
1006 1468 1130 1527 forment
1152 1466 1241 1541 illud,
1267 1477 1318 1528 aut
1340 1470 1364 1526 si
1387 1467 1446 1528 alio
1470 1467 1660 1544 disponantur

335 1545 433 1626 udins,
465 1565 553 1624 quam
575 1566 664 1627 snpra
685 1556 781 1629 capite
806 1557 834 1611 7.
856 1563 960 1613 natura
983 1556 1096 1629 docuit;
1128 1565 1160 1614 ut
1182 1557 1206 1612 si
1230 1558 1294 1630 quis
1318 1554 1406 1613 vellet
1431 1558 1487 1614 tria
1510 1557 1663 1615 semilonla

335 1633 456 1713 deinceps
479 1637 621 1708 ordinare,
645 1643 830 1699 semitonium
852 1641 970 1718 quidem
993 1645 1085 1718 primo
1107 1659 1194 1702 sensu
1211 1644 1381 1702 concinnum
1397 1650 1450 1714 est,
1473 1650 1504 1702 at
1526 1642 1573 1702 hic
1589 1641 1660 1702 ordo

334 1724 536 1783 semitoniorum
564 1728 721 1786 concinnus
747 1746 806 1786 non
829 1737 873 1788 est
895 1730 951 1788 hoc
972 1729 1101 1789 seeundo
1122 1747 1225 1803 sensu,
1256 1732 1297 1788 ita
1328 1722 1431 1802 diesis,
1462 1737 1567 1788 natura
1590 1747 1667 1789 coo·¹
1747 1715 1766 1734 ”

335 1812 414 1884 dona,
436 1820 481 1870 est
504 1822 601 1872 tamen
624 1813 672 1873 vel
693 1817 723 1874 in
747 1815 818 1874 duro
841 1833 946 1892 genere
970 1825 1071 1876 cantus
1102 1817 1150 1876 vel
1174 1819 1202 1875 in
1226 1816 1306 1875 molli
1335 1818 1455 1876 seorsim
1477 1819 1663 1893 inconcinna;

334 1898 371 1957 rel
390 1898 514 1975 denique
535 1917 593 1959 non
617 1911 758 1960 canuntur
780 1903 926 1980 deinceps,
949 1921 1003 1965 nec
1024 1904 1105 1964 licita
1128 1911 1194 1963 suut
1216 1903 1304 1964 saltui
1320 1907 1400 1965 vocis
1416 1903 1585 1980 melodicae,
1608 1921 1662 1965 nec

334 1982 411 2066 dyoyp
431 1990 645 2048 convenientia.
1480 2051 1482 2056 .

406 2074 480 2133 Sunt
509 2077 599 2151 igitur
627 2077 685 2136 hoo
713 2077 841 2136 morundo
871 2095 957 2137 sensu
988 2081 1160 2139 inconcinna
1188 2085 1217 2138 et
1247 2081 1338 2138 vetita
1368 2078 1523 2139 intervalla
1554 2079 1600 2139 his
1630 2085 1664 2139 nt

334 2164 482 2238 praecipuis
505 2162 622 2238 legibus
644 2163 861 2239 comprehensa.
1308 2191 1310 2197 ,
1553 2167 1557 2176 '

404 2249 549 2312 LDiesis
571 2258 639 2310 ante
660 2252 709 2311 sel
732 2261 799 2328 post
820 2255 1005 2310 semitonium
1027 2253 1197 2328 regulariter
1218 2271 1280 2312 non
1300 2255 1420 2312 canitur.

405 2337 444 2395 ΙΙ.
466 2338 535 2396 Duo
558 2341 720 2412 semitonia,
748 2338 819 2398 licet
840 2338 975 2416 deinceps
999 2341 1165 2401 ordinentur
1189 2342 1217 2397 in
1241 2341 1341 2400 ordine
1363 2343 1547 2400 minimorum
1569 2342 1660 2401 inter·

335 2421 461 2482 vallorum
482 2428 588 2501 eapitis
612 2430 639 2497 l,
662 2444 720 2484 non
743 2437 865 2502 possunt
887 2437 983 2486 umen
1006 2429 1097 2487 tribus
1120 2429 1200 2487 sonis
1223 2427 1358 2504 deinceps
1379 2431 1452 2504 cani,
1476 2427 1527 2487 sed
1551 2426 1659 2488 debant

333 2525 386 2568 cum
409 2510 521 2572 dnobus
544 2514 610 2572 aliis
634 2513 784 2574 elementis
806 2517 835 2572 in
859 2514 932 2574 duos
955 2524 1040 2574 tonos
1063 2514 1235 2575 codcscere.

404 2598 459 2657 ΙΙΙ.
480 2601 550 2660 Duo
572 2603 725 2660 semitonia
746 2604 823 2660 intra
845 2603 1027 2679 complexum
1049 2605 1136 2661 nnius
1159 2609 1280 2678 quartae
1303 2600 1350 2661 vel
1373 2604 1501 2678 quintae,
1524 2619 1599 2678 quac
1622 2605 1662 2664 sit

333 2686 381 2742 imo
408 2685 474 2746 loco
503 2688 604 2747 sceleti
629 2695 767 2762 octavae,
796 2689 941 2750 ordinarie
970 2707 1028 2749 non
1051 2699 1201 2749 canuntur.
1246 2689 1321 2748 Nam
1344 2689 1516 2764 alliceretur,
1547 2698 1581 2749 nt
1602 2708 1661 2749 vox

333 2771 419 2832 ordinm
447 2782 553 2851 quarta
580 2773 628 2835 vel
652 2779 753 2851 quinta
782 2791 839 2836 non
864 2786 1036 2836 consonaret
1058 2795 1124 2836 cum
1151 2780 1260 2853 prima,
1290 2793 1385 2853 neque
1413 2777 1540 2868 perlcqe
1567 2794 1662 2854 neque

333 2861 502 2937 imperfecta,
525 2865 706 2938 itaqnenon
729 2872 807 2923 essct
829 2873 934 2940 quarta
956 2865 1004 2924 vsl
1027 2867 1128 2940 quinta
1150 2861 1228 2923 vere.

404 2947 457 3007 IV.
481 2948 614 3025 Quatuor
637 2953 697 3009 loni
719 2950 857 3027 deinceps
879 2953 1118 3025 non'oanuntur,
1141 2954 1197 3010 nisi
1219 2953 1250 3008 in
1271 2967 1405 3026 suprema
1427 2958 1548 3010 octavae
1567 2953 1662 3028 perte,

333 3036 439 3108 quando
461 3037 568 3096 eoloris
589 3046 620 3097 et
642 3040 790 3098 uarietatis
813 3057 903 3099 cansa
924 3048 1051 3097 mutatur
1073 3039 1219 3113 secletou;
1242 3054 1300 3096 non
1323 3039 1411 3112 igitur
1433 3036 1585 3097 ordinarie.

406 3123 442 3183 V.
467 3124 600 3201 Septima
623 3133 652 3184 et
680 3128 778 3184 omnia
800 3125 919 3185 dissona
940 3145 1029 3202 supra
1052 3134 1202 3204 octavam,
1235 3126 1314 3184 sonis
1342 3131 1409 3201 post
1430 3123 1556 3184 radicem
1579 3123 1663 3184 dein·
1707 3153 1710 3160 ·

332 3224 390 3285 ceps
411 3210 567 3284 ordinatis,
597 3230 655 3271 non
679 3222 821 3272 canuntur
844 3214 1003 3283 ordinaris,
1032 3216 1091 3274 nisi
1113 3213 1290 3289 praecedens
1312 3210 1420 3271 habeat
1448 3211 1661 3287 quodammodo

332 3298 460 3357 urionem
481 3299 563 3373 finis,
586 3317 712 3376 sequens
734 3303 874 3360 rationem
897 3305 976 3390 novi
989 3303 1072 3361 initii.
1451 3311 1457 3320 ’

623 3445 796 3512 -Ὃ-’ᾆ
900 3451 953 3511 VI.
977 3451 1097 3524 Sextus,
1129 3452 1183 3508 etsi
1214 3463 1375 3519 consonae,
1414 3447 1505 3504 rarius
1532 3445 1662 3506 admitti·

623 3521 795 3528 ——-.---..-.-

815 3555 893 3612 mus,
918 3547 947 3599 et
969 3546 1080 3598 tantum
1102 3539 1237 3595 minores.

398 3613 424 3653 In
456 3625 491 3655 me
526 3615 689 3655 transis
713 3623 795 3654 -runc

405 3703 472 3762 VII.
495 3681 696 3767 TetracIorda
717 3706 774 3766 duo
798 3701 888 3764 unius
908 3711 1039 3774 octavae,
1061 3719 1120 3762 non
1143 3703 1284 3760 existente
1307 3697 1410 3760 codem
1429 3696 1493 3758 loco
1517 3699 1663 3760 semitonii

331 3789 470 3850 incorum
493 3799 630 3868 utroque,
660 3796 752 3852 rarius
775 3800 934 3866 canuntur;
960 3791 1069 3850 seilicet
1101 3789 1206 3849 coloris
1229 3805 1318 3846 causa
1347 3796 1398 3846 aut
1420 3787 1662 3862 syncopatlonum

332 3869 375 3954 (de
395 3871 501 3955 quibus
523 3883 619 3955 capite
645 3876 726 3962 la),
750 3898 844 3957 neque
867 3888 963 3941 tamen
986 3877 1104 3936 libertas
1128 3883 1172 3935 est
1194 3893 1272 3934 mera
1294 3873 1409 3936 locandi
1432 3875 1592 3948 semitonii,
1615 3892 1663 3934 re·

331 3965 469 4054 sniugitur
492 3969 569 4028 enim
592 3967 629 4026 ad
653 3985 719 4029 eum
741 3968 959 4042 locum,·quem
982 3966 1108 4024 admittit
1130 3980 1223 4039 genus
1247 3970 1359 4021 cantus.

405 4301 489 4362 VIII.
514 4303 608 4363 Affine
632 4311 676 4362 est
695 4303 760 4375 hoc,
784 4301 862 4379 quod
885 4307 942 4360 tras
965 4302 1025 4359 toni
1050 4273 1186 4375 deinceps
1215 4300 1273 4356 imo
1294 4298 1360 4358 loco
1384 4303 1506 4356 octavae
1528 4310 1586 4362 non
1608 4309 1660 4352 ca·

331 4399 440 4467 emtur3
463 4400 494 4450 at
516 4393 649 4468 superius
672 4390 862 4450 admittuntur
885 4389 998 4465 legibus
1018 4389 1080 4482 jam
1105 4386 1198 4445 dictis.

406 4765 465 4824 IX.
487 4765 556 4824 Duo
578 4766 733 4825 semitonia
760 4766 789 4822 iu
813 4781 901 4826 unum
921 4734 1024 4822 tonum
1053 4755 1223 4819 naturaliter
1249 4771 1307 4813 non
1331 4751 1503 4824 conflantem,
1533 4749 1602 4812 licet
1623 4751 1662 4812 eit

1125 4859 1246 4919 parvum
1269 4843 1298 4898 in
1321 4838 1422 4898 auditu
1445 4837 1607 4912 discrimen,
1629 4846 1663 4898 ut

1124 4931 1150 4986 si
1174 4935 1279 4986 octava
1308 4928 1426 5002 incipiat
1453 4927 1490 4986 ab
1515 4925 1559 5000 E,
1589 4929 1662 4986 inter

1124 5033 1167 5093 ορ,
1179 5013 1218 5094 dp
1228 5014 1309 5074 fieret
1319 5032 1348 5071 n.
1357 5013 1541 5074 intervallum
1560 5007 1663 5094 9261,ω

335 5125 363 5166 tx
382 5112 606 5190 compositione,
629 5108 708 5186 quod
730 5108 899 5170 naturaliter
921 5112 965 5167 eat
987 5105 1205 5182 inconcinnum,
1227 5101 1294 5162 vide
1317 5117 1380 5180 cap.
1405 5105 1433 5161 4.

376 5223 468 5272 iactast
481 5221 556 5276 Opera
567 5222 595 5263 V.
1470 5207 1506 5265 12
