4467 6192
542 662 608 721 ibi
961 655 1003 709 De
1022 652 1286 723 Goufiguratlonibus
1304 653 1482 709 Harmonicis.

630 834 689 893 Hie
712 833 800 893 valde
821 849 868 893 me
891 832 1074 892 confirmarit
1096 832 1127 891 id
1150 835 1260 908 ipsum,
1288 830 1368 907 quod
1391 831 1481 890 alium
1503 832 1635 909 aliquem
1658 834 1822 892 absterrere
1840 848 1889 907 pe

543 924 609 992 tuit,
632 921 747 984 scilicet
766 921 846 997 quod
867 936 926 979 non
948 936 1062 997 semper
1083 919 1122 977 ad
1144 921 1285 977 amussim
1307 919 1483 994 respondent
1502 924 1714 979 commotiones
1737 928 1891 995 tempesta-

529 1022 606 1067 ·tum
631 1010 814 1085 aspectibus3
837 1007 889 1066 sed
906 1008 1004 1081 Terra¹
1018 1007 1143 1066 subinde
1166 1009 1266 1083 segnis
1291 1007 1404 1065 videtur
1427 1018 1456 1071 et
1479 1018 1650 1081 contumax,
1683 1007 1744 1065 alio
1768 1016 1890 1081 tempore

543 1095 666 1176 (scilieet
688 1105 755 1172 post
778 1112 882 1171 graves
905 1104 935 1154 et
957 1094 1108 1153 diuturnas
1131 1090 1392 1175 configurationes)
1416 1097 1603 1167 exacerbata,
1628 1095 1764 1171 indulget
1786 1110 1891 1170 erapo-

542 1186 715 1255 rationibus,
738 1186 826 1242 etiam
849 1184 912 1242 sine
934 1192 1106 1258 aspectuum
1129 1184 1356 1242 continuatione.
1387 1182 1452 1240 Non
1476 1193 1520 1240 est
1543 1186 1651 1259 quippe
1673 1182 1767 1240 Terra
1789 1181 1892 1240 animal

544 1272 612 1342 tale,
635 1271 723 1347 quale
746 1273 840 1342 canis,
865 1270 902 1329 ad
925 1287 1040 1329 omnem
1063 1280 1166 1327 nutum
1188 1272 1369 1344 promptum,
1399 1269 1449 1327 sed
1474 1270 1549 1343 tale,
1574 1270 1660 1345 quale
1683 1271 1736 1329 bos
1761 1277 1815 1327 aut
1837 1267 1892 1327 els-

543 1359 626 1437 phas,
651 1359 764 1423 tardum
787 1358 825 1417 ad
848 1359 919 1415 iram
943 1360 1084 1433 mutoque
1106 1356 1272 1427 violentius,
1297 1374 1363 1415 eum
1386 1356 1551 1415 excanduit

630 1445 714 1520 Quae
736 1446 874 1520 analogia
904 1461 970 1505 cum
999 1445 1168 1504 succederet
1190 1444 1297 1517 effecit,
1330 1452 1362 1503 ut
1394 1443 1515 1502 eandem
1544 1445 1664 1503 ulterius
1696 1460 1893 1521 prosequerer,

544 1550 715 1610 comparans
738 1537 826 1591 etium
848 1549 971 1608 corpora
993 1535 1173 1590 animantum
1196 1548 1262 1589 uum
1293 1548 1412 1607 corpore
1435 1530 1562 1590 Terrae:
1598 1531 1732 1591 videbam
1758 1530 1893 1607 pluraque

543 1625 659 1693 omnia,
683 1638 758 1696 quae
782 1638 818 1680 ex
840 1636 960 1695 corpore
983 1621 1140 1677 animantis
1162 1621 1366 1693 provenientia
1394 1626 1539 1677 testantur
1570 1622 1696 1677 unimam
1720 1622 1750 1675 in
1774 1618 1827 1676 illo
1851 1621 1892 1675 in·

544 1726 617 1780 esse,
640 1711 794 1783 provenire
817 1710 906 1767 etiam
929 1726 964 1765 ex
987 1705 1113 1767 Telluris
1137 1722 1264 1781 corpore.
1307 1703 1346 1765 Ut
1368 1708 1444 1764 euim
1467 1723 1571 1782 corpus
1596 1710 1624 1764 in
1647 1707 1721 1764 cutis
1744 1705 1894 1781 superficie

543 1796 629 1873 pilos,
653 1798 696 1855 sie
719 1794 810 1855 Terra
831 1793 950 1871 plantas
971 1796 1148 1868 arboresque
1171 1795 1279 1870 proiert
1302 1796 1390 1867 inque
1414 1797 1448 1851 iis
1472 1796 1512 1852 ibi
1534 1792 1677 1869 pediculi,
1709 1792 1759 1851 hie
1782 1809 1892 1864 enicas,

544 1883 663 1942 cicadae
686 1886 828 1957 rarisque
850 1885 962 1940 insecta
985 1889 1014 1939 et
1029 1888 1159 1939 monstra
1181 1883 1293 1938 marina
1308 1890 1484 1955 naseuntur;
1508 1891 1537 1940 et
1560 1893 1592 1939 nt
1615 1897 1718 1957 corpus
1740 1880 1894 1956 iacrymas,

470 2008 474 2026 .
545 1971 680 2030 blennam
701 1973 875 2044 auriumque
896 1976 1083 2042 recrementa,
1108 1976 1153 2027 est
1176 1969 1225 2026 ubi
1249 1980 1279 2026 et
1300 1970 1410 2043 gummi
1433 1985 1468 2025 ex
1491 1968 1575 2027 iaciei
1599 1968 1734 2045 pustulis,
1759 1970 1805 2025 sic
1828 1966 1895 2026 Tel·

544 2058 591 2116 lus
612 2058 768 2129 electrum,
794 2058 939 2131 bitumen3
968 2066 1059 2130 utque
1080 2058 1180 2113 vesica
1202 2058 1330 2128 urinam,
1362 2058 1403 2114 sic
1425 2066 1539 2114 montes
1561 2054 1680 2113 flumina
1702 2054 1848 2129 iirndunt3
1870 2062 1896 2113 et

544 2156 578 2205 ut
599 2162 705 2221 corpus
727 2155 941 2203 excrementum
956 2143 1106 2219 sulphurei
1128 2141 1225 2201 odoris
1240 2145 1433 2218 crepitusque,
1456 2146 1506 2218 qui
1529 2146 1618 2201 etiam
1633 2142 1806 2202 inflammari
1829 2158 1896 2219 pos-

545 2240 622 2306 sunt,
646 2236 690 2291 sic
711 2231 803 2291 Terra
824 2231 954 2307 sulphur,
977 2233 1061 2306 iguus
1083 2229 1304 2309 subterraneos,
1327 2233 1470 2301 tonitrua,
1493 2230 1621 2306 fulgura:
1647 2240 1736 2305 utque
1761 2231 1790 2285 iu
1816 2230 1895 2287 renis

545 2321 703 2379 animantis
726 2326 880 2398 generatur
901 2321 1022 2393 sanguis
1044 2325 1073 2376 et
1088 2334 1155 2375 oum
1177 2333 1212 2375 eo
1235 2315 1332 2388 sudor,
1356 2324 1438 2376 extra
1453 2333 1557 2392 eorpus
1581 2318 1699 2391 eJectus,
1723 2318 1767 2375 sic
1792 2319 1822 2373 iu
1846 2332 1895 2374 vs-

545 2410 590 2466 nis
613 2406 720 2467 Terrae
742 2405 862 2465 metalla
884 2415 914 2464 et
934 2404 1049 2463 lossilia
1072 2420 1222 2482 vaporque
1245 2403 1371 2481 pluvius.

633 2492 757 2569 Oportet
778 2496 882 2569 igitur,
906 2500 938 2551 ut
959 2496 1037 2551 siout
1059 2494 1219 2550 animantia
1241 2492 1354 2565 reliqua
1376 2492 1472 2549 cibum
1495 2496 1656 2567 potumque
1679 2491 1831 2562 hauriunt,
1854 2491 1893 2547 sic

547 2584 637 2641 etiam
658 2580 759 2641 Tellus
782 2580 934 2640 canalibus
957 2582 1044 2638 certis
1065 2578 1177 2655 aliquid
1199 2582 1338 2637 materiae
1361 2579 1471 2651 trahat,
1501 2596 1536 2637 ex
1560 2594 1619 2653 qua
1641 2576 1692 2635 ilia
1714 2586 1775 2635 tam
1798 2576 1896 2635 multi-

546 2670 637 2745 plicia
658 2676 819 2743 excoquat,
850 2668 921 2742 quia
943 2684 978 2727 ex
1000 2666 1092 2725 nihilo
1115 2665 1187 2723 nihil
1210 2665 1257 2739 iit3
1290 2666 1378 2724 trabit
1402 2674 1500 2725 autem
1523 2666 1678 2741 sorbetque
1703 2681 1812 2740 squam
1836 2678 1896 2723 mu·

546 2760 650 2828 rinam,
675 2773 750 2832 quae
773 2773 863 2814 causa
885 2764 944 2827 est,
968 2756 1167 2815 cur.aetemis
1191 2760 1235 2811 tot
1257 2752 1407 2811 fluminum
1429 2754 1623 2811 inlusionibus
1646 2768 1725 2812 mure
1748 2768 1896 2827 nunquam

547 2842 701 2903 redundet.
729 2841 788 2901 Hic
810 2859 898 2917 quam
920 2840 1039 2901 absurdi
1061 2843 1128 2913 sint,
1153 2843 1202 2915 qui
1225 2839 1345 2898 metalla
1367 2839 1458 2899 solius
1473 2840 1559 2899 ¹Solis
1582 2841 1743 2917 operationi
1767 2842 1897 2898 tribuunt

546 2933 620 2991 eitra
643 2928 769 2989 Telluris
792 2947 919 3006 operam,
944 2945 979 2987 er
1002 2927 1156 2988 antedictis
1180 2928 1318 3002 colligere
1339 2930 1433 3003 potes.

632 3017 785 3093 Respondi
812 3019 901 3076 etiam
923 3018 953 3073 in
974 3014 1050 3075 libro
1073 3014 1110 3074 du
1132 3013 1224 3073 Stella
1245 3015 1332 3073 Nora
1354 3016 1391 3074 ad
1417 3014 1565 3090 vulgarem
1589 3014 1670 3072 illam
1693 3014 1897 3089 objectionem,

546 3104 628 3180 quod
649 3104 754 3178 Terra,
784 3107 810 3163 si
832 3106 959 3165 animam
981 3103 1117 3174 habetet,
1151 3104 1240 3161 etiam
1268 3118 1396 3163 creseere
1425 3102 1531 3161 debere
1555 3101 1689 3160 rideatur
1710 3102 1898 3177 membraque

545 3194 638 3252 motui
660 3200 733 3268 apta
753 3192 871 3253 habere.
904 3190 980 3249 Nam
1001 3198 1090 3268 prout
1112 3206 1218 3265 corpus
1241 3195 1295 3263 est,
1316 3206 1370 3265 pro
1394 3206 1429 3248 eo
1453 3196 1481 3250 et
1503 3191 1602 3247 anima
1622 3189 1781 3264 respondet
1803 3188 1896 3246 iacul-

546 3288 681 3355 tatesque
704 3279 786 3354 ejus3
810 3296 876 3339 oum
899 3276 972 3336 haee
994 3280 1092 3335 anima
1114 3279 1153 3335 sit
1175 3276 1213 3335 ob
1229 3275 1336 3337 Terras
1359 3292 1472 3353 corpus,
1496 3292 1552 3335 non
1576 3292 1645 3335 vero
1661 3277 1717 3335 hoc
1733 3294 1842 3353 eorpus
1857 3278 1897 3334 sic

546 3368 585 3425 sit
607 3368 645 3425 ob
669 3368 805 3439 animam,
828 3370 904 3425 sicut
926 3382 1031 3441 corpus
1054 3365 1179 3422 hominis
1202 3374 1247 3423 est
1268 3366 1457 3436 obmentem,
1481 3366 1639 3443 principem
1663 3366 1780 3433 animae
1804 3362 1897 3421 iacui·

546 3461 653 3512 tatem:
687 3455 712 3511 si
734 3456 823 3527 igitur
845 3455 1028 3510 incrementis
1050 3452 1140 3510 Terra
1163 3468 1237 3526 opus
1261 3452 1427 3521 habuisset,
1455 3454 1480 3509 si
1503 3460 1589 3527 pastu
1611 3451 1684 3521 aliu,
1716 3468 1806 3527 quum
1831 3450 1897 3519 diri,

549 3540 629 3599 velut
650 3558 687 3598 ex
710 3550 827 3612 senatu,
849 3542 972 3599 inissent
994 3548 1024 3598 et
1046 3542 1103 3596 ista
1126 3542 1226 3599 munia
1247 3540 1316 3597 huic
1337 3540 1452 3598 animae
1482 3541 1637 3597 commissa
1665 3545 1694 3596 et
1723 3538 1832 3597 idonea
1854 3540 1899 3593 iu·

512 3639 516 3650 ·
546 3634 707 3686 strumenta
728 3626 813 3702 data3
845 3644 922 3702 quae
942 3626 1073 3686 Socratis
1096 3629 1226 3684 morituri
1249 3626 1438 3703 philosophia
1460 3626 1514 3683 luit
1538 3629 1565 3681 tn
1589 3626 1765 3693 Phaedone,
1799 3626 1896 3683 omnia

546 3716 636 3773 menti
659 3715 863 3789 gubernatrici,
887 3716 987 3772 omniu
1009 3712 1210 3772 deliberationi
1226 3713 1261 3773 de
1285 3729 1330 3784 eo,
1354 3713 1431 3788 quod
1456 3716 1604 3791 optimum,
1629 3714 1769 3771 tribuens.
1794 3713 1897 3787 ltaque

546 3803 661 3877 siquis
684 3810 914 3878 argumenteturz
938 3809 1065 3876 quatuor
1078 3800 1158 3861 solus
1181 3818 1245 3861 usse
1258 3801 1413 3860 facultates
1429 3803 1556 3871 animno,¹
1579 3818 1701 3876 quarum
1725 3799 1809 3858 nulls
1832 3800 1898 3857 huie

546 3891 662 3948 animae
685 3889 830 3949 Terrenus
853 3896 1017 3964 competat,
1047 3904 1106 3947 non
1136 3906 1199 3947 esse
1228 3904 1298 3965 ergo
1328 3889 1457 3963 aliquam
1480 3890 1510 3945 in
1532 3888 1622 3948 Tana
1645 3891 1791 3962 animam,
1825 3888 1898 3944 hune

547 3994 602 4052 ego
622 3977 734 4052 jubebo
757 3977 834 4038 hauc
856 3978 989 4053 quintam
1011 3974 1224 4035 adnumerum
1240 3975 1356 4046 addere,
1381 3974 1483 4033 eodem
1507 3976 1642 4051 exemplo
1664 3975 1828 4051 iisdemque
1852 3992 1897 4033 ar-

546 4064 737 4141 gumentandi
763 4064 895 4141 legibus,
924 4064 1033 4139 quibus
1062 4064 1132 4123 illas
1162 4080 1282 4123 numero
1306 4071 1448 4147 quatuor,
1480 4065 1508 4121 in
1541 4062 1658 4123 homine
1688 4062 1820 4135 scilicet,
1852 4064 1897 4118 in·

546 4160 652 4212 ventae
675 4159 752 4211 sunt.
1234 4182 1237 4189 .

582 4269 592 4298 ι
635 4237 674 4299 Ut
701 4247 800 4298 autem
828 4238 936 4299 Terrae
964 4246 1047 4297 tauto
1081 4237 1273 4296 confidentius
1303 4238 1431 4295 animam
1463 4237 1632 4307 tribuerem,
1672 4240 1829 4293 moverunt
1855 4250 1897 4291 me

547 4328 636 4387 etiam
657 4326 726 4401 alia,
749 4344 835 4402 quae,
856 4328 966 4402 passim
988 4344 1041 4403 per
1063 4326 1153 4383 libros
1176 4342 1256 4383 meos
1280 4332 1391 4383 ceteros
1415 4323 1568 4394 inculcata,
1591 4326 1621 4381 iu
1634 4323 1771 4399 Epitume
1797 4323 1897 4379 Astro-

546 4417 662 4478 nomiae
692 4414 910 4490 Copornicanae
940 4412 990 4472 iol.
1022 4415 1092 4480 ist.
1125 4412 1265 4471 fasciculo
1295 4410 1416 4485 collegi,
1446 4414 1600 4486 praecipue
1635 4410 1706 4483 boe,
1737 4408 1818 4485 quod
1840 4410 1896 4465 iur-

546 4505 652 4561 matrix
672 4500 799 4562 facultas
821 4510 867 4561 est
888 4505 919 4559 in
943 4502 1102 4559 visceribus
1125 4499 1245 4574 Terrae,
1269 4516 1345 4574 quae
1368 4498 1493 4557 laminae
1513 4500 1702 4573 praegnantis
1736 4511 1818 4555 more
1849 4512 1897 4553 oc-

548 4597 697 4650 cursantes
720 4590 790 4649 ioris
812 4607 860 4649 res
882 4588 1040 4659 humanas,
1072 4586 1164 4646 veluti
1187 4605 1236 4646 eas
1259 4586 1386 4657 videret,
1417 4587 1446 4642 in
1469 4584 1608 4643 fissilibus
1631 4584 1780 4661 lapidibus
1805 4583 1897 4658 expri-

546 4678 608 4751 mit,
631 4685 664 4735 ut
685 4675 820 4751 militum,
842 4676 1074 4749 monarchorum,
1096 4675 1276 4751 pontificum,
1300 4690 1401 4749 regum
1425 4682 1454 4731 et
1469 4671 1608 4748 quioquid
1632 4674 1661 4729 in
1674 4678 1728 4731 ‘ore
1750 4671 1896 4730 hominum

547 4772 603 4836 est,
625 4779 721 4824 aoros
743 4764 1110 4841 insolentesquexhabitus.
1145 4762 1211 4821 Hoc
1233 4760 1350 4837 quidem
1373 4760 1475 4831 rarius,
1499 4760 1570 4818 illud
1592 4766 1744 4836 perpetuo,
1769 4758 1847 4834 quud
1869 4758 1896 4811 iu

547 4852 671 4927 gummis
694 4860 724 4911 et
745 4853 1054 4928 iossiiibusasxpsimit
1074 4852 1203 4926 quinque
1234 4866 1355 4925 corpora
1379 4846 1525 4923 regularia
1547 4848 1741 4923 geometrica:
1772 4864 1841 4903 narn
1863 4842 1897 4900 de

548 4938 652 5015 opilius
679 4946 804 4999 testatur
830 4958 914 5017 opus.
960 4937 1087 5013 Quibus,
1106 4936 1212 5011 addat,
1243 4940 1292 5013 qui
1321 4936 1513 5011 (lopernieum
1543 4938 1689 5010 sequitur,
1719 4932 1896 4993 volutionem

548 5027 631 5103 globi
653 5025 779 5087 Telluris
801 5026 943 5097 diuum,
965 5033 1136 5102 perpetuam
1158 5033 1187 5084 st
1210 5023 1492 5103 aequabilissimam,
1515 5038 1604 5098 quam
1626 5024 1701 5081 inter
1723 5019 1810 5097 hujus
1833 5020 1897 5077 ani-

432 5134 439 5141 ’
548 5130 615 5175 mas
636 5117 738 5175 munia
758 5115 917 5174 rectissime
939 5113 1115 5173 mutabit
