4467 6192
531 626 594 694 tna
1042 613 1191 685 rursum
1207 626 1364 685 mentua

532 796 620 885 triplo
650 806 772 869 celerior
799 802 833 865 lit
862 823 951 883 quam
973 806 1118 869 interdum
1140 808 1273 887 Jupiter,
1305 806 1389 885 paria
1417 802 1506 884 igitur
1535 807 1646 867 iaciunt
1673 799 1708 865 iti
1729 797 1789 866 duo
1818 820 1884 863 cum

533 884 675 979 diapason
697 893 892 979 epidiapeu'te.
937 892 989 954 Sol
1012 912 1078 957 cnm
1099 894 1194 958 Marte
1222 903 1321 975 potest
1342 889 1564 971 sesquialteram
1593 895 1688 967 lacere
1738 894 1886 971 repertio-

533 999 609 1056 nem,
632 990 730 1059 potest
752 987 783 1041 et
803 983 1018 1057 sesquitertiam
1048 992 1077 1045 et
1099 986 1345 1061 sesquiquartam·
1363 992 1392 1042 et
1413 984 1690 1059 sesquiquintum·
1724 996 1800 1040 enus
1822 996 1887 1041 curn

533 1054 603 1130 Sole
625 1071 875 1149 sesquiquartam,
904 1085 972 1129 cum
993 1070 1138 1133 Mercurio
1160 1063 1316 1149 plerasque
1338 1073 1501 1147 positarum
1522 1068 1635 1129 efficere
1657 1076 1775 1145 potest;
1806 1056 1887 1127 Mer·
1976 1146 1978 1156 y

534 1159 631 1219 curius
654 1173 720 1217 cum
743 1154 827 1215 Luna
849 1156 1014 1235 sextuplam
1044 1167 1073 1219 et
1095 1150 1251 1237 usquead
1273 1156 1460 1235 noncuplam.
1506 1155 1579 1219 (lum
1604 1150 1693 1235 igitur
1715 1156 1887 1233 proportio-

534 1262 586 1323 nes
609 1243 752 1321 plurimae
773 1244 956 1320 reperiantur
979 1236 1100 1307 eaedem
1121 1239 1151 1305 in
1174 1234 1298 1329 diversis
1322 1237 1408 1325 bigis,
1431 1262 1500 1321 ergo
1523 1245 1634 1321 ubique
1655 1238 1715 1304 iere
1730 1249 1887 1302 desumunt

534 1332 621 1407 bigas
652 1340 785 1391 motuum
819 1331 1032 1410 comparabiles
1066 1329 1134 1393 cnm
1155 1331 1222 1414 aliis
1256 1342 1286 1392 et
1308 1332 1374 1393 aliis
1398 1334 1597 1395 consonantiis
1627 1322 1887 1407 dissonantiisqne,

533 1413 624 1495 fitque
657 1418 732 1490 haec
754 1420 980 1505 comparationis
1008 1438 1076 1497 pars
1103 1412 1315 1498 propemodum
1336 1417 1490 1497 generalis.
1533 1409 1615 1478 Inter
1636 1414 1690 1477 ha'r
1722 1433 1796 1476 sero
1820 1433 1886 1496 pro·

522 1498 684 1585 ¹portiones
714 1507 870 1584 praecipue
891 1508 977 1567 nobis
1002 1508 1123 1567 veniunt
1153 1503 1298 1571 notandae
1322 1506 1406 1581 illae,
1439 1499 1661 1585 unusquilibet
1688 1520 1808 1577 eorum,
1839 1505 1887 1581 qni

534 1582 699 1695 ¹epicgelum
721 1592 840 1666 habent,
864 1611 931 1653 cum
952 1582 1144 1654 luminaribus
1166 1586 1293 1669 faciunt,
1324 1590 1456 1674 epicyclo
1479 1593 1611 1669 ejusdem
1633 1583 1815 1651 conditionis
1837 1608 1887 1651 ca-

535 1674 762 1763 renirbus¹¹¹¹).
807 1678 914 1741 Divisa
938 1683 1026 1757 igitur
1048 1684 1129 1741 motu
1151 1684 1255 1741 minori
1278 1677 1428 1741 luminaris
1450 1695 1502 1759 per
1524 1680 1665 1757 majorem
1686 1686 1803 1738 motum
1824 1676 1889 1755 pla·

535 1777 620 1829 netas
643 1769 827 1845 superiorum
849 1772 944 1843 unius,
969 1778 999 1828 et
1022 1760 1151 1829 uicissim
1172 1769 1277 1846 majori
1300 1766 1379 1837 illins
1400 1786 1452 1845 per
1467 1770 1608 1829 minorem
1619 1759 1718 1843 hujus,
1740 1764 1889 1843 prodeunt

537 1864 669 1920 extrema,
688 1857 923 1933 proportionum,
953 1863 1029 1936 quae
1052 1860 1220 1933 corstingere
1248 1866 1379 1935 possum
1424 1855 1471 1916 Ita
1499 1858 1529 1931 8,
1540 1849 1660 1916 Saturni
1689 1856 1720 1912 in
1744 1855 1787 1911 57
1812 1852 1888 1911 Solis

535 1930 680 2004 hahentur
702 1944 825 2086 ecflict,
856 1951 887 2003 et
911 1933 927 2001 'l
952 1943 1070 2003 Saturni
1098 1946 1128 2031 in
1153 1945 1203 2029 61v
1216 1941 1294 2003 Solis
1324 1941 1413 2030 paulo
1444 1944 1539 2003 miuus
1567 1944 1685 2014 novies,
1716 1942 1887 2017 contingere

540 2030 628 2112 igitur*
650 2038 757 2109 potert
779 2037 809 2101 et
831 2030 950 2108 octupla
971 2032 1151 2114 intermedie
1196 2030 1246 2092 Sic
1266 2030 1385 2091 Saturni
1415 2047 1481 2089 cum
1503 2030 1588 2091 Luna
1609 2025 1816 2108 proportiones
1838 2045 1888 2086 cr·

537 2123 648 2177 tremas
677 2124 746 2178 sunt
772 2117 891 2183 1:129
914 2125 944 2179 et
969 2119 1085 2192 1:833
1116 2116 1204 2179 Jorls
1235 2135 1304 2179 vero
1331 2112 1490 2179 oumSole
1517 2118 1593 2177 125
1617 2125 1647 2176 et
1672 2116 1767 2181 123,
1800 2130 1889 2193 quare

534 2213 564 2291 et
590 2210 632 2272 l:
650 2206 688 2279 4,
721 2222 788 2267 cum
811 2202 896 2269 Luna
921 2194 1018 2265 1:70
1041 2214 1071 2267 et
1096 2206 1213 2280 1:36,
1237 2206 1431 2283 quarcetialu
1455 2203 1629 2292 intercidens
1654 2200 1774 2279 1:643
1808 2196 1889 2261 Mar·

537 2292 576 2351 tis
599 2288 724 2369 deniqne
746 2308 812 2361 cum
834 2290 904 2351 Sole
926 2294 1131 2369 suprapositae
1152 2301 1230 2368 sunt,
1253 2310 1377 2376 qnmum
1392 2300 1620 2353 extremuerunt
1635 2291 1653 2350 5
1669 2309 1676 2348 :
1693 2296 1722 2365 e,
1745 2300 1778 2351 et
1794 2290 1888 2349 minas

538 2396 627 2457 quam
653 2380 740 2451 lz‘l,
764 2395 830 2439 cum
852 2376 938 2439 Luna
957 2392 1027 2439 sunt
1052 2382 1148 2441 1:13
1173 2390 1203 2440 et
1228 2383 1345 2453 1:2³,
1369 2393 1458 2457 qnare
1480 2387 1511 2441 ot
1532 2374 1707 2439 intercidens
1734 2377 1839 2437 1:16
1862 2383 1890 2436 et

538 2475 663 2530 ceurae.
708 2463 758 2525 Sic
780 2483 817 2525 ex
839 2457 1022 2527 inferioribus
1046 2464 1143 2527 diviso
1164 2468 1271 2545 maiori
1292 2475 1373 2527 motu
1395 2464 1548 2545 planetae,
1571 2474 1604 2525 ut
1628 2460 1821 2525 reveneris
1841 2481 1890 2543 per

537 2555 685 2627 minorem¹
700 2543 779 2612 Solis
804 2555 859 2627 57,
889 2562 919 2613 et
940 2556 1044 2613 minori
1067 2543 1148 2617 illius
1172 2557 1211 2615 ta
1235 2564 1286 2631 per
1308 2555 1449 2632 majoram
1470 2549 1559 2630 hujus
1583 2553 1639 2625 61,
1666 2552 1818 2631 prodeunt
1839 2570 1889 2611 er·

537 2650 648 2701 tremas
680 2640 760 2700 423
789 2648 819 2699 et
848 2630 928 2701 6:5
951 2642 1020 2701 tels.
1066 2638 1140 2700 Cum
1163 2640 1248 2701 Luna
1280 2659 1350 2702 vero
1381 2658 1521 2720 processu
1549 2638 1690 2701 utendum
1714 2648 1760 2699 est
1791 2640 1889 2715 priori,

538 2723 719 2803 veniuntque
745 2727 1090 2788 1:1net129tere.
1136 2721 1175 2788 Et
1196 2721 1334 2789 Mercurii
1362 2744 1428 2788 cnm
1451 2727 1520 2788 Sole
1543 2731 1692 2788 extremae
1715 2736 1789 2786 snut
1812 2724 1888 2785 322

528 2822 568 2891 *et
591 2818 633 2872 2:
654 2817 668 2874 l
693 2814 820 2889 circiter;
852 2831 918 2874 cum
940 2812 1026 2875 Lana
1052 2816 1150 2875 1:10
1174 2826 1204 2875 et
1228 2818 1317 2877 125.
1361 2811 1400 2875 Et
1426 2824 1540 2877 tantum
1571 2812 1607 2875 de
1629 2816 1731 2891 posita
1753 2812 1890 2893 planeta·

540 2907 603 2963 rum
626 2899 655 2961 in
677 2900 802 2981 epicyeli
825 2918 976 2983 apogaee‚
999 2920 1064 2963 eum
1086 2893 1206 2964 veloces
1228 2911 1258 2963 et
1279 2902 1382 2963 directi
1404 2898 1556 2981 aarum).

624 2986 687 3051 Etsi
710 3005 781 3049 vero
803 2988 980 3059 exclusimus
1002 2988 1197 3051 conditionem
1219 2990 1478 3067 retrogradationis
1500 2987 1687 3050 statutionis
1709 2987 1891 3065 singulorum

531 3070 559 3135 'a
582 3072 799 3153 competitione
822 3093 886 3136 cum
909 3085 1068 3155 systemate
1086 3078 1228 3157 perlecto,
1250 3087 1340 3139 restat
1363 3088 1460 3138 mmen
1481 3071 1627 3155 generalis
1650 3079 1782 3137 omnium
1805 3077 1891 3154 quin·

543 3181 601 3244 que
633 3180 791 3242 responsus
818 3171 883 3223 cnnt
913 3154 1105 3225 tetrachordis
1130 3173 1164 3227 'et
1190 3159 1269 3226 tonis
1291 3151 1485 3242 disjunctivis.
1530 3162 1648 3241 Quippe
1675 3162 1890 3239 retrogradatio

543 3238 683 3309 coincidit
714 3268 779 3311 cum
801 3252 901 3329 positu
922 3234 1085 3312 diamettali
1114 3260 1145 3311 et
1173 3251 1202 3310 in
1223 3247 1411 3312 inferioribus
1441 3269 1508 3312 cum
1529 3250 1725 3313 occultatione
1757 3248 1892 3309 inferiori.

543 3336 639 3399 Statio
664 3339 695 3395 iu
717 3336 844 3403 Saturno
867 3336 985 3415 quidem
1009 3356 1075 3399 cum
1098 3341 1197 3417 positu
1220 3343 1417 3416 tetragonico‚
1439 3342 1468 3397 in
1491 3339 1571 3399 Jove
1593 3355 1660 3399 cum
1681 3339 1842 3415 amonica,
1865 3336 1893 3393 in

546 3417 643 3488 Marte
665 3422 800 3498 ulterius,
822 3422 953 3487 vicissim
974 3429 1005 3484 in
1027 3413 1143 3487 Venere
1166 3435 1196 3486 et
1216 3424 1361 3487 Mercurio
1385 3435 1468 3498 tune,
1498 3426 1617 3503 qnando
1639 3421 1737 3486 minus
1760 3424 1805 3483 90
1826 3440 1893 3501 par·

543 3505 622 3571 tibus
653 3499 763 3571 aSole
792 3506 916 3587 disum,
947 3521 980 3573 ut
1007 3516 1050 3575 ita
1071 3501 1253 3590 relinquatur
1281 3503 1401 3573 directio
1430 3531 1483 3574 seu
1505 3515 1580 3574 sima
1610 3513 1641 3570 in
1662 3528 1802 3590 apogaeo
1829 3512 1893 3586 epi-

543 3590 627 3680 c'yeli,
651 3596 866 3659 connectendas
889 3616 955 3667 num
978 3597 1223 3663 occultatiouibns
1245 3599 1300 3664 sub
1322 3598 1401 3675 Sole,
1423 3599 1592 3664 inferiorum
1614 3599 1734 3676 quidem
1756 3598 1894 3678 superio·

544 3686 635 3746 ribus.
681 3682 814 3762 Cumque
837 3685 873 3748 de
895 3694 959 3747 tota
980 3690 1162 3748 astronomia
1182 3676 1257 3747 nihil
1276 3706 1371 3773 aeque
1392 3682 1522 3747 neutile
1538 3688 1585 3763 sit,
1611 3705 1700 3765 quam
1713 3686 1772 3745 hoc
1788 3689 1893 3763 ipsum,

546 3770 627 3851 quod
649 3770 786 3850 planetae
808 3764 884 3834 alias
907 3770 1017 3835 directa
1040 3778 1089 3836 via
1111 3774 1256 3850 incedant,
1278 3792 1357 3835 nnnc
1378 3770 1547 3848 consistant,
1571 3791 1648 3837 nune
1669 3786 1829 3834 retrorsum
1850 3770 1893 3831 ie·

543 3866 659 3934 rantur,
690 3868 777 3935 prout
798 3858 851 3921 Sol
880 3856 919 3921 ab
950 3862 986 3921 iis
1014 3866 1165 3923 recesserit
1186 3872 1238 3922 aut
1260 3861 1298 3923 ad
1321 3881 1372 3923 eos
1392 3862 1685 3941 appropinquaverit:
1714 3860 1773 3921 hoc
1795 3861 1890 3938 ipsum

545 3958 665 4025 qnoque
686 3946 832 4008 musicum
854 3941 924 4025 qnid
948 3966 1050 4028 sapere
1073 3946 1148 4010 adeo
1171 3943 1279 4012 insedit
1310 3947 1461 4010 hominum
1483 3950 1602 4023 animis,
1634 3956 1667 4008 ut
1690 3958 1806 4008 veteres
1827 3964 1892 4007 mn-

543 4031 623 4095 sieae
644 4051 716 4094 suae
738 4033 916 4096 dramaticae
939 4030 1047 4111 formas
1069 4033 1230 4101 secundum
1251 4032 1306 4097 has
1328 4036 1511 4116 planetarum
1533 4036 1701 4099 edectioues
1715 4045 1891 4115 apparentes

542 4120 603 4195 sint
626 4118 779 4199 dispertiti,
804 4120 883 4185 chori
906 4126 951 4183 sni
974 4126 1074 4184 munia
1095 4126 1152 4184 tria
1172 4132 1350 4187 statuentes:
1373 4123 1521 4201 strophen,
1544 4122 1746 4200 antistrophen
1768 4132 1800 4181 et
1821 4138 1890 4201 epo·

544 4204 612 4271 dnn.
658 4206 742 4283 Quae
773 4204 970 4272 vetustissima
991 4214 1117 4278 musices
1146 4228 1214 4271 cum
1235 4212 1317 4273 coelo
1340 4212 1519 4289 comparatio
1547 4213 1604 4271 etsi
1632 4228 1683 4287 per
1703 4228 1738 4271 se
1767 4212 1890 4289 pertinet

543 4291 583 4355 ad
605 4292 757 4374 generales
774 4296 839 4373 jam
860 4292 1045 4373 praemissas,
1068 4292 1159 4359 habe’t
1180 4308 1277 4361 tamen
1305 4297 1363 4359 hoc
1384 4300 1457 4361 iuter
1480 4296 1670 4375 particulares
1692 4298 1889 4375 comparatio-

544 4399 597 4443 nes
619 4380 818 4456 relerendum,
847 4384 928 4461 qnod
951 4393 984 4446 ut
1005 4389 1079 4446 inter
1101 4381 1236 4465 planetas
1257 4384 1310 4446 Sol
1335 4392 1366 4447 et
1387 4384 1474 4446 Luna
1500 4384 1750 4461 retrogradatione
1778 4394 1810 4444 et
1830 4390 1890 4443 ata·

545 4472 625 4530 tione
648 4476 755 4544 emant,
778 4468 830 4531 Sol
852 4473 950 4549 potius
973 4484 1026 4554 est,
1051 4475 1101 4556 qui
1124 4469 1293 4547 affectiones
1315 4474 1343 4531 in
1367 4475 1470 4533 ceteris
1485 4471 1611 4549 planetis
1625 4471 1744 4532 luminis
1759 4472 1807 4531 sni
1822 4488 1889 4548 pro-

543 4558 709 4634 pinquitate
737 4557 786 4618 vel
807 4562 967 4619 remotione
989 4568 1151 4637 temperat,
1182 4563 1226 4621 sic
1247 4564 1337 4629 etiam
1363 4559 1453 4619 moro
1474 4554 1625 4620 Musarum
1655 4558 1775 4618 additus
1798 4558 1890 4617 idita

544 4646 641 4721 politis
672 4637 817 4723 choragus
840 4638 965 4725 Apollo,
1000 4656 1029 4709 et
1061 4647 1182 4725 chorggi
1211 4646 1339 4708 officinm
1359 4655 1448 4721 -erat,
1481 4644 1605 4707 amntem
1635 4649 1665 4705 in
1687 4644 1788 4706 medio
1812 4645 1888 4705 chori

544 4732 665 4791 nutibus
687 4748 774 4809 agera
796 4728 917 4794 chorum
939 4735 968 4792 in
991 4734 1100 4797 orbem.
1145 4732 1221 4794 Sunt
1243 4734 1369 4811 quidem,
1392 4735 1443 4811 qui
1456 4735 1498 4794 sie
1521 4732 1668 4811 explicant
1681 4743 1798 4793 motum
1813 4732 1889 4794 chori

502 4822 504 4827 “
545 4808 585 4879 ad
608 4816 725 4900 dextrm
748 4828 861 4896 partes,
884 4838 943 4898 quo
965 4829 1047 4897 motu
1069 4820 1189 4900 strophe
1212 4822 1384 4901 canebatur,
1414 4819 1661 4899 repraesentando
1686 4830 1770 4884 motu
1791 4818 1889 4879 mnndi

546 4907 638 4965 telius
660 4899 699 4967 ab
722 4914 787 4967 ortu
809 4908 839 4965 in
863 4924 999 4969 cremum
1021 4910 1112 4970 inisse
1135 4906 1309 4984 ordinatum,
1331 4927 1366 4970 so
1389 4906 1469 4986 quod
1483 4905 1639 4985 Homerus,
1661 4906 1748 4967 vultu
1769 4907 1811 4968 sd
1824 4924 1888 4986 sep-

544 4994 704 5065 tentriones
726 5010 827 5065 versc,
858 4993 974 5057 dextras
996 4998 1115 5057 orientis
1136 5006 1235 5073 partes
1255 5003 1389 5075 reputet,
1419 4995 1578 5056 occidentis
1600 4996 1751 5071 sinistram
1780 5006 1887 5057 motum

545 5082 738 5157 sonnatium,
770 5081 848 5141 uude
876 5100 945 5160 pars
971 5082 1106 5145 carminis
1137 5081 1317 5165 mnsuopua
1347 5084 1549 5160 denominata,
1581 5084 1688 5147 rolens
1708 5083 1886 5163 planetarum
