4467 6192
1668 691 2046 766 Congrueutia.
2114 691 2282 752 Liber
2313 690 2387 750 11.
3252 691 3376 756 123

689 881 869 951 gruunt
902 875 1069 945 igitur
1102 875 1267 931 trium
1300 874 1556 945 utrinque
1589 870 1959 938 rhomborum,
1998 866 2210 925 obtusis
2253 867 2682 937 conjunctorum,
2729 870 2920 920 ternae
2953 859 3273 937 eminentiae
3319 863 3377 918 in

688 955 849 1011 hiatus
881 953 1264 1024 recipiuntque
1298 953 1412 1010 suis
1445 953 1683 1029 hiatibus
1718 950 1934 1007 illorum
1971 947 2306 1003 eminentias.
2344 947 2442 1010 (Vv
2479 954 2530 999 et
2564 951 2645 1011 ng.
2682 944 2805 1006 21.).

840 1034 933 1091 Sic
974 1034 1199 1102 triginta
1244 1032 1458 1089 rhombi
1499 1033 1672 1102 plani,
1720 1025 2087 1100 proportionis
2141 1025 2496 1097 diagonorum
2544 1021 2790 1084 alterius,
2841 1021 3049 1078 faciunt
3091 1020 3375 1076 rhombum

689 1112 900 1170 solidum
935 1111 1454 1169 triacontaedricum
1490 1111 1595 1179 (Xx
1633 1119 1684 1164 ot
1716 1114 1798 1175 ng.
1838 1109 1963 1175 22.).
2176 1139 2274 1189 553·
2305 1140 2371 1181 2¹·

691 1191 831 1260 Quini
850 1189 1002 1247 enim
1026 1197 1084 1246 et
1108 1190 1258 1260 quini
1281 1189 1522 1258 rhombi,
1560 1188 1775 1259 angulis
1796 1187 1967 1243 acutis

690 1269 948 1339 conjuncti
985 1269 1058 1325 ad
1106 1267 1433 1339 effigiandos
1487 1266 1867 1322 duos·solidos
1913 1283 1980 1321 ex
2111 1304 2152 1340 ᾖ.-

691 1349 937 1418 oppositis
973 1349 1155 1419 plagis
1201 1355 1413 1404 stantes
1429 1389 1443 1415 ‚
1481 1365 1604 1404 cum
1640 1347 1793 1403 hient
1832 1348 1975 1416 apud
2243 1388 2267 1408 ,¹

690 1427 896 1482 obtusos
924 1426 1267 1496 conjunctos,
1294 1426 1579 1496 quinorum
1607 1433 1663 1482 et
1690 1425 1974 1496 quinorum

689 1504 1023 1562 rhomborum
1072 1505 1283 1561 obtusis
1327 1505 1446 1562 aliis
1497 1504 1727 1576 implent
1762 1505 1973 1571 hiatus;
2028 1505 2031 1506 ’

694 1583 908 1653 deniqne
956 1583 1013 1638 in
1051 1584 1337 1655 utriusque
1370 1584 1540 1641 veluti
1575 1592 1753 1642 testae
1798 1583 1974 1639 medio

695 1677 815 1718 sona
845 1679 918 1718 ex
966 1664 1159 1732 decem
1203 1662 1500 1721 rhombis-is
1536 1664 1840 1734 composita
1877 1662 1976 1718 cir·
2075 1672 2083 1688 “

693 1741 839 1796 canit
871 1741 1215 1811 conjungens
1249 1749 1535 1812 utramque
1570 1750 1786 1798 testam.

844 1821 970 1878 Non
988 1834 1112 1878 esse
1136 1838 1266 1879 vero
1289 1821 1477 1892 plures
1500 1821 1772 1892 perfectas
1797 1821 1975 1876 rhom-

694 1898 865 1957 borum
897 1902 1310 1969 congruentias,
1358 1901 1437 1958 sic
1484 1902 1764 1970 probatur.
1837 1900 1977 1955 Sunt

696 1978 820 2033 enim
854 1978 961 2034 duo
1006 1980 1195 2050 anguli
1240 1979 1393 2050 plani
1441 1978 1706 2036 rhombici
1741 1980 1913 2051 acuti,
1964 1983 2073 2040 duo
2124 1984 2336 2052 obtusi,
2384 1997 2614 2052 quorum
2659 1992 2873 2047 semper
2908 1977 3101 2030 acutus
3137 1987 3279 2028 nnus
3308 1980 3380 2045 ,et

697 2072 821 2112 nnus
854 2058 1082 2115 obtusus
1116 2059 1329 2119 iaciunt
1365 2059 1505 2115 duos
1541 2065 1746 2129 rectos,
1795 2077 1894 2118 nec
1944 2065 2128 2134 plures
2164 2063 2341 2119 tribus
2378 2059 2588 2118 obtusis
2627 2054 2957 2126 congruunt,
3003 2067 3072 2107 ne
3119 2058 3379 2120 superent

698 2143 911 2204 quatuor
952 2145 1152 2193 rectos.
1225 2137 1433 2207 Quodsi
1482 2152 1610 2206 ergo
1656 2143 1770 2194 tres
1818 2140 1994 2198 solum
2040 2149 2233 2198 acutos
2271 2139 2642 2210 conjunxeris,
2689 2137 2755 2192 fit
2803 2141 2864 2191 ut
2908 2134 2964 2189 in
3002 2131 3166 2200 cubo,
3212 2132 3376 2187 hexa—

695 2215 846 2270 edron
878 2216 1213 2277 rhombicmn
1250 2234 1375 2274 cum
1411 2215 1622 2274 duobus
1658 2218 1834 2274 solum
1870 2221 2059 2278 solidis
2094 2221 2286 2289 acutis,
2339 2216 2654 2287 longissime
2692 2211 3043 2280 distantibus,
3088 2210 3254 2266 ceteri
3291 2226 3374 2266 so·

696 2295 778 2349 lidi
806 2297 862 2351 in
895 2297 1074 2353 medio
1110 2298 1354 2368 corporis
1405 2313 1514 2352 non
1549 2303 1761 2358 tantum
1796 2299 2027 2370 distant3
2063 2315 2181 2361 non
2230 2303 2514 2354 servantur
2548 2294 2714 2363 igitur
2762 2292 2912 2362 leges
2962 2287 3288 2346 definitionis
3324 2291 3375 2359 8,

696 2391 820 2441 que
847 2390 956 2429 non
990 2375 1230 2432 admittit
1263 2375 1403 2432 duos
1439 2375 1588 2431 solos
1624 2377 1855 2445 angulos
1890 2379 1948 2435 in
1983 2377 2173 2436 eadem
2196 2377 2461 2448 sphaera,
2496 2378 2780 2443 praeterea
2805 2384 2874 2424 ex
2900 2368 2931 2424 6
2954 2366 3142 2422 solidis
3167 2366 3373 2423 obtusis

695 2453 901 2522 quilibet
921 2454 1211 2517 ,clauditur
1238 2471 1274 2512 a
1309 2455 1523 2511 duobus
1562 2454 1773 2513 obtusis
1808 2456 1986 2526 planis
2022 2463 2079 2512 et
2112 2470 2221 2512 uno
2260 2460 2438 2516 acuto,
2474 2466 2614 2520 quae
2639 2446 3014 2518 irregularitas
3049 2462 3266 2502 rursum
3291 2450 3376 2501 est

694 2541 862 2588 contra
896 2532 1257 2603 definitiones.
1330 2534 1480 2603 Ergo
1519 2550 1630 2589 non
1677 2545 1789 2590 tres
1827 2543 2036 2592 tantum
2072 2534 2223 2604 plani
2273 2531 2421 2589 acuti
2466 2531 2612 2584 coire
2659 2527 2871 2585 dehent.
2947 2527 3019 2583 At
3063 2540 3239 2596 neque
3275 2540 3373 2582 sex

695 2610 835 2679 acuti,
868 2611 1094 2667 tetidem
1130 2613 1341 2673 seilicet
1374 2612 1739 2683 rhomborum,
1777 2617 1990 2669 coeunt.
2063 2613 2120 2668 Si
2142 2610 2285 2668 enim
2322 2607 2522 2681 singuli
2546 2607 2751 2662 habent
2775 2605 3129 2674 quantitatem
3156 2604 3187 2676 ζ
3215 2605 3375 2661 unius

694 2688 835 2753 recti,
885 2689 1067 2746 obtusi
1103 2690 1386 2747 habebunt
1421 2693 1644 2762 duplam
1678 2692 2051 2761 quantitatem,
2089 2690 2299 2747 scilicet
2335 2693 2393 2761 ᾗ,
2462 2691 2517 2743 et
2553 2685 2632 2741 sic
2677 2691 2788 2740 tam
2823 2688 2936 2738 tres
2974 2683 3157 2738 obtusi
3213 2699 3375 2752 quam

695 2781 779 2823 sex
808 2769 951 2826 acuti
984 2770 1301 2828 formabunt
1336 2774 1369 2828 4
1405 2781 1599 2843 rectos,
1635 2788 1738 2827 nec
1773 2771 1859 2825 vel
1881 2770 1961 2825 illi
1998 2769 2083 2839 rel
2120 2770 2177 2824 hi
2201 2767 2512 2824 formabunt
2536 2762 2796 2831 angulum
2824 2758 3072 2826 solidum,
3110 2760 3205 2818 sed
3243 2767 3375 2818 ster·
3439 2830 3442 2839 ⁴

694 2854 809 2903 nent
841 2850 1152 2906 continuam
1187 2850 1487 2922 planitiem,
1524 2859 1586 2907 ut
1620 2852 1676 2907 in
1711 2850 1885 2921 figura
1921 2850 1984 2905 G.
2055 2849 2151 2905 Sin
2186 2855 2369 2904 autem
2405 2843 2551 2901 acuti
2587 2841 2825 2896 minores
2850 2845 3149 2907 sumantur,
3189 2841 3371 2895 obtusi

695 2925 905 2994 majores
940 2934 1103 2984 erunt
1136 2935 1194 2985 et
1229 2937 1341 2986 tres
1377 2932 1714 3002 superabunt
1758 2935 1992 3000 quatuor
2026 2936 2224 2984 rectos.
2297 2927 2444 2994 Ergo
2483 2922 2620 2977 duae
2670 2928 2881 2977 tantum
2936 2928 3062 2976 sunt
3096 2917 3374 2987 perfectis·

695 3006 843 3061 simae
873 3007 1192 3068 rhombicae‘
1220 3011 1633 3081 congruentiam
1681 3027 1817 3077 una,
1867 3009 1924 3064 in
1960 3024 2068 3079 qua
2103 3015 2339 3077 quatuor
2372 3002 2518 3060 acuti
2555 3000 2738 3070 anguli
2779 2998 3063 3054 rhombici·
3082 3003 3282 3065 coeunt
3316 2999 3371 3052 in

694 3083 919 3154 'olidum
954 3084 1144 3155 altera,
1180 3088 1236 3145 in
1273 3106 1384 3158 qua
1413 3091 1687 3159 qninque3
1726 3089 1923 3158 quibus
1959 3096 2140 3146 tamen
2175 3084 2480 3141 associatur
2515 3079 2703 3148 cubus„
2742 3087 3000 3146 tanquam
3025 3075 3374 3133 rhomborum

696 3163 906 3217 omnium
922 3164 1265 3236 principium,
1302 3168 1429 3237 quia
1452 3168 1672 3237 planum
1696 3168 1866 3236 ipsius
1893 3172 1977 3221 est
2001 3165 2231 3220 laterum
2257 3159 2562 3231 aequalium
2591 3163 2836 3226 quatuor,
2875 3161 2937 3211 ut
2959 3153 3373 3211 rhombicorum.

844 3237 1143 3300 XXVIII.
1192 3242 1662 3319 Propositio.
1752 3241 2053 3303 Pei-fectae
2100 3242 2158 3299 in
2201 3238 2393 3299 solido
2440 3235 2852 3311 congruentiae
2883 3230 3099 3307 gradus
3131 3230 3371 3291 inferio-

696 3325 763 3383 ris
802 3329 1026 3404 speeies-
1061 3339 1199 3389 sunt
1241 3329 1550 3406 tredecim}
1615 3348 1687 3391 ex
1732 3331 1943 3406 quibus
1988 3328 2264 3391 tredecim
2312 3326 2574 3385 oriuntur
2617 3317 3003 3380 Archimedes
3047 3333 3309 3394 corpora.

850 3408 979 3463 Cum
1015 3411 1159 3466 enim
1193 3414 1522 3471 misceantur
1555 3411 1755 3469 in.hoc
1786 3411 1962 3480 gradu
1996 3411 2201 3481 figurae
2238 3410 2497 3473 diversae,
2535 3417 2702 3472 quare
2737 3416 2836 3471 per
2882 3416 3100 3471 propos.
3130 3401 3212 3454 21.
3248 3402 3374 3457 mis·

698 3488 937 3545 cebunmr
968 3497 1066 3544 aut
1102 3490 1330 3567 duarum
1382 3496 1480 3548 ant
1512 3492 1675 3548 trium
1722 3491 2028 3561 specierum
2073 3490 2296 3558 figurae.
2369 3483 2575 3554 Quodsi
2621 3482 2873 3551 duarum,
2923 3487 3055 3536 tunc
3103 3478 3246 3534 inter
3281 3495 3374 3535 eas

697 3565 770 3620 rel
799 3573 919 3622 sunt
956 3569 1155 3638 trigoni
1191 3571 1277 3627 vel
1314 3587 1422 3627 non
1459 3579 1600 3627 sunt.
1670 3571 1844 3640 Igitur
1886 3587 1952 3626 ex
1988 3569 2214 3638 trigonis
2252 3567 2307 3623 et‘
2342 3561 2641 3632 tetragonis
2693 3559 2834 3615 fiunt
2868 3558 3042 3615 solida
3077 3557 3205 3626 tria,
3260 3559 3374 3629 qui·

700 3643 790 3700 bus
823 3647 1033 3715 quidem
1072 3646 1176 3704 defss
1205 3654 1264 3708 '96
1302 3658 1588 3722 competat.
1660 3652 1799 3708 Nam
1834 3651 1931 3707 illa
1965 3650 2142 3719 rejicit
2177 3647 2382 3704 formas
2415 3645 2582 3698 hasce
2621 3649 2754 3708 tres,
2812 3639 2868 3693 in
2906 3639 3100 3707 quibus
3145 3635 3380 3690 solidum

700 3723 933 3792 angulum
967 3728 1256 3799 claudunt,
1307 3749 1431 3786 eum
1465 3748 1575 3787 uno
1596 3730 1946 3799 tetragonico
1981 3728 2144 3798 plano
2180 3725 2379 3796 angulo
2396 3764 2408 3783 ,
2458 3729 2569 3777 tam
2607 3718 2714 3773 duo
2754 3732 2916 3786 quam
2952 3722 3063 3771 tres
3101 3714 3246 3784 plani
3282 3713 3375 3768 tri·

701 3804 875 3874 80⁰5ssss
910 3814 1007 3862 aut
1041 3826 1163 3864 cum
1201 3811 1412 3868 duobus
1447 3811 1796 3881 tetragonicis
1831 3824 1973 3864 unus
2010 3806 2337 3877 trigonicus;
2372 3800 2502 3871 quia
2537 3799 2593 3852 in

700 3879 851 3949 primo
903 3901 1035 3943 casu
1070 3905 1211 3944 unus
1248 3889 1397 3945 solus
1429 3899 1747 3962 tetragonus
1783 3899 1891 3956 est,
1928 3885 2098 3955 fitque
2132 3883 2412 3940 dimidium
2449 3884 2594 3933 octa·

700 3963 802 4019 &dri
832 3973 885 4022 et
919 3967 1107 4037 anguli
1141 3969 1303 4024 solidi
1337 3977 1465 4025 suut
1499 3970 1931 4036 diversiformes3
1976 3968 2033 4021 in
2070 3964 2310 4020 secundo
2349 3962 2454 4018 dno
2493 3958 2594 4014 soli

700 4047 963 4116 magoni,
1013 4048 1073 4119 in
1119 4048 1284 4103 tertio
1330 4048 1436 4110 duo
1477 4048 1589 4106 ‘soli
1622 4049 1851 4117 trigoni,
1885 4062 2034 4116 quae
2070 4060 2171 4115 per
2203 4043 2288 4098 10.
2338 4045 2467 4096 sunt
2500 4038 2593 4091 im-

700 4123 949 4193 perfectae
986 4126 1388 4194 congruentiae.
1461 4128 1693 4184 Restant
1729 4144 1878 4199 ergo-
1897 4126 2044 4183 modi
2077 4125 2150 4193 bi,
2186 4123 2247 4186 in
2271 4120 2465 4192 quibus
2504 4134 2594 4172 an·

700 4203 861 4271 gulum
893 4204 1130 4261 solidum
1167 4204 1430 4264 claudunt
1463 4206 1631 4278 plani.
1705 4209 1960 4277 Primum,
1999 4209 2234 4275 quatuor
2256 4198 2503 4270 trigonici
2541 4197 2597 4251 et

701 4299 823 4338 unus
861 4286 1253 4354 tetragonicum
1302 4293 1429 4342 sunt
1477 4287 1619 4342 enim
1664 4287 1898 4343 minores
1944 4286 1978 4340 4
2026 4283 2206 4340 rectis.
2281 4280 2597 4347 congruunt

698 4361 845 4431 igitur
876 4379 972 4419 sex
1007 4365 1281 4433 tetragoni
1318 4373 1376 4420 et
1409 4365 1633 4436 triginta
1669 4361 1777 4422 duo
1818 4367 1892 4435 (id
1929 4369 2013 4420 est
2047 4363 2118 4418 20
2152 4369 2208 4418 et
2248 4359 2328 4428 12)
2378 4357 2594 4426 trigoni,

701 4449 748 4493 et
778 4440 835 4496 fit
864 4442 1035 4514 figura
1072 4443 1568 4513 triacontaedrica,·
1595 4447 1741 4515 qnod
1794 4440 2012 4515 appello
2052 4442 2304 4496 Cubum
2341 4438 2590 4493 simum.

700 4517 787 4572 Hic
815 4521 866 4576 in
898 4521 1175 4576 schemate
1210 4524 1391 4592 pictus
1426 4531 1517 4579 est
1542 4525 1654 4580 23¹.
1837 4545 1845 4554 ·

850 4599 1097 4668 Quinque
1132 4601 1274 4655 enim
1311 4603 1561 4671 trigonici
1594 4602 1745 4672 plani
1793 4608 1849 4657 et
1903 4603 2043 4680 uuus
2080 4600 2448 4670 tetragonicus
2501 4614 2587 4653 su·

700 4688 865 4742 perant
896 4685 1131 4747 quatuor
1164 4687 1376 4747 rectos,
1428 4697 1550 4736 eum
1587 4681 1821 4739 debeant
1855 4680 1926 4737 ad
1961 4679 2190 4736 solidum
2227 4678 2585 4737 claudendum

700 4769 804 4809 esse
849 4758 1076 4813 minores
1123 4767 1355 4827 quatuor
1399 4761 1565 4817 rectis
1599 4778 1699 4832 per
1733 4762 1838 4817 16.-
1891 4760 1981 4816 Sic
2016 4759 2177 4813 etiam
2224 4763 2459 4826 quatuor
2496 4758 2584 4811 tri·

702 4834 856 4902 goniei
890 4843 945 4892 et
978 4838 1085 4893 dno
1121 4839 1446 4907 tetragonici
1479 4839 1687 4896 faciunt
1720 4844 1956 4909 quatuor
1990 4845 2186 4894 rectos.
2739 4893 2743 4908 ,

849 4916 1094 4972 Secundo
1130 4918 1240 4972 duo
1276 4918 1525 4987 trigonici
1560 4926 1618 4974 et
1645 4919 1760 4974 duo
1794 4917 2119 4990 tetragoniei
2162 4916 2337 4971 minus
2378 4916 2582 4971 habent
2614 4963 2619 4969 .
2731 4919 2739 4963 ι·

703 4999 905 5057 quatuor
935 4995 1122 5065 rectia3
1170 4997 1259 5056 bic
1291 4997 1457 5067 igitur
1492 5005 1798 5069 congruunt
1838 4999 1880 5054 8
1908 4995 2108 5065 trigoni
2154 5001 2209 5050 et
2245 4995 2277 5051 6
2313 4995 2580 5062 tetragoni

703 5069 760 5123 ad
797 5070 1128 5135 formandum
1175 5092 1343 5132 unum
1385 5075 2032 5134 tessareskaedecaedron
2047 5116 2062 5145 ,
2126 5073 2274 5145 quod
2319 5074 2574 5129 cubocta-

704 5147 850 5203 edron
880 5151 1113 5221 appello.
1181 5153 1395 5212 Pictum
1438 5162 1527 5212 est
1558 5155 1649 5211 hic
1697 5169 1842 5213 num.
1878 5150 1990 5213 23².
2060 5155 2185 5211 Duo
2237 5167 2366 5209 vero
2410 5152 2572 5222 trigo-

707 5227 793 5282 uici
824 5245 937 5286 cum
967 5233 1140 5290 tribus
1176 5235 1525 5306 tetragonicis
1563 5242 1826 5305 superant
1858 5236 1894 5290 4
1927 5242 2121 5291 rectos.
