4467 6192
837 716 920 773 Liber
938 718 985 773 lll.
1006 719 1094 788 Caput
1111 716 1184 774 XIV.
1293 733 1298 738 ·
1623 724 1685 788 395

335 890 506 961 crepandum
542 888 620 945 sude
639 888 764 960 deniqne,
785 892 858 961 quod
875 892 1041 948 astronomia
1060 909 1123 949 vera
1139 893 1247 963 ignorat
1263 909 1324 949 cum
1342 892 1461 963 reliquas
1479 896 1582 952 orbium
1600 897 1687 967 plicas

334 990 385 1042 pro
405 968 521 1038 sIngulis
539 967 664 1039 planetis,
682 972 739 1025 tum
757 973 873 1027 maxime
890 973 1025 1043 epicyclos
1042 972 1103 1027 illos
1123 974 1139 1029 b
1156 972 1336 1041 planetarum,
1346 972 1423 1028 alias
1434 975 1571 1043 potuisset
1582 975 1687 1033 institui

335 1050 398 1108 talis
417 1049 595 1118 comparatio,
615 1056 646 1103 ut
665 1050 729 1117 quia
746 1049 859 1123 epicycli
878 1059 905 1106 et
923 1052 1065 1107 eccentrici
1083 1057 1189 1106 mutant
1206 1050 1356 1119 intervalla,
1375 1066 1445 1118 quae
1463 1053 1606 1119 generibus
1624 1069 1687 1110 cau·

335 1138 380 1187 tus
395 1130 486 1199 jussit
504 1143 658 1197 comparare
676 1128 858 1200 Ptolemaeus,
877 1130 990 1200 epicycli
1008 1130 1115 1199 quidem
1134 1130 1283 1198 iatenalla,
1302 1129 1460 1185 caminata
1478 1130 1537 1186 fere
1555 1132 1687 1202 aequalia,

336 1210 432 1280 generi
450 1207 593 1266 diatonico¹
613 1206 755 1263 eecentrici
773 1211 843 1264 vero'
854 1226 938 1278 parra
956 1217 984 1264 et
1002 1209 1115 1279 epicycli
1133 1217 1232 1277 magna
1249 1208 1424 1264 enharmonio
1442 1211 1619 1269 sociarentur.
1651 1214 1689 1271 tt

334 1303 397 1345 cum
416 1303 491 1343 unns
509 1285 609 1339 Terrae
631 1292 720 1341 motus
745 1288 816 1346 circa
841 1287 932 1343 Solem
949 1303 1055 1345 annutm
1074 1289 1165 1345 deleat
1182 1292 1198 1345 5
1223 1289 1285 1343 illos
1308 1288 1540 1358 inaequalissimcs
1562 1297 1591 1345 et
1612 1306 1687 1345 mona

336 1376 446 1425 anonae
464 1364 596 1435 quosdam
614 1366 806 1435 magnitudinis
825 1367 972 1438 epicyclos,
997 1368 1088 1424 nullus
1106 1369 1135 1423 In
1152 1368 1221 1423 meis
1240 1367 1309 1422 veris
1332 1373 1361 1421 et
1378 1366 1531 1422 causalibus
1547 1384 1687 1440 compara·

339 1447 462 1503 tionibus
480 1443 581 1513 poterit
598 1458 741 1511 superesse
758 1444 835 1501 locus
852 1446 913 1504 istis
930 1446 1066 1517 epicyclis.
1654 1458 1658 1467 '

426 1546 502 1601 Nota
518 1546 593 1600 XIII.
629 1544 738 1598 Dictum
756 1551 799 1598 est
817 1557 911 1614 snpra,
939 1543 968 1598 in
988 1544 1152 1599 astronomia
1171 1545 1320 1601 Ptolemaei
1337 1560 1391 1598 non
1412 1549 1518 1598 exstare
1536 1544 1688 1615 'proportio-

341 1640 390 1679 nes
409 1624 582 1694 planetarum
605 1624 639 1678 ad
657 1640 687 1679 se
705 1630 806 1677 mutuo.
845 1622 936 1691 Quare
955 1641 1009 1679 non
1028 1632 1070 1679 est
1088 1641 1104 1677 a
1123 1640 1188 1679 vero
1208 1625 1421 1695 dissentaneum,
1442 1622 1642 1693 Ptolemaeum,
1667 1631 1691 1685 si

337 1703 504 1757 absolvisset
527 1704 609 1758 etiam
631 1705 684 1758 hoc
710 1710 807 1773 caput,
831 1703 998 1760 indulturum
1022 1704 1125 1773 aliquid
1151 1704 1236 1759 inisse
1259 1702 1342 1773 hujus
1367 1705 1499 1760 similibus
1516 1704 1688 1771 conjectoris,

337 1784 391 1837 Est
404 1790 498 1838 autern
516 1782 632 1837 formata
650 1798 684 1837 ex
703 1782 853 1850 composita
870 1783 1054 1851 proportione.
1090 1785 1160 1839 Nam
1178 1785 1201 1838 si
1219 1784 1358 1853 proportio
1376 1786 1560 1841 reversionem
1572 1783 1642 1839 Solis
1661 1792 1689 1841 et

336 1862 435 1915 Lunae
454 1861 626 1930 duodecupla
643 1867 764 1929 praestat
782 1861 985 1931 proportionem
1003 1862 1207 1919 intervallorum
1225 1864 1479 1934 novemdecuplam,
1501 1871 1627 1919 manente
1644 1863 1689 1917 hic

341 1940 461 2010 simplici
478 1942 683 2011 proportionum
709 1940 974 2008 contemperatione,
997 1948 1157 2010 sequeretur
1174 1943 1208 1997 ad
1226 1944 1429 2014 proportionem
1447 1944 1517 1999 Solis
1535 1951 1563 1999 et
1581 1942 1689 1999 Saturni

339 2019 723 2091 reversionunrtrigecuplam
748 2018 838 2087 (longe
861 2020 990 2087 majorem
1008 2021 1056 2075 illa
1082 2021 1276 2092 duodecupla),
1302 2023 1382 2093 longe
1400 2024 1482 2080 etism
1499 2024 1585 2093 major
1608 2024 1689 2078 iuter·

337 2100 475 2155 vallorum
493 2099 640 2170 proportio,
660 2114 742 2167 quam
759 2095 807 2150 illa
824 2095 1044 2167 novemdecupla.
1080 2099 1252 2155 Admiscetur
1269 2102 1352 2172 igitur
1372 2110 1513 2172 respectus
1531 2100 1689 2157 hamilitatis

337 2182 436 2235 Lunae
455 2188 483 2235 et
501 2178 650 2240 altitudinis
669 2176 792 2245 SaturnI,
812 2176 851 2230 sic
870 2181 900 2231 ut
917 2176 996 2231 Luna
1014 2179 1124 2248 quidem
1141 2181 1178 2234 sit
1194 2182 1283 2237 minus
1301 2182 1381 2237 tarda
1398 2187 1478 2252 quam
1496 2181 1617 2249 humilis,
1641 2180 1689 2236 Sa·

337 2270 438 2316 turnus
458 2259 520 2330 plus
539 2257 633 2314 tardus
653 2272 733 2325 quam
752 2254 833 2325 altus,
852 2254 887 2309 ob
904 2256 933 2309 id
951 2257 1048 2325 ipsum,
1068 2258 1132 2324 quia
1149 2257 1196 2313 illa
1212 2259 1331 2329 humulis,
1350 2259 1495 2324 bisaltas,
1514 2258 1600 2331 quasi,
1619 2273 1690 2328 quae

339 2345 438 2396 centro
457 2338 645 2407 inniterentur,
665 2336 770 2404 aptiora
787 2343 879 2390 essent
897 2334 932 2391 ad
949 2343 1066 2389 motum:
1096 2336 1192 2404 ltaque
1209 2340 1439 2408 praesupponitur
1456 2341 1501 2395 hic
1524 2346 1554 2394 ut
1571 2336 1691 2407 legitima

341 2417 470 2475 collectio
494 2414 568 2483 talla,
592 2413 664 2483 quod
690 2414 725 2468 sit
748 2415 820 2468 sicut
842 2413 912 2496 Infra
937 2413 1027 2467 Solem
1052 2416 1192 2485 proportio
1219 2418 1392 2474 altitudinum
1414 2415 1630 2487 novemdecupla
1655 2414 1690 2469 ad

339 2495 548 2568 proportionem
565 2495 750 2549 reversionum
773 2493 970 2570 duodecuplam
994 2498 1021 2547 et
1038 2494 1182 2563 miuorem,
1207 2497 1246 2551 sic
1265 2513 1347 2566 supra
1366 2493 1460 2551 Solem‘
1481 2495 1517 2551 sit
1537 2496 1594 2550 rice
1612 2508 1691 2548 versa

337 2575 684 2647 proportionesersionum
702 2572 855 2643 trigecupla
872 2572 905 2626 ud
924 2573 1125 2642 proportionem
1143 2573 1314 2629 altitudinum
1332 2574 1579 2645 novemdecuplam,
1597 2571 1690 2627 itidem
1800 2598 1807 2615 ι

338 2657 482 2711 minorem.
518 2654 588 2708 Nam
608 2653 632 2708 si
652 2653 683 2707 19
702 2651 749 2705 dat
770 2652 816 2718 12,
840 2659 904 2706 tunc
921 2652 948 2707 in
968 2668 1000 2706 ea
1017 2652 1194 2721 proportione
1212 2654 1247 2710 30
1265 2654 1312 2709 dat
1330 2654 1363 2711 19
1380 2654 1448 2713 iere.
1483 2654 1521 2709 Et
1543 2654 1613 2708 haec
1629 2668 1691 2721 pro-

338 2734 433 2805 portio
453 2734 597 2788 SaturnIae
621 2731 753 2801 sphaerae
777 2732 812 2786 ad
840 2730 960 2785 Solarem
983 2745 1038 2784 non
1070 2730 1185 2785 multum
1208 2729 1299 2785 differt
1323 2748 1339 2786 a
1361 2733 1510 2788 rationibus
1536 2728 1692 2798 Albstegnii

252 2818 253 2821 ’
337 2822 366 2869 ει
385 2811 542 2880 AlIragani,
569 2812 617 2879 qni
634 2812 824 2880 proportiones
848 2811 955 2865 orbium
978 2812 1107 2873 (assumto
1126 2810 1273 2881 principio,
1298 2811 1371 2879 quod
1394 2811 1525 2881 sphaerae
1548 2826 1578 2865 se
1596 2818 1691 2865 mutuo

340 2892 511 2960 contiugaat)
538 2890 737 2959 investigarunt
761 2904 794 2943 ex
817 2888 957 2958 principiis
975 2887 1147 2945 PtolemaIcis
1171 2891 1401 2959 inveneruntque,
1429 2890 1574 2946 Saturnum
1593 2888 1692 2943 debere
1733 2946 1737 2964 ‚

338 2970 506 3028 summoueri
524 2969 638 3023 aTerra
656 2970 690 3023 ad
707 2968 859 3023 minimum:
879 2967 1058 3035 Albategnius
1079 2970 1165 3025 18100
1182 2969 1386 3026 semidIametris
1399 2971 1507 3038 Terrae,
1525 2967 1690 3037 Alfraganus

252 3042 255 3063 '
342 3042 438 3120 18500,
459 3049 579 3118 quoldum
598 3046 644 3102 Sol
663 3048 734 3103 absit
756 3048 822 3104 1176
841 3047 955 3115 circiter,
975 3062 1045 3115 qnae
1064 3055 1106 3101 est
1118 3047 1258 3117 proportio
1273 3043 1419 3119 sedecupla
1431 3048 1502 3115 Iere3
1518 3046 1584 3103 licet
1601 3052 1691 3100 autem

339 3143 443 3199 augere
462 3127 632 3183 altitudinem
651 3127 784 3195 sphaerae
800 3127 924 3199 Saturni,
943 3126 1011 3181 nihil
1028 3125 1192 3195 impediente
1210 3128 1376 3183 astronomia
1393 3127 1571 3195 Ptolemaica,
1594 3133 1626 3179 nt
1643 3125 1691 3179 fiat

339 3220 367 3265 et
384 3212 448 3279 ipsa
465 3204 678 3275 novemdecupla
696 3205 829 3273 sphaerae
848 3205 960 3274 Solaria,
987 3207 1058 3261 sicut
1075 3206 1129 3259 ista
1147 3214 1189 3260 est
1206 3206 1419 3275 novemdecupla
1437 3206 1569 3274 sphae'rae
1586 3204 1690 3258 Lunae.
1798 3229 1801 3242 ·

338 3290 418 3345 Licet
436 3284 554 3341 vicissim
573 3293 630 3353 (per
648 3284 850 3339 observationes
874 3286 981 3353 quidem
1000 3286 1141 3355 eclipticas
1162 3303 1217 3341 uon
1235 3287 1472 3356 accuratIssimas‚
1498 3302 1515 3340 a
1533 3283 1690 3340 Ptolemaeo

339 3367 478 3499 adhibiffs
497 3365 531 3419 ad
549 3365 620 3419 hanc
638 3364 903 3455 demonstrationem)
921 3363 993 3432 llcet,
1012 3366 1133 3434 inquam,
1151 3366 1313 3421 contrahere
1332 3368 1476 3436 sphaeram
1494 3364 1574 3432 Solis,
1593 3368 1624 3418 ut
1638 3379 1691 3455 pro

252 3455 254 3461 ’
338 3462 435 3501 norem
457 3442 553 3512 ecnpla
570 3442 664 3497 Lunae
682 3442 730 3496 fiat
747 3441 821 3497 rllrua
841 3441 994 3511 sedecupla
1030 3444 1165 3513 Utrinque
1184 3446 1302 3515 sphaera
1314 3447 1385 3501 Solle
1403 3446 1491 3500 media
1509 3444 1557 3499 fiet
1574 3442 1691 3499 medium

252 3534 253 3537 ’
339 3521 546 3597 proportionale
564 3523 635 3575 inter
653 3520 786 3589 ephteras
803 3520 899 3575 Lunae
918 3527 946 3573 et
964 3520 1073 3577 Saturni
1093 3530 1242 3592 extremas,
1266 3525 1341 3580 sient
1353 3540 1428 3581 mese
1449 3525 1477 3577 in
1495 3524 1619 3579 tensione
1637 3540 1693 3579 uua

338 3603 461 3658 omnium
485 3606 528 3654 est
552 3601 668 3656 medium
691 3599 893 3669 proportionale
916 3600 988 3655 Inter
1011 3605 1093 3655 neten
1116 3602 1320 3672 hyperbolaeon
1343 3611 1371 3657 et
1392 3602 1691 3673 proslambanomenon.

251 3694 254 3699 ·
339 3683 401 3737 Hoc
418 3681 508 3771 igitur
525 3681 553 3734 in
571 3680 742 3749 paragrapho
766 3680 841 3748 prior
859 3687 901 3735 est
919 3680 1061 3735 observata
1080 3682 1233 3749 proportio,
1260 3687 1289 3735 at
1305 3682 1333 3735 in
1353 3680 1408 3737 fine
1426 3678 1522 3751 capitis
1545 3680 1573 3733 ia
1591 3679 1693 3734 tabella

252 3772 253 3779 ’
338 3770 485 3832 posterior.

429 3840 506 3895 Haec
523 3840 606 3909 igitur
625 3846 713 3907 erant,
739 3853 809 3907 quae
828 3838 901 3893 circa
917 3838 999 3906 hujus
1018 3839 1114 3907 capitis
1133 3845 1238 3893 textum
1261 3837 1296 3892 ad
1313 3844 1432 3892 mentem
1449 3835 1598 3893 Ptolemaei
1617 3850 1633 3888 a
1650 3850 1693 3889 me

341 3920 537 3977 concinnatum
555 3919 711 3973 annotanda
729 3917 832 3973 censui.
869 3918 955 3972 Venio
973 3934 1045 3974 nunc
1070 3918 1104 3973 ad
1123 3918 1295 3973 collationem
1313 3916 1496 3972 Ptolemaicae
1514 3914 1693 3985 comparatio·

252 4007 254 4019 '
341 4000 383 4055 nis
401 4014 465 4053 cum
483 3997 599 4052 inventis
617 4006 673 4051 tam
692 4002 827 4064 veterum,
846 4009 926 4065 quam
945 3997 1020 4051 meis.

265 4076 269 4083 '
428 4075 493 4129 Etsi
516 4075 586 4129 enlm
605 4075 778 4129 Ptolemaeus
789 4075 893 4143 «capitis
917 4081 1022 4129 textum
1044 4075 1103 4143 ipse
1122 4088 1177 4129 non
1196 4074 1319 4143 scripsit,
1343 4088 1379 4129 ex
1401 4074 1463 4143 ipso
1488 4080 1578 4128 umen
1596 4072 1692 4140 capitis

252 4169 254 4199 ῑ
340 4160 470 4213 lemmate
487 4153 566 4208 facile
585 4152 733 4221 colligitur,
751 4152 937 4209 Ptolemaeum
956 4152 1000 4206 hic
1018 4152 1137 4221 ahqoam
1155 4158 1259 4221 partem
1280 4151 1470 4220 philosophiae
1488 4152 1693 4223 Pythagoricae,
1730 4206 1733 4211 ,

345 4237 379 4290 de
398 4234 519 4289 siderum
537 4234 653 4300 musica,
680 4231 789 4287 tradere
807 4247 921 4300 eamque
939 4232 1035 4285 melius
1060 4232 1205 4287 emendare
1223 4230 1351 4286 voluisse.
1387 4230 1514 4298 Legimus
1532 4232 1603 4292 emim
1621 4228 1694 4299 apud

342 4315 461 4370 Plinium
479 4312 525 4366 lib.
544 4313 578 4366 II.
598 4328 659 4381 cap.
676 4312 718 4379 27,
737 4312 922 4381 Pythagoram
939 4309 1082 4367 intervalla
1100 4310 1231 4366 coelestia
1248 4309 1466 4377 s'rerransqoc
1484 4309 1519 4363 ad
1538 4307 1693 4374 signiferum

341 4406 517 4462 comparasse
536 4408 596 4445 cum
615 4392 718 4447 musico
737 4390 885 4446 interuallo
897 4392 985 4445 utrius
998 4390 1138 4458 diapason.
1176 4388 1255 4444 Sicut
1266 4388 1337 4444 enlm
1350 4388 1377 4440 iu
1392 4387 1523 4456 diapason
1535 4394 1600 4440 sunt
1612 4400 1693 4442 rocas

252 4487 254 4497 ’
341 4482 412 4539 octo,
433 4469 630 4526 constituentes
648 4470 792 4523 intervalla
810 4476 922 4537 septem,
942 4484 1012 4536 quae
1027 4469 1124 4536 juncta
1141 4466 1245 4524 iaciunt
1260 4468 1370 4523 cimiter
1388 4481 1437 4521 sex
1455 4472 1580 4521 tonorum
1597 4464 1692 4533 ampli·

252 4572 253 4579 ¹
340 4552 477 4616 tudinem,
506 4547 545 4602 sic
568 4548 649 4603 etiam
672 4548 699 4601 in
725 4547 825 4603 mundo
850 4548 1033 4605 censebantur
1057 4564 1173 4617 corpora
1196 4557 1258 4604 octo
1281 4548 1448 4614 totidemque
1466 4544 1559 4613 orbes,
1587 4550 1694 4612 septem

340 4631 451 4701 qrridem
469 4625 581 4681 totidem
599 4625 777 4695 planetarum,
797 4633 893 4682 octava
909 4642 973 4682 vero
991 4626 1115 4682 fixarum.
1151 4627 1321 4697 Pythagoras
1332 4625 1415 4693 igitur
1432 4639 1547 4692 corpora
1564 4624 1694 4679 coelestia

339 4705 510 4777 compararit
527 4706 609 4774 aonia,
630 4720 774 4775 corporum
790 4706 933 4761 Intervalla
951 4722 1079 4761 sonorum
1097 4704 1255 4760 intervallis.
1292 4704 1406 4760 reddit
1429 4702 1595 4758 coelestibus
1612 4704 1693 4760 utiam

341 4788 457 4843 Terram
474 4784 569 4853 ipsam,
589 4798 748 4853 comparans
773 4793 801 4839 et
818 4784 889 4839 hanc
907 4784 1030 4848 unhono,
1049 4782 1127 4849 cujus
1144 4784 1299 4837 accessione
1323 4798 1358 4835 ex
1376 4781 1508 4850 diapason
1531 4788 1694 4858 seuboatara

340 4864 426 4919 fiebat
449 4879 530 4918 nona.
567 4863 661 4918 Facile
684 4864 754 4917 enim
779 4862 990 4931 deprehenditur
1007 4861 1089 4916 PlinIi
1110 4862 1218 4930 lapsus,
1245 4860 1370 4930 quicum
1394 4876 1428 4915 ex
1446 4860 1618 4931 Pythagorae
1635 4862 1694 4931 pla·

342 4945 403 4999 citis
422 4960 440 4998 a
459 4942 545 4998 Terra
563 4943 596 4997 ad
616 4942 771 5011 signiferum
789 4941 945 5011 collegisset
963 4954 1098 4995 summam
1113 4946 1219 5008 septem
1235 4946 1377 5008 tonorum,
1396 4940 1564 5009 dispertitam
1585 4941 1614 4996 in
1630 4947 1693 4997 octo

341 5021 496 5089 intervalla,
513 5037 609 5077 nouem
626 5023 747 5077 terminIs
767 5036 815 5076 seu
833 5019 992 5089 corporibus
1009 5018 1189 5085 interstincta,
1207 5026 1304 5087 postea
1315 5021 1534 5088 pronuncIarerit
1542 5036 1692 5091 perperam,

343 5103 415 5157 banc
434 5115 568 5155 summam
586 5108 691 5169 septem
714 5108 841 5155 tonorum
859 5098 967 5153 efficere
985 5096 1129 5166 diapason,
1155 5112 1216 5151 cum
1234 5104 1355 5166 constet,
1383 5114 1431 5153 sex
1451 5100 1524 5155 solos
1548 5110 1628 5156 tonos
1645 5099 1693 5156 im·

344 5181 418 5250 plere
444 5179 592 5250 diapasoa3
619 5179 713 5249 itaque
737 5178 789 5233 hoc
813 5176 903 5235 dicere
926 5174 1032 5246 debuit,
1059 5174 1173 5231 ahana
1196 5191 1284 5246 usque
1312 5177 1347 5233 ad
1364 5177 1523 5246 signuernm
1545 5177 1694 5234 secudum
