4467 6192
951 629 1093 703 apolonie
1632 637 1696 701 486

345 810 463 874 tendam
508 810 578 877 Mea
598 810 706 871 'Persae
727 811 828 871 anima
848 808 923 870 latet
937 812 1032 885 intus;
1051 808 1162 885 quodsi
1184 816 1217 867 tu
1232 808 1417 886 probaveris,
1438 807 1619 875 aedisticnca
1633 829 1699 871 ma·

342 916 419 959 nere·
437 899 524 973 loris,
549 898 795 973 confossa.igitnr
819 906 863 959 eet
885 896 1073 974 philosophia
1095 916 1178 971 mea,
1202 914 1260 960 non
1282 897 1450 962 novenum
1470 900 1568 957 anima
1591 897 1699 964 Terrae

344 987 384 1049 ab
409 987 595 1063 aspectibus,
631 1001 720 1062 querc
751 992 884 1047 cessante
917 984 981 1061 ejus
1009 984 1122 1069 cilicio,
1155 984 1233 1045 node
1255 987 1384 1048 animam
1415 1001 1470 1061 ege
1500 984 1699 1050 demensisque

343 1072 444 1148 volni,
475 1090 512 1133 ne
536 1072 653 1149 quidem
677 1075 732 1133 crit
752 1074 853 1149 alique
875 1068 981 1135 Terrae
1012 1075 1120 1135 anima.
1164 1072 1269 1152 Hanc,
1301 1072 1438 1148 inquam,
1472 1090 1593 1148 scopum
1616 1080 1699 1135 tuum

344 1160 446 1235 video,
470 1168 501 1223 at
523 1160 671 1237 quomedo
692 1159 732 1219 ad
755 1178 821 1222 enm
846 1159 995 1240 collimee,
1022 1178 1085 1227 non⁴
1103 1161 1199 1239 capio.
1245 1160 1276 1221 Si
1300 1159 1432 1221 visibiles
1454 1159 1555 1235 anguli
1576 1169 1647 1223 sunt
1669 1163 1698 1220 in

342 1251 429 1319 aire,
453 1258 536 1309 crunt
561 1247 648 1309 iidem
673 1256 702 1307 et
724 1249 753 1305 in
776 1247 882 1321 uena,
912 1251 982 1323 quia
1003 1264 1062 1309 non
1085 1258 1235 1327 reputans
1258 1248 1397 1307 distantia
1419 1250 1509 1311 centri
1533 1266 1551 1307 a
1573 1250 1698 1310 circam·

343 1335 476 1408 terentia,
494 1338 569 1395 airis
593 1338 621 1395 in
645 1334 857 1414 radiationibus
880 1329 1073 1412 planetarum,
1108 1352 1144 1403 sc
1167 1354 1202 1395 ne
1225 1338 1254 1396 in
1270 1335 1372 1402 Lassae
1390 1334 1507 1411 quidem
1529 1335 1596 1411 plns
1612 1352 1700 1412 qnam

343 1422 574 1499 qnodxduarnm
598 1424 733 1486 hosarum
754 1425 853 1502 spatio
876 1426 992 1499 posnani
1014 1425 1116 1501 possit
1162 1424 1212 1498 At,
1236 1425 1342 1499 inquis,
1366 1424 1498 1499 opacitas
1513 1422 1620 1500 Terrae
1642 1425 1700 1482 im·

342 1510 437 1588 pedit.
483 1510 554 1569 Esto
584 1510 619 1569 de
652 1510 774 1584 lumine,
809 1528 885 1587 nego
909 1511 1065 1587 tumendo
1090 1514 1213 1586 virtute,
1249 1508 1287 1571 do
1311 1512 1480 1571 instantiam
1511 1519 1699 1588 amegasio,

345 1597 543 1657 sedictionem
567 1598 631 1673 ejus
654 1614 711 1656 non
736 1596 856 1675 impedit
878 1596 1012 1657 soliditas
1035 1601 1109 1661 anri.
1211 1655 1218 1674 ,
1432 1654 1438 1658 ,

435 1684 494 1743 Cur
516 1692 616 1747 autem
644 1694 675 1745 tu
698 1702 788 1763 negas
811 1686 936 1762 angulos
957 1686 1155 1745 indictionum
1183 1688 1212 1744 in
1235 1684 1347 1753 Terra?
1392 1683 1470 1759 Quia
1492 1686 1611 1761 spiritus
1634 1685 1700 1744 Do-

344 1773 418 1831 mini
442 1790 500 1831 non
525 1774 579 1831 sub
603 1771 693 1833 Terre
716 1768 766 1853 (tu
788 1775 841 1843 ais,
866 1789 924 1831 non
941 1775 976 1858 'in
1000 1774 1137 1846 tenebris,
1160 1775 1334 1851 incogitauq
1361 1772 1457 1837 lacem
1481 1783 1549 1837 tunc
1570 1771 1699 1834 nondum

344 1854 455 1939 luisse)
479 1860 532 1930 aed
554 1877 642 1935 super
658 1863 755 1943 aquis,
779 1859 845 1925 loco
860 1860 971 1921 scilicet
986 1863 1070 1933 airis,
1094 1861 1241 1922 terebatur
1260 1862 1289 1918 in
1305 1859 1473 1936 primordio.
1521 1858 1614 1935 Quasi
1631 1878 1700 1922 vcro

346 1949 464 2009 intersit
486 1946 523 2007 ati
547 1946 741 2026 radiationes,
765 1948 814 2005 ubi
838 1950 956 2025 spiritus
979 1948 1099 2009 Domini
1123 1946 1236 2007 dicator
1262 1947 1340 2007 latua
1364 1964 1438 2008 esse.
1481 1947 1611 2016 Badiam
1633 1947 1700 2026 qia·

346 2046 436 2095 actae
468 2033 559 2095 coelis
587 2034 650 2111 jam
682 2035 822 2103 conditis,
855 2042 951 2095 textus
975 2043 1134 2095 mus'ante
1156 2036 1255 2095 coelos
1279 2034 1416 2101 conditos
1436 2035 1617 2112 intelligitur.
1664 2036 1701 2098 ut
1733 2083 1738 2091 .

346 2122 480 2199 loqueris
504 2122 539 2183 dc
561 2123 688 2197 angulis,
712 2136 770 2183 non
793 2131 832 2183 nt
849 2114 884 2181 de
908 2122 1058 2183 accidente
1080 2122 1297 2185 individuarum
1314 2121 1511 2200 radiationum
1527 2122 1700 2199 quotidiano

347 2220 379 2269 et
402 2212 585 2282 transitorio,
609 2209 661 2269 scd
684 2218 716 2269 nt
738 2210 775 2274 dc
798 2210 965 2272 substantia
984 2209 1110 2271 duranto
1133 2228 1153 2269 a
1171 2210 1346 2288 primordio,
1368 2211 1496 2287 angulos
1519 2212 1613 2273 tactos
1635 2227 1699 2272 esse

345 2299 378 2355 in
401 2300 481 2357 a'e're.
525 2296 602 2361 Illud
627 2297 751 2374 deniqne
775 2296 910 2357 dabimus
933 2296 1078 2376 theologia
1101 2296 1319 2372 mennonium,
1342 2296 1487 2372 Robetto,
1510 2297 1700 2374 quodecim

344 2389 409 2445 tum
435 2384 551 2443 Domini
574 2400 611 2445 cx
635 2385 732 2445 verbis
754 2374 848 2445 Moais
863 2392 909 2443 ta
931 2382 1003 2445 dicis
1026 2388 1154 2445 animam
1178 2387 1284 2461 totins3
1317 2402 1385 2445 nam
1410 2388 1453 2445 ita
1481 2404 1528 2447 me
1553 2384 1700 2449 catholica

346 2471 452 2531 dcccxc
476 2470 592 2530 videtur
615 2471 751 2553 ecclesia,
784 2475 918 2549 spiritum
942 2473 1061 2534 Domini
1090 2479 1251 2535 creatorem
1273 2490 1355 2551 esse,
1386 2475 1513 2535 animam
1533 2474 1644 2546 mous,
1674 2474 1701 2531 si

343 2576 407 2635 qua
431 2567 491 2629 est,
523 2568 693 2632 creaturam.
741 2556 837 2621 Tanto
867 2561 963 2622 minna
986 2562 1075 2637 igitur
1104 2560 1213 2635 habes,
1245 2558 1326 2636 qnod
1353 2579 1372 2618 a
1392 2562 1497 2638 ερίτΙιη
1520 2560 1641 2621 Domini
1663 2558 1701 2621 ati

342 2646 526 2711 radiaticncs
550 2648 607 2705 tuis
631 2649 848 2723 consequentiis
872 2645 1013 2723 deducas

436 2733 606 2796 Bisastilem
631 2742 667 2797 ct,
681 2734 851 2795 trismtilcm
873 2733 949 2797 laiso
972 2736 1044 2795 meis
1068 2733 1213 2801 admisces
1229 2736 1314 2793 novis
1330 2726 1508 2810 aspectione.
1552 2735 1620 2795 Noa
1634 2752 1700 2797 sum

345 2821 426 2881 adeo
449 2820 601 2897 stupidus,
626 2832 658 2880 nt
678 2824 884 2882 nummasius
905 2839 935 2881 sa
958 2822 1164 2903 multiplicem,
1198 2838 1264 2881 cum
1285 2823 1393 2897 sciam,
1420 2822 1472 2882 illo
1496 2821 1619 2898 trinam,
1642 2824 1700 2882 isto

345 2911 518 2985 oppositum
540 2918 692 2985 aspectum
716 2912 863 2972 constitui.
1134 2970 1140 2980 ¹

438 2996 550 3059 omum
574 2996 627 3057 tibi
651 2995 780 3071 videtur,
803 2996 903 3073 plnres
926 3013 991 3057 cese
1014 3003 1167 3072 aspectus,
1199 3013 1288 3072 quam
1311 3004 1378 3055 sunt
1405 2998 1433 3055 in
1457 2995 1580 3057 zodiaco
1603 3002 1702 3073 partes

346 3083 519 3157 megiales.
564 3081 630 3141 Non
663 3083 760 3161 plnres
792 3092 904 3159 statuo,
938 3084 977 3143 mi
1001 3082 1146 3156 lieberto,
1177 3084 1201 3143 ei
1224 3101 1291 3159 pem
1322 3083 1474 3161 integralis
1498 3082 1576 3143 idem
1606 3091 1701 3156 acaci,

345 3170 432 3247 quod
453 3169 621 3245 aequalium
643 3174 810 3247 portionum
833 3190 902 3234 ncne.
936 3171 1056 3231 ‘Divide
1078 3187 1204 3247 nemque
1225 3171 1379 3234 zodiacum
1402 3172 1433 3230 in
1448 3170 1701 3234 dodecatamorla:

344 3266 435 3319 crunt
456 3265 592 3335 aspectus
612 3262 805 3333 semisextua,
837 3260 964 3334 sextilis,
999 3256 1176 3334 quadratas,
1208 3260 1315 3332 ninus,
1344 3262 1511 3335 quincunx,
1534 3260 1698 3337 oppositus.

344 3344 459 3405 Dividc
482 3362 595 3405 rursum
620 3342 720 3427 (potes
743 3349 837 3425 esim)
861 3349 889 3405 in
913 3346 1124 3413 dacatamoria:
1153 3354 1238 3406 erum
1259 3356 1396 3423 aspectus
1419 3345 1537 3421 docilis,
1559 3345 1700 3423 quintilis,

347 3432 502 3505 tridecilis,
521 3433 699 3509 ,oiqmnuliq
724 3436 886 3512 oppositas.
931 3432 1041 3495 Divide
1065 3432 1193 3509 denique
1218 3436 1251 3492 iu
1265 3434 1469 3510 cadcemnus:
1493 3443 1577 3494 erunt
1597 3450 1704 3510 aspac-

345 3526 398 3581 ms
431 3519 591 3595 sequacitas
622 3539 674 3582 sau
708 3522 817 3595 octilis,
852 3520 1026 3597 quadratus,
1060 3520 1238 3597 scsqnadrus
1267 3538 1320 3586 ssu
1353 3521 1504 3595 trioetilis,
1539 3524 1703 3599 oppositus.

348 3606 457 3667 Potest
481 3606 572 3691 dividi
596 3618 626 3669 ct
648 3611 677 3665 in
701 3609 890 3686 hcplemoria,
914 3626 972 3670 non
995 3616 1082 3669 arunt
1103 3616 1201 3669 umen
1223 3607 1275 3669 ulli
1298 3607 1458 3673 secundum
1480 3608 1557 3670 hanc
1579 3608 1704 3669 divisio-

351 3712 423 3755 nem
446 3704 591 3771 aspectus.
636 3695 764 3757 Itanon
786 3696 894 3774 plnres,
918 3704 949 3755 at
970 3698 1124 3773 pannones
1146 3696 1242 3757 habeo
1258 3704 1404 3773 maeotim
1429 3714 1516 3772 qaam
1532 3704 1628 3775 partes
1651 3704 1703 3757 tao

345 3800 439 3843 sensa
463 3782 630 3858 integrales.
990 3820 995 3829 -

331 3946 338 3955 ο
437 3868 564 3935 Rumina
586 3886 632 3929 mc
656 3886 760 3929 oneras
783 3870 858 3931 falec
881 3871 955 3943 fine,
988 3878 1022 3929 nt
1045 3886 1179 3947 corpora
1199 3872 1357 3946 νῳιιὶιιήα
1379 3887 1552 3947 comparem
1575 3871 1703 3944 anocti-

345 3958 415 4019 oss.
462 3958 552 4033 Atqui
569 3956 790 4020 nullamesatat
806 3958 892 4035 injus
908 3965 1030 4021 conatus
1049 3959 1214 4032 vestigium.
1259 3958 1319 4019 Cur
1333 3960 1410 4019 enim
1431 3964 1569 4033 moestus
1584 3954 1703 4017 sonum

348 4044 541 4117 deducerem,
575 4062 664 4119 quam
694 4062 713 4105 a
742 4044 842 4120 figuris
872 4044 989 4122 planis?
1034 4045 1073 4103 At
1094 4061 1150 4107 nec
1181 4043 1255 4103 illud
1278 4060 1378 4105 verum
1404 4046 1702 4121 est‚·propostioacs
1734 4079 1741 4090 ·

346 4132 536 4193 harmonicus
557 4134 609 4192 acu
634 4136 844 4193 consonantias
863 4123 893 4191 in
916 4149 1004 4208 opere
1027 4148 1092 4191 meo
1115 4139 1196 4191 ottus
1220 4148 1310 4194 musa
1328 4131 1462 4193 dierum
1485 4132 1703 4208 intarqninquc

348 4236 484 4296 corpora.
528 4219 563 4277 ln
586 4218 729 4297 Myetcrio
754 4220 1002 4297 uosmcgmpnno
1027 4221 1139 4279 tentavi
1162 4215 1232 4294 quid
1256 4219 1440 4295 hujusmodi,
1464 4221 1494 4277 in
1516 4217 1703 4282 Harmonicn
1821 4267 1825 4291 ,

346 4310 451 4386 potina
475 4306 599 4368 discutio
622 4316 736 4381 veteres
758 4307 813 4385 hqs
834 4326 916 4367 meas
940 4306 1195 4390 hallucinationes,
1219 4305 1288 4367 dum
1310 4318 1446 4386 aspectus
1468 4322 1528 4366 non
1543 4307 1615 4383 ipsis
1631 4322 1703 4365 con·

346 4396 495 4457 annuntiis
518 4395 708 4471 simplicibus,
732 4394 783 4453 sed
807 4412 906 4457 earnm
921 4397 1018 4467 sociis,
1041 4395 1240 4455 consonantiis
1263 4395 1440 4471 maioribus,
1457 4392 1575 4469 copulo.
1621 4392 1702 4453 Cava

344 4482 443 4545 lector
472 4482 632 4558 quidquam
662 4482 730 4541 hnic
758 4481 887 4543 &berlo
919 4480 1020 4555 credas
1050 4498 1151 4551 earnm
1173 4498 1288 4556 seram,
1314 4498 1389 4559 quas
1417 4481 1468 4540 illc
1497 4478 1570 4539 milii
1592 4480 1701 4555 tribuit,

348 4586 477 4646 quarum
499 4568 586 4629 fidem
612 4569 666 4629 tibi
688 4568 761 4629 liber
783 4571 846 4645 ipse
869 4587 951 4631 meus
973 4570 1069 4633 iacere
1090 4571 1194 4646 possit
1584 4566 1589 4576 ‘

437 4657 573 4734 Diapcon
594 4664 623 4717 ct
646 4656 838 4734 oppositionis
861 4667 1011 4735 aspectum
1034 4673 1070 4717 cx
1092 4647 1198 4719 iiadc'm
1220 4671 1275 4729 eqo
1300 4653 1496 4716 fundamentis
1517 4655 1702 4732 geometricis

345 4741 468 4817 usuum
491 4762 545 4825 nco
567 4744 655 4820 hujus
678 4746 903 4809 consociationis
927 4752 1027 4805 auctor
1043 4762 1108 4805 som
1122 4745 1241 4819 psincus,
1265 4745 1359 4801 omnia
1379 4740 1593 4817 mtrolcgomm
1618 4743 1700 4802 natio
1736 4794 1740 4801 .

344 4828 423 4895 inuc
444 4848 463 4889 a
485 4830 559 4891 duce
580 4830 753 4892 Ptolomaeo
777 4831 886 4891 dudum
909 4848 973 4893 cam
996 4833 1114 4908 recepit.
1158 4830 1199 4889 At
1221 4826 1423 4903 tn,.Robe1tc‚
1444 4832 1519 4888 tanti
1543 4846 1703 4891 consensus

345 4916 471 4991 oblitus,
496 4920 525 4977 in
548 4936 594 4995 me
618 4919 712 4979 solnm
736 4920 866 4995 intueris,
889 4936 935 4981 me
958 4919 1092 4977 omnibus
1109 4917 1216 4977 ictibus
1238 4924 1290 4991 per
1304 4932 1406 4978 omnes
1422 4919 1593 4979 occasiones
1615 4918 1700 4996 petis,

345 5014 384 5065 ut
408 5009 645 5081 comparationes
667 5024 749 5067 meas
772 5006 926 5071 distusboa.
971 5005 1170 5065 Vesuntamcn
1185 5010 1226 5077 tu,
1251 5002 1358 5063 salictis
1374 5006 1600 5065 consociationis
1613 5004 1702 5079 hujus

345 5090 564 5169 laudamentis,
595 5094 702 5170 quibus
725 5110 783 5155 nnn
805 5096 934 5157 subrutis
955 5092 1040 5156 *firme
1060 5090 1113 5154 illa
1135 5108 1249 5169 semper
1271 5091 1377 5169 sonu,
1408 5090 1448 5153 ati
1469 5093 1590 5154 ellectas
1613 5106 1701 5153 cocao

1477 5198 1547 5263 28*
