<?xml version="1.0" encoding="UTF-8"?>
<!DOCTYPE html PUBLIC "-//W3C//DTD XHTML 1.0 Transitional//EN"
    "http://www.w3.org/TR/xhtml1/DTD/xhtml1-transitional.dtd">
<html xmlns="http://www.w3.org/1999/xhtml" xml:lang="en" lang="en">
 <head>
  <title>
</title>
<meta http-equiv="Content-Type" content="text/html;charset=utf-8" />
  <meta name='ocr-system' content='tesseract 3.04.00' />
  <meta name='ocr-capabilities' content='ocr_page ocr_carea ocr_par ocr_line ocrx_word'/>
</head>
<body>
  <div class='ocr_page' id='page_1' title='image "./joanniskepleria19frisgoog_0419.png"; bbox 0 0 4467 6192; ppageno 0'>
   <div class='ocr_carea' id='block_1_1' title="bbox 894 485 1738 598">
    <p class='ocr_par' dir='ltr' id='par_1_1' title="bbox 894 485 1738 598">
     <span class='ocr_line' id='line_1_1' title="bbox 894 485 1738 598; baseline 0.018 -29"><span class='ocrx_word' id='word_1_1' title='bbox 894 510 977 569; x_wconf 77' lang='lat' dir='ltr'><strong>aruer</strong></span> <span class='ocrx_word' id='word_1_2' title='bbox 995 508 1044 567; x_wconf 82' lang='lat' dir='ltr'><strong>nr.</strong></span> <span class='ocrx_word' id='word_1_3' title='bbox 1066 511 1156 581; x_wconf 75' lang='lat' dir='ltr'><strong>caper</strong></span> <span class='ocrx_word' id='word_1_4' title='bbox 1172 508 1232 569; x_wconf 85' lang='lat' dir='ltr'><strong>xv.</strong></span> <span class='ocrx_word' id='word_1_5' title='bbox 1613 485 1615 492; x_wconf 66' lang='grc'><strong>’</strong></span> <span class='ocrx_word' id='word_1_6' title='bbox 1665 523 1738 598; x_wconf 77' lang='lat' dir='ltr'><strong>¹cor</strong></span> 
     </span>
    </p>
   </div>
   <div class='ocr_carea' id='block_1_2' title="bbox 384 691 1740 945">
    <p class='ocr_par' dir='ltr' id='par_1_2' title="bbox 384 691 1740 945">
     <span class='ocr_line' id='line_1_2' title="bbox 386 691 1739 772; baseline 0.004 -22"><span class='ocrx_word' id='word_1_7' title='bbox 386 694 531 751; x_wconf 83' lang='lat' dir='ltr'><strong>nieorum.</strong></span> <span class='ocrx_word' id='word_1_8' title='bbox 576 693 652 754; x_wconf 89' lang='lat' dir='ltr'><strong>Nam</strong></span> <span class='ocrx_word' id='word_1_9' title='bbox 679 696 711 753; x_wconf 93' lang='lat' dir='ltr'><strong>in</strong></span> <span class='ocrx_word' id='word_1_10' title='bbox 741 694 901 761; x_wconf 88' lang='lat' dir='ltr'><strong>eceentrico</strong></span> <span class='ocrx_word' id='word_1_11' title='bbox 932 693 1049 769; x_wconf 89' lang='lat' dir='ltr'><strong>quidem</strong></span> <span class='ocrx_word' id='word_1_12' title='bbox 1077 694 1262 768; x_wconf 81' lang='lat' dir='ltr'><strong>superiorum</strong></span> <span class='ocrx_word' id='word_1_13' title='bbox 1282 699 1379 751; x_wconf 92' lang='lat' dir='ltr'><strong>motus</strong></span> <span class='ocrx_word' id='word_1_14' title='bbox 1407 698 1470 755; x_wconf 88' lang='lat' dir='ltr'><strong>erat</strong></span> <span class='ocrx_word' id='word_1_15' title='bbox 1491 691 1617 769; x_wconf 85' lang='lat' dir='ltr'><strong>tardior,</strong></span> <span class='ocrx_word' id='word_1_16' title='bbox 1649 695 1739 772; x_wconf 90' lang='lat' dir='ltr'><strong>Sulis,</strong></span> 
     </span>
     <span class='ocr_line' id='line_1_3' title="bbox 387 776 1740 866; baseline 0.004 -29"><span class='ocrx_word' id='word_1_17' title='bbox 387 776 519 853; x_wconf 83' lang='lat' dir='ltr'><strong>Veneris,</strong></span> <span class='ocrx_word' id='word_1_18' title='bbox 544 778 679 841; x_wconf 79' lang='lat' dir='ltr'><strong>Mercurii</strong></span> <span class='ocrx_word' id='word_1_19' title='bbox 702 794 800 841; x_wconf 87' lang='lat' dir='ltr'><strong>motus</strong></span> <span class='ocrx_word' id='word_1_20' title='bbox 822 780 1010 855; x_wconf 72' lang='lat' dir='ltr'><strong>velocissimi,</strong></span> <span class='ocrx_word' id='word_1_21' title='bbox 1035 787 1157 857; x_wconf 86' lang='lat' dir='ltr'><strong>excepto</strong></span> <span class='ocrx_word' id='word_1_22' title='bbox 1180 777 1301 855; x_wconf 83' lang='lat' dir='ltr'><strong>Lunae3</strong></span> <span class='ocrx_word' id='word_1_23' title='bbox 1328 779 1359 836; x_wconf 91' lang='lat' dir='ltr'><strong>ln</strong></span> <span class='ocrx_word' id='word_1_24' title='bbox 1380 780 1517 859; x_wconf 79' lang='lat' dir='ltr'><strong>epicyclo</strong></span> <span class='ocrx_word' id='word_1_25' title='bbox 1540 798 1611 841; x_wconf 89' lang='lat' dir='ltr'><strong>vero</strong></span> <span class='ocrx_word' id='word_1_26' title='bbox 1634 779 1740 866; x_wconf 75' lang='lat' dir='ltr'><strong>Satur·</strong></span> 
     </span>
     <span class='ocr_line' id='line_1_4' title="bbox 384 864 1739 945; baseline 0.004 -22"><span class='ocrx_word' id='word_1_27' title='bbox 384 882 438 925; x_wconf 88' lang='lat' dir='ltr'><strong>nus</strong></span> <span class='ocrx_word' id='word_1_28' title='bbox 467 868 620 945; x_wconf 79' lang='lat' dir='ltr'><strong>supremus</strong></span> <span class='ocrx_word' id='word_1_29' title='bbox 649 870 852 930; x_wconf 80' lang='lat' dir='ltr'><strong>velocissimus</strong></span> <span class='ocrx_word' id='word_1_30' title='bbox 884 876 929 927; x_wconf 92' lang='lat' dir='ltr'><strong>est</strong></span> <span class='ocrx_word' id='word_1_31' title='bbox 954 870 1153 945; x_wconf 78' lang='lat' dir='ltr'><strong>superiorum,</strong></span> <span class='ocrx_word' id='word_1_32' title='bbox 1182 864 1264 926; x_wconf 87' lang='lat' dir='ltr'><strong>Mars</strong></span> <span class='ocrx_word' id='word_1_33' title='bbox 1290 866 1483 930; x_wconf 88' lang='lat' dir='ltr'><strong>tardissimus.</strong></span> <span class='ocrx_word' id='word_1_34' title='bbox 1531 866 1672 929; x_wconf 76' lang='lat' dir='ltr'><strong>Vinssm</strong></span> <span class='ocrx_word' id='word_1_35' title='bbox 1702 885 1739 930; x_wconf 81' lang='lat' dir='ltr'><strong>cx</strong></span> 
     </span>
    </p>
   </div>
   <div class='ocr_carea' id='block_1_3' title="bbox 385 951 1840 1037">
    <p class='ocr_par' dir='ltr' id='par_1_3' title="bbox 385 951 1840 1037">
     <span class='ocr_line' id='line_1_5' title="bbox 385 951 1840 1037; baseline 0.005 -28"><span class='ocrx_word' id='word_1_36' title='bbox 385 955 569 1015; x_wconf 79' lang='lat' dir='ltr'><strong>inferioribus</strong></span> <span class='ocrx_word' id='word_1_37' title='bbox 593 956 695 1017; x_wconf 90' lang='lat' dir='ltr'><strong>Venus</strong></span> <span class='ocrx_word' id='word_1_38' title='bbox 718 958 851 1034; x_wconf 84' lang='lat' dir='ltr'><strong>superior</strong></span> <span class='ocrx_word' id='word_1_39' title='bbox 873 963 919 1015; x_wconf 92' lang='lat' dir='ltr'><strong>est</strong></span> <span class='ocrx_word' id='word_1_40' title='bbox 940 955 1052 1015; x_wconf 81' lang='lat' dir='ltr'><strong>tardior</strong></span> <span class='ocrx_word' id='word_1_41' title='bbox 1071 954 1218 1015; x_wconf 83' lang='lat' dir='ltr'><strong>Mercurio</strong></span> <span class='ocrx_word' id='word_1_42' title='bbox 1232 951 1447 1031; x_wconf 71' lang='lat' dir='ltr'><strong>interiorilffl).</strong></span> <span class='ocrx_word' id='word_1_43' title='bbox 1492 954 1587 1029; x_wconf 71' lang='lat' dir='ltr'><strong>Igitur</strong></span> <span class='ocrx_word' id='word_1_44' title='bbox 1611 966 1644 1017; x_wconf 90' lang='lat' dir='ltr'><strong>ut</strong></span> <span class='ocrx_word' id='word_1_45' title='bbox 1658 960 1738 1037; x_wconf 87' lang='lat' dir='ltr'><strong>prins</strong></span> <span class='ocrx_word' id='word_1_46' title='bbox 1836 1001 1840 1010; x_wconf 87' lang='lat'><strong>.</strong></span> 
     </span>
    </p>
   </div>
   <div class='ocr_carea' id='block_1_4' title="bbox 377 1040 1739 2439">
    <p class='ocr_par' dir='ltr' id='par_1_4' title="bbox 377 1040 1739 2439">
     <span class='ocr_line' id='line_1_6' title="bbox 383 1040 1739 1119; baseline 0.004 -20"><span class='ocrx_word' id='word_1_47' title='bbox 383 1042 534 1119; x_wconf 84' lang='lat' dir='ltr'><strong>epicyclus</strong></span> <span class='ocrx_word' id='word_1_48' title='bbox 557 1052 586 1104; x_wconf 91' lang='lat' dir='ltr'><strong>et</strong></span> <span class='ocrx_word' id='word_1_49' title='bbox 609 1044 659 1104; x_wconf 92' lang='lat' dir='ltr'><strong>alii</strong></span> <span class='ocrx_word' id='word_1_50' title='bbox 682 1044 848 1105; x_wconf 90' lang='lat' dir='ltr'><strong>secundarii</strong></span> <span class='ocrx_word' id='word_1_51' title='bbox 879 1043 963 1103; x_wconf 90' lang='lat' dir='ltr'><strong>orbes</strong></span> <span class='ocrx_word' id='word_1_52' title='bbox 987 1043 1233 1119; x_wconf 87' lang='lat' dir='ltr'><strong>comparabantur</strong></span> <span class='ocrx_word' id='word_1_53' title='bbox 1265 1040 1382 1100; x_wconf 91' lang='lat' dir='ltr'><strong>chordis</strong></span> <span class='ocrx_word' id='word_1_54' title='bbox 1413 1044 1594 1103; x_wconf 81' lang='lat' dir='ltr'><strong>secundariis</strong></span> <span class='ocrx_word' id='word_1_55' title='bbox 1623 1054 1652 1104; x_wconf 95' lang='lat' dir='ltr'><strong>et</strong></span> <span class='ocrx_word' id='word_1_56' title='bbox 1672 1062 1739 1105; x_wconf 87' lang='lat' dir='ltr'><strong>mo-</strong></span> 
     </span>
     <span class='ocr_line' id='line_1_7' title="bbox 383 1128 1738 1209; baseline 0.004 -21"><span class='ocrx_word' id='word_1_57' title='bbox 383 1129 501 1203; x_wconf 82' lang='lat' dir='ltr'><strong>bilibus,</strong></span> <span class='ocrx_word' id='word_1_58' title='bbox 525 1134 568 1190; x_wconf 88' lang='lat' dir='ltr'><strong>aic</strong></span> <span class='ocrx_word' id='word_1_59' title='bbox 590 1150 668 1192; x_wconf 90' lang='lat' dir='ltr'><strong>nune</strong></span> <span class='ocrx_word' id='word_1_60' title='bbox 691 1142 822 1192; x_wconf 90' lang='lat' dir='ltr'><strong>motuum</strong></span> <span class='ocrx_word' id='word_1_61' title='bbox 844 1132 970 1190; x_wconf 81' lang='lat' dir='ltr'><strong>variatio</strong></span> <span class='ocrx_word' id='word_1_62' title='bbox 993 1149 1008 1191; x_wconf 86' lang='lat' dir='ltr'><strong>a</strong></span> <span class='ocrx_word' id='word_1_63' title='bbox 1032 1128 1154 1209; x_wconf 84' lang='lat' dir='ltr'><strong>ieyclica</strong></span> <span class='ocrx_word' id='word_1_64' title='bbox 1176 1130 1443 1206; x_wconf 80' lang='lat' dir='ltr'><strong>repraesentabitur</strong></span> <span class='ocrx_word' id='word_1_65' title='bbox 1466 1146 1517 1207; x_wconf 82' lang='lat' dir='ltr'><strong>per</strong></span> <span class='ocrx_word' id='word_1_66' title='bbox 1538 1130 1738 1208; x_wconf 86' lang='lat' dir='ltr'><strong>pulsationem</strong></span> 
     </span>
     <span class='ocr_line' id='line_1_8' title="bbox 383 1145 1738 1301; baseline 0.004 -28"><span class='ocrx_word' id='word_1_67' title='bbox 383 1211 498 1276; x_wconf 91' lang='lat' dir='ltr'><strong>illarum</strong></span> <span class='ocrx_word' id='word_1_68' title='bbox 527 1219 679 1281; x_wconf 84' lang='lat' dir='ltr'><strong>mobilium</strong></span> <span class='ocrx_word' id='word_1_69' title='bbox 710 1218 882 1279; x_wconf 83' lang='lat' dir='ltr'><strong>chordarum</strong></span> <span class='ocrx_word' id='word_1_70' title='bbox 892 1214 952 1301; x_wconf 75' lang='lat'><strong>¹¹).</strong></span> <span class='ocrx_word' id='word_1_71' title='bbox 998 1145 1035 1276; x_wconf 54' lang='lat' dir='ltr'><strong>Et</strong></span> <span class='ocrx_word' id='word_1_72' title='bbox 1063 1225 1097 1277; x_wconf 87' lang='lat' dir='ltr'><strong>ut</strong></span> <span class='ocrx_word' id='word_1_73' title='bbox 1126 1234 1216 1297; x_wconf 90' lang='lat' dir='ltr'><strong>supra</strong></span> <span class='ocrx_word' id='word_1_74' title='bbox 1243 1217 1425 1293; x_wconf 88' lang='lat' dir='ltr'><strong>planetarum</strong></span> <span class='ocrx_word' id='word_1_75' title='bbox 1456 1220 1485 1275; x_wconf 89' lang='lat' dir='ltr'><strong>in</strong></span> <span class='ocrx_word' id='word_1_76' title='bbox 1508 1232 1615 1295; x_wconf 83' lang='lat' dir='ltr'><strong>genere</strong></span> <span class='ocrx_word' id='word_1_77' title='bbox 1644 1223 1738 1280; x_wconf 88' lang='lat' dir='ltr'><strong>inter·</strong></span> 
     </span>
     <span class='ocr_line' id='line_1_9' title="bbox 381 1301 1738 1385; baseline 0.005 -24"><span class='ocrx_word' id='word_1_78' title='bbox 381 1303 463 1363; x_wconf 89' lang='lat' dir='ltr'><strong>valla</strong></span> <span class='ocrx_word' id='word_1_79' title='bbox 486 1308 626 1379; x_wconf 80' lang='lat' dir='ltr'><strong>maxima,</strong></span> <span class='ocrx_word' id='word_1_80' title='bbox 652 1310 786 1382; x_wconf 91' lang='lat' dir='ltr'><strong>minima,</strong></span> <span class='ocrx_word' id='word_1_81' title='bbox 809 1305 968 1365; x_wconf 90' lang='lat' dir='ltr'><strong>mediocria</strong></span> <span class='ocrx_word' id='word_1_82' title='bbox 997 1306 1154 1385; x_wconf 77' lang='lat' dir='ltr'><strong>generibus</strong></span> <span class='ocrx_word' id='word_1_83' title='bbox 1177 1301 1280 1364; x_wconf 84' lang='lat' dir='ltr'><strong>cantus</strong></span> <span class='ocrx_word' id='word_1_84' title='bbox 1311 1306 1404 1363; x_wconf 90' lang='lat' dir='ltr'><strong>tribus</strong></span> <span class='ocrx_word' id='word_1_85' title='bbox 1426 1304 1660 1383; x_wconf 89' lang='lat' dir='ltr'><strong>respondebant,</strong></span> <span class='ocrx_word' id='word_1_86' title='bbox 1695 1310 1738 1368; x_wconf 87' lang='lat' dir='ltr'><strong>sio</strong></span> 
     </span>
     <span class='ocr_line' id='line_1_10' title="bbox 381 1390 1736 1472; baseline 0.005 -24"><span class='ocrx_word' id='word_1_87' title='bbox 381 1408 459 1450; x_wconf 93' lang='lat' dir='ltr'><strong>nunc</strong></span> <span class='ocrx_word' id='word_1_88' title='bbox 482 1394 664 1469; x_wconf 85' lang='lat' dir='ltr'><strong>singulorum</strong></span> <span class='ocrx_word' id='word_1_89' title='bbox 687 1404 784 1456; x_wconf 88' lang='lat' dir='ltr'><strong>motus</strong></span> <span class='ocrx_word' id='word_1_90' title='bbox 808 1392 969 1472; x_wconf 88' lang='lat' dir='ltr'><strong>epicyclici,</strong></span> <span class='ocrx_word' id='word_1_91' title='bbox 993 1390 1100 1469; x_wconf 91' lang='lat' dir='ltr'><strong>quibus</strong></span> <span class='ocrx_word' id='word_1_92' title='bbox 1123 1400 1272 1451; x_wconf 88' lang='lat' dir='ltr'><strong>mutantur</strong></span> <span class='ocrx_word' id='word_1_93' title='bbox 1286 1390 1450 1465; x_wconf 81' lang='lat' dir='ltr'><strong>intervella,</strong></span> <span class='ocrx_word' id='word_1_94' title='bbox 1475 1394 1626 1469; x_wconf 84' lang='lat' dir='ltr'><strong>aptissime</strong></span> <span class='ocrx_word' id='word_1_95' title='bbox 1648 1404 1736 1471; x_wconf 90' lang='lat' dir='ltr'><strong>pote-</strong></span> 
     </span>
     <span class='ocr_line' id='line_1_11' title="bbox 381 1478 1737 1559; baseline 0.005 -24"><span class='ocrx_word' id='word_1_96' title='bbox 381 1488 446 1537; x_wconf 88' lang='lat' dir='ltr'><strong>runt</strong></span> <span class='ocrx_word' id='word_1_97' title='bbox 469 1482 683 1541; x_wconf 88' lang='lat' dir='ltr'><strong>accommodari</strong></span> <span class='ocrx_word' id='word_1_98' title='bbox 713 1482 751 1542; x_wconf 89' lang='lat' dir='ltr'><strong>ad</strong></span> <span class='ocrx_word' id='word_1_99' title='bbox 775 1481 882 1541; x_wconf 81' lang='lat' dir='ltr'><strong>cadem·</strong></span> <span class='ocrx_word' id='word_1_100' title='bbox 899 1497 1023 1559; x_wconf 84' lang='lat' dir='ltr'><strong>genera,</strong></span> <span class='ocrx_word' id='word_1_101' title='bbox 1054 1496 1118 1540; x_wconf 91' lang='lat' dir='ltr'><strong>cum</strong></span> <span class='ocrx_word' id='word_1_102' title='bbox 1141 1479 1198 1538; x_wconf 92' lang='lat' dir='ltr'><strong>hoc</strong></span> <span class='ocrx_word' id='word_1_103' title='bbox 1220 1478 1401 1552; x_wconf 89' lang='lat' dir='ltr'><strong>discrimine,</strong></span> <span class='ocrx_word' id='word_1_104' title='bbox 1435 1486 1468 1537; x_wconf 90' lang='lat' dir='ltr'><strong>nt</strong></span> <span class='ocrx_word' id='word_1_105' title='bbox 1493 1496 1617 1555; x_wconf 90' lang='lat' dir='ltr'><strong>quornm</strong></span> <span class='ocrx_word' id='word_1_106' title='bbox 1639 1487 1737 1542; x_wconf 88' lang='lat' dir='ltr'><strong>motos</strong></span> 
     </span>
     <span class='ocr_line' id='line_1_12' title="bbox 380 1565 1737 1647; baseline 0.003 -22"><span class='ocrx_word' id='word_1_107' title='bbox 380 1567 556 1645; x_wconf 85' lang='lat' dir='ltr'><strong>epicyelicus</strong></span> <span class='ocrx_word' id='word_1_108' title='bbox 585 1571 680 1647; x_wconf 89' lang='lat' dir='ltr'><strong>major</strong></span> <span class='ocrx_word' id='word_1_109' title='bbox 704 1576 748 1629; x_wconf 90' lang='lat' dir='ltr'><strong>est</strong></span> <span class='ocrx_word' id='word_1_110' title='bbox 770 1576 853 1629; x_wconf 92' lang='lat' dir='ltr'><strong>motu</strong></span> <span class='ocrx_word' id='word_1_111' title='bbox 877 1570 1037 1628; x_wconf 90' lang='lat' dir='ltr'><strong>eceentrico</strong></span> <span class='ocrx_word' id='word_1_112' title='bbox 1060 1568 1249 1644; x_wconf 76' lang='lat' dir='ltr'><strong>recensioque</strong></span> <span class='ocrx_word' id='word_1_113' title='bbox 1273 1568 1302 1625; x_wconf 91' lang='lat' dir='ltr'><strong>in</strong></span> <span class='ocrx_word' id='word_1_114' title='bbox 1326 1565 1457 1645; x_wconf 90' lang='lat' dir='ltr'><strong>epicyclo</strong></span> <span class='ocrx_word' id='word_1_115' title='bbox 1481 1566 1616 1643; x_wconf 89' lang='lat' dir='ltr'><strong>celerior,</strong></span> <span class='ocrx_word' id='word_1_116' title='bbox 1648 1585 1737 1647; x_wconf 89' lang='lat' dir='ltr'><strong>quam</strong></span> 
     </span>
     <span class='ocr_line' id='line_1_13' title="bbox 380 1644 1735 1737; baseline 0.004 -28"><span class='ocrx_word' id='word_1_117' title='bbox 380 1654 408 1710; x_wconf 91' lang='lat' dir='ltr'><strong>in</strong></span> <span class='ocrx_word' id='word_1_118' title='bbox 432 1644 613 1737; x_wconf 85' lang='lat' dir='ltr'><strong>eceentrieo,</strong></span> <span class='ocrx_word' id='word_1_119' title='bbox 635 1661 656 1715; x_wconf 92' lang='lat' dir='ltr'><strong>ii</strong></span> <span class='ocrx_word' id='word_1_120' title='bbox 679 1664 882 1735; x_wconf 89' lang='lat' dir='ltr'><strong>comparentur</strong></span> <span class='ocrx_word' id='word_1_121' title='bbox 905 1657 1002 1732; x_wconf 80' lang='lat' dir='ltr'><strong>generi</strong></span> <span class='ocrx_word' id='word_1_122' title='bbox 1026 1646 1190 1729; x_wconf 65' lang='lat' dir='ltr'><strong>diatonico}</strong></span> <span class='ocrx_word' id='word_1_123' title='bbox 1216 1656 1286 1730; x_wconf 91' lang='lat' dir='ltr'><strong>quia</strong></span> <span class='ocrx_word' id='word_1_124' title='bbox 1308 1648 1396 1713; x_wconf 82' lang='lat' dir='ltr'><strong>ctiam</strong></span> <span class='ocrx_word' id='word_1_125' title='bbox 1419 1657 1447 1712; x_wconf 96' lang='lat' dir='ltr'><strong>in</strong></span> <span class='ocrx_word' id='word_1_126' title='bbox 1471 1653 1524 1713; x_wconf 91' lang='lat' dir='ltr'><strong>illo</strong></span> <span class='ocrx_word' id='word_1_127' title='bbox 1547 1656 1735 1716; x_wconf 90' lang='lat' dir='ltr'><strong>intervallum</strong></span> 
     </span>
     <span class='ocr_line' id='line_1_14' title="bbox 380 1740 1732 1819; baseline 0.004 -21"><span class='ocrx_word' id='word_1_128' title='bbox 380 1742 532 1817; x_wconf 90' lang='lat' dir='ltr'><strong>quodlibet</strong></span> <span class='ocrx_word' id='word_1_129' title='bbox 553 1744 728 1803; x_wconf 90' lang='lat' dir='ltr'><strong>tetrachordi</strong></span> <span class='ocrx_word' id='word_1_130' title='bbox 757 1746 853 1803; x_wconf 90' lang='lat' dir='ltr'><strong>minus</strong></span> <span class='ocrx_word' id='word_1_131' title='bbox 877 1754 932 1802; x_wconf 90' lang='lat' dir='ltr'><strong>est·</strong></span> <span class='ocrx_word' id='word_1_132' title='bbox 949 1740 1059 1819; x_wconf 88' lang='lat' dir='ltr'><strong>junetls&#39;</strong></span> <span class='ocrx_word' id='word_1_133' title='bbox 1083 1742 1199 1802; x_wconf 89' lang='lat' dir='ltr'><strong>duobus</strong></span> <span class='ocrx_word' id='word_1_134' title='bbox 1221 1741 1355 1817; x_wconf 83' lang='lat' dir='ltr'><strong>reliquis3</strong></span> <span class='ocrx_word' id='word_1_135' title='bbox 1387 1758 1512 1818; x_wconf 89' lang='lat' dir='ltr'><strong>quorum</strong></span> <span class='ocrx_word' id='word_1_136' title='bbox 1542 1758 1611 1803; x_wconf 86' lang='lat' dir='ltr'><strong>vero</strong></span> <span class='ocrx_word' id='word_1_137' title='bbox 1634 1754 1732 1805; x_wconf 89' lang='lat' dir='ltr'><strong>motus</strong></span> 
     </span>
     <span class='ocr_line' id='line_1_15' title="bbox 379 1828 1731 1907; baseline 0.002 -20"><span class='ocrx_word' id='word_1_138' title='bbox 379 1830 554 1906; x_wconf 86' lang='lat' dir='ltr'><strong>epicyelieus</strong></span> <span class='ocrx_word' id='word_1_139' title='bbox 576 1833 686 1907; x_wconf 75' lang='lat' dir='ltr'><strong>minin,</strong></span> <span class='ocrx_word' id='word_1_140' title='bbox 717 1836 844 1891; x_wconf 86' lang='lat' dir='ltr'><strong>reversio</strong></span> <span class='ocrx_word' id='word_1_141' title='bbox 867 1830 1038 1894; x_wconf 87' lang='lat' dir='ltr'><strong>tardior&#39;ob</strong></span> <span class='ocrx_word' id='word_1_142' title='bbox 1061 1828 1292 1906; x_wconf 85' lang='lat' dir='ltr'><strong>magnitudinem</strong></span> <span class='ocrx_word' id='word_1_143' title='bbox 1321 1830 1461 1907; x_wconf 90' lang='lat' dir='ltr'><strong>epicycli,</strong></span> <span class='ocrx_word' id='word_1_144' title='bbox 1492 1832 1534 1889; x_wconf 90' lang='lat' dir='ltr'><strong>eis</strong></span> <span class='ocrx_word' id='word_1_145' title='bbox 1557 1846 1652 1906; x_wconf 79' lang='lat' dir='ltr'><strong>genus</strong></span> <span class='ocrx_word' id='word_1_146' title='bbox 1675 1848 1731 1891; x_wconf 89' lang='lat' dir='ltr'><strong>en-</strong></span> 
     </span>
     <span class='ocr_line' id='line_1_16' title="bbox 377 1908 1731 1996; baseline 0.005 -24"><span class='ocrx_word' id='word_1_147' title='bbox 377 1914 559 1976; x_wconf 83' lang='lat' dir='ltr'><strong>harmoniu‘m</strong></span> <span class='ocrx_word' id='word_1_148' title='bbox 583 1918 681 1994; x_wconf 85' lang='lat' dir='ltr'><strong>detur,</strong></span> <span class='ocrx_word' id='word_1_149' title='bbox 709 1922 739 1977; x_wconf 93' lang='lat' dir='ltr'><strong>in</strong></span> <span class='ocrx_word' id='word_1_150' title='bbox 763 1936 821 1996; x_wconf 91' lang='lat' dir='ltr'><strong>quo</strong></span> <span class='ocrx_word' id='word_1_151' title='bbox 844 1920 933 1978; x_wconf 87' lang='lat' dir='ltr'><strong>etiam</strong></span> <span class='ocrx_word' id='word_1_152' title='bbox 956 1916 1145 1989; x_wconf 85' lang='lat' dir='ltr'><strong>intervallum</strong></span> <span class='ocrx_word' id='word_1_153' title='bbox 1167 1908 1258 1975; x_wconf 86' lang='lat' dir='ltr'><strong>unum</strong></span> <span class='ocrx_word' id='word_1_154' title='bbox 1280 1916 1456 1976; x_wconf 86' lang='lat' dir='ltr'><strong>tetrachordi</strong></span> <span class='ocrx_word' id='word_1_155' title='bbox 1478 1926 1598 1995; x_wconf 88' lang='lat' dir='ltr'><strong>superat</strong></span> <span class='ocrx_word' id='word_1_156' title='bbox 1624 1918 1731 1994; x_wconf 84' lang='lat' dir='ltr'><strong>juncta</strong></span> 
     </span>
     <span class='ocr_line' id='line_1_17' title="bbox 378 2004 1730 2083; baseline 0.004 -24"><span class='ocrx_word' id='word_1_157' title='bbox 378 2004 491 2080; x_wconf 88' lang='lat' dir='ltr'><strong>reliqua</strong></span> <span class='ocrx_word' id='word_1_158' title='bbox 514 2004 591 2081; x_wconf 86' lang='lat' dir='ltr'><strong>duo;</strong></span> <span class='ocrx_word' id='word_1_159' title='bbox 621 2023 743 2083; x_wconf 89' lang='lat' dir='ltr'><strong>quorum</strong></span> <span class='ocrx_word' id='word_1_160' title='bbox 767 2008 892 2082; x_wconf 91' lang='lat' dir='ltr'><strong>denique</strong></span> <span class='ocrx_word' id='word_1_161' title='bbox 914 2008 1043 2065; x_wconf 90' lang='lat' dir='ltr'><strong>reversio</strong></span> <span class='ocrx_word' id='word_1_162' title='bbox 1066 2006 1201 2081; x_wconf 88' lang='lat' dir='ltr'><strong>aequalis</strong></span> <span class='ocrx_word' id='word_1_163' title='bbox 1231 2006 1260 2061; x_wconf 93' lang='lat' dir='ltr'><strong>in</strong></span> <span class='ocrx_word' id='word_1_164' title='bbox 1284 2011 1424 2080; x_wconf 75' lang='lat' dir='ltr'><strong>unoque,</strong></span> <span class='ocrx_word' id='word_1_165' title='bbox 1458 2018 1510 2065; x_wconf 88' lang='lat' dir='ltr'><strong>seu</strong></span> <span class='ocrx_word' id='word_1_166' title='bbox 1531 2008 1630 2081; x_wconf 90' lang='lat' dir='ltr'><strong>potius</strong></span> <span class='ocrx_word' id='word_1_167' title='bbox 1663 2005 1730 2083; x_wconf 88' lang='lat' dir='ltr'><strong>epl-</strong></span> 
     </span>
     <span class='ocr_line' id='line_1_18' title="bbox 378 2085 1730 2171; baseline 0.001 -21"><span class='ocrx_word' id='word_1_168' title='bbox 378 2088 477 2168; x_wconf 83' lang='lat' dir='ltr'><strong>cyclus</strong></span> <span class='ocrx_word' id='word_1_169' title='bbox 501 2085 615 2168; x_wconf 90' lang='lat' dir='ltr'><strong>nullus,</strong></span> <span class='ocrx_word' id='word_1_170' title='bbox 648 2097 696 2171; x_wconf 92' lang='lat' dir='ltr'><strong>qui</strong></span> <span class='ocrx_word' id='word_1_171' title='bbox 720 2096 823 2154; x_wconf 86' lang='lat' dir='ltr'><strong>ceteris</strong></span> <span class='ocrx_word' id='word_1_172' title='bbox 847 2092 1031 2171; x_wconf 84' lang='lat' dir='ltr'><strong>peculiariter</strong></span> <span class='ocrx_word' id='word_1_173' title='bbox 1053 2094 1096 2153; x_wconf 91' lang='lat' dir='ltr'><strong>sie</strong></span> <span class='ocrx_word' id='word_1_174' title='bbox 1119 2091 1205 2151; x_wconf 88' lang='lat' dir='ltr'><strong>dictis</strong></span> <span class='ocrx_word' id='word_1_175' title='bbox 1233 2100 1263 2151; x_wconf 90' lang='lat' dir='ltr'><strong>et</strong></span> <span class='ocrx_word' id='word_1_176' title='bbox 1291 2094 1434 2169; x_wconf 88' lang='lat' dir='ltr'><strong>superiori</strong></span> <span class='ocrx_word' id='word_1_177' title='bbox 1455 2100 1537 2169; x_wconf 86' lang='lat' dir='ltr'><strong>parte</strong></span> <span class='ocrx_word' id='word_1_178' title='bbox 1568 2095 1597 2150; x_wconf 91' lang='lat' dir='ltr'><strong>in</strong></span> <span class='ocrx_word' id='word_1_179' title='bbox 1622 2109 1730 2153; x_wconf 90' lang='lat' dir='ltr'><strong>conse·</strong></span> 
     </span>
     <span class='ocr_line' id='line_1_19' title="bbox 378 2178 1729 2259; baseline 0.003 -22"><span class='ocrx_word' id='word_1_180' title='bbox 378 2181 499 2254; x_wconf 83' lang='lat' dir='ltr'><strong>quentin</strong></span> <span class='ocrx_word' id='word_1_181' title='bbox 521 2180 608 2239; x_wconf 90' lang='lat' dir='ltr'><strong>motis</strong></span> <span class='ocrx_word' id='word_1_182' title='bbox 630 2182 822 2259; x_wconf 88' lang='lat' dir='ltr'><strong>respondent,</strong></span> <span class='ocrx_word' id='word_1_183' title='bbox 845 2181 865 2238; x_wconf 91' lang='lat' dir='ltr'><strong>ii</strong></span> <span class='ocrx_word' id='word_1_184' title='bbox 889 2197 920 2239; x_wconf 88' lang='lat' dir='ltr'><strong>se</strong></span> <span class='ocrx_word' id='word_1_185' title='bbox 944 2182 1090 2239; x_wconf 82' lang='lat' dir='ltr'><strong>associent</strong></span> <span class='ocrx_word' id='word_1_186' title='bbox 1113 2179 1306 2253; x_wconf 86' lang='lat' dir='ltr'><strong>chromatico,</strong></span> <span class='ocrx_word' id='word_1_187' title='bbox 1334 2182 1365 2238; x_wconf 89' lang='lat' dir='ltr'><strong>in</strong></span> <span class='ocrx_word' id='word_1_188' title='bbox 1388 2196 1446 2255; x_wconf 90' lang='lat' dir='ltr'><strong>quo</strong></span> <span class='ocrx_word' id='word_1_189' title='bbox 1469 2178 1646 2239; x_wconf 89' lang='lat' dir='ltr'><strong>tetrachordi</strong></span> <span class='ocrx_word' id='word_1_190' title='bbox 1670 2181 1729 2242; x_wconf 90' lang='lat' dir='ltr'><strong>duo</strong></span> 
     </span>
     <span class='ocr_line' id='line_1_20' title="bbox 378 2258 1729 2347; baseline 0.004 -25"><span class='ocrx_word' id='word_1_191' title='bbox 378 2266 534 2327; x_wconf 87' lang='lat' dir='ltr'><strong>intervalla</strong></span> <span class='ocrx_word' id='word_1_192' title='bbox 560 2269 664 2346; x_wconf 87' lang='lat' dir='ltr'><strong>juncta</strong></span> <span class='ocrx_word' id='word_1_193' title='bbox 691 2278 758 2329; x_wconf 89' lang='lat' dir='ltr'><strong>sunt</strong></span> <span class='ocrx_word' id='word_1_194' title='bbox 790 2268 926 2347; x_wconf 89' lang='lat' dir='ltr'><strong>aequalia</strong></span> <span class='ocrx_word' id='word_1_195' title='bbox 947 2267 1069 2343; x_wconf 87' lang='lat' dir='ltr'><strong>reliquo.</strong></span> <span class='ocrx_word' id='word_1_196' title='bbox 1115 2266 1165 2328; x_wconf 84' lang='lat' dir='ltr'><strong>Sic</strong></span> <span class='ocrx_word' id='word_1_197' title='bbox 1194 2268 1285 2341; x_wconf 86' lang='lat' dir='ltr'><strong>igitur</strong></span> <span class='ocrx_word' id='word_1_198' title='bbox 1314 2258 1493 2325; x_wconf 86' lang='lat' dir='ltr'><strong>diatonicum</strong></span> <span class='ocrx_word' id='word_1_199' title='bbox 1515 2281 1608 2343; x_wconf 81' lang='lat' dir='ltr'><strong>genus</strong></span> <span class='ocrx_word' id='word_1_200' title='bbox 1624 2264 1729 2338; x_wconf 55' lang='lat' dir='ltr'><strong>‚hahet</strong></span> 
     </span>
     <span class='ocr_line' id='line_1_21' title="bbox 378 2351 1729 2439; baseline 0.002 -28"><span class='ocrx_word' id='word_1_201' title='bbox 378 2351 543 2423; x_wconf 84' lang='lat' dir='ltr'><strong>Saturnum,</strong></span> <span class='ocrx_word' id='word_1_202' title='bbox 566 2354 675 2417; x_wconf 88' lang='lat' dir='ltr'><strong>Jovem</strong></span> <span class='ocrx_word' id='word_1_203' title='bbox 698 2366 727 2417; x_wconf 92' lang='lat' dir='ltr'><strong>et</strong></span> <span class='ocrx_word' id='word_1_204' title='bbox 750 2354 936 2429; x_wconf 83' lang='lat' dir='ltr'><strong>Mercurium,</strong></span> <span class='ocrx_word' id='word_1_205' title='bbox 960 2358 1031 2431; x_wconf 89' lang='lat' dir='ltr'><strong>quia</strong></span> <span class='ocrx_word' id='word_1_206' title='bbox 1053 2355 1158 2413; x_wconf 90' lang='lat' dir='ltr'><strong>hurum</strong></span> <span class='ocrx_word' id='word_1_207' title='bbox 1181 2354 1305 2431; x_wconf 86' lang='lat' dir='ltr'><strong>epicycli</strong></span> <span class='ocrx_word' id='word_1_208' title='bbox 1326 2353 1453 2413; x_wconf 89' lang='lat' dir='ltr'><strong>minores</strong></span> <span class='ocrx_word' id='word_1_209' title='bbox 1469 2364 1539 2439; x_wconf 84' lang='lat' dir='ltr'><strong>sunt</strong></span> <span class='ocrx_word' id='word_1_210' title='bbox 1560 2363 1589 2415; x_wconf 91' lang='lat' dir='ltr'><strong>et</strong></span> <span class='ocrx_word' id='word_1_211' title='bbox 1605 2354 1729 2415; x_wconf 86' lang='lat' dir='ltr'><strong>celerius</strong></span> 
     </span>
    </p>
   </div>
   <div class='ocr_carea' id='block_1_5' title="bbox 281 2441 1729 2611">
    <p class='ocr_par' dir='ltr' id='par_1_5' title="bbox 281 2441 1729 2611">
     <span class='ocr_line' id='line_1_22' title="bbox 281 2441 1729 2520; baseline 0.003 -23"><span class='ocrx_word' id='word_1_212' title='bbox 281 2486 282 2497; x_wconf 67' lang='grc'>,</span> <span class='ocrx_word' id='word_1_213' title='bbox 377 2444 585 2517; x_wconf 87' lang='lat' dir='ltr'><strong>restituuntur,</strong></span> <span class='ocrx_word' id='word_1_214' title='bbox 617 2459 705 2520; x_wconf 86' lang='lat' dir='ltr'><strong>quarn</strong></span> <span class='ocrx_word' id='word_1_215' title='bbox 727 2446 923 2516; x_wconf 79' lang='lat' dir='ltr'><strong>eecentrleus3</strong></span> <span class='ocrx_word' id='word_1_216' title='bbox 948 2442 1185 2503; x_wconf 86' lang='lat' dir='ltr'><strong>enharmonium:</strong></span> <span class='ocrx_word' id='word_1_217' title='bbox 1215 2441 1340 2500; x_wconf 91' lang='lat' dir='ltr'><strong>Martem</strong></span> <span class='ocrx_word' id='word_1_218' title='bbox 1363 2450 1392 2500; x_wconf 92' lang='lat' dir='ltr'><strong>et</strong></span> <span class='ocrx_word' id='word_1_219' title='bbox 1414 2442 1574 2517; x_wconf 88' lang='lat' dir='ltr'><strong>Venerem,</strong></span> <span class='ocrx_word' id='word_1_220' title='bbox 1606 2443 1675 2519; x_wconf 91' lang='lat' dir='ltr'><strong>qula</strong></span> <span class='ocrx_word' id='word_1_221' title='bbox 1697 2442 1729 2501; x_wconf 83' lang='lat' dir='ltr'><strong>lli</strong></span> 
     </span>
     <span class='ocr_line' id='line_1_23' title="bbox 281 2529 1729 2611; baseline 0.003 -26"><span class='ocrx_word' id='word_1_222' title='bbox 281 2550 282 2585; x_wconf 71' lang='grc' dir='ltr'><strong>ς</strong></span> <span class='ocrx_word' id='word_1_223' title='bbox 377 2530 522 2587; x_wconf 82' lang='lat' dir='ltr'><strong>maximos</strong></span> <span class='ocrx_word' id='word_1_224' title='bbox 544 2532 692 2611; x_wconf 85' lang='lat' dir='ltr'><strong>epicyclos</strong></span> <span class='ocrx_word' id='word_1_225' title='bbox 716 2532 825 2591; x_wconf 91' lang='lat' dir='ltr'><strong>habent</strong></span> <span class='ocrx_word' id='word_1_226' title='bbox 848 2540 876 2590; x_wconf 91' lang='lat' dir='ltr'><strong>et</strong></span> <span class='ocrx_word' id='word_1_227' title='bbox 899 2532 1008 2589; x_wconf 86' lang='lat' dir='ltr'><strong>tardius</strong></span> <span class='ocrx_word' id='word_1_228' title='bbox 1031 2529 1233 2602; x_wconf 85' lang='lat' dir='ltr'><strong>revolventes,</strong></span> <span class='ocrx_word' id='word_1_229' title='bbox 1257 2545 1346 2604; x_wconf 91' lang='lat' dir='ltr'><strong>quam</strong></span> <span class='ocrx_word' id='word_1_230' title='bbox 1369 2530 1546 2604; x_wconf 69' lang='lat' dir='ltr'><strong>eccentrici,</strong></span> <span class='ocrx_word' id='word_1_231' title='bbox 1569 2529 1729 2589; x_wconf 86' lang='lat' dir='ltr'><strong>chromati·</strong></span> 
     </span>
    </p>
   </div>
   <div class='ocr_carea' id='block_1_6' title="bbox 376 2615 1730 2783">
    <p class='ocr_par' dir='ltr' id='par_1_6' title="bbox 376 2615 1730 2783">
     <span class='ocr_line' id='line_1_24' title="bbox 377 2615 1730 2695; baseline 0.001 -20"><span class='ocrx_word' id='word_1_232' title='bbox 377 2632 442 2675; x_wconf 87' lang='lat' dir='ltr'><strong>cum</strong></span> <span class='ocrx_word' id='word_1_233' title='bbox 466 2616 607 2693; x_wconf 87' lang='lat' dir='ltr'><strong>donique:</strong></span> <span class='ocrx_word' id='word_1_234' title='bbox 640 2618 738 2679; x_wconf 89' lang='lat' dir='ltr'><strong>Solem</strong></span> <span class='ocrx_word' id='word_1_235' title='bbox 761 2627 790 2678; x_wconf 90' lang='lat' dir='ltr'><strong>et</strong></span> <span class='ocrx_word' id='word_1_236' title='bbox 814 2618 943 2688; x_wconf 86' lang='lat' dir='ltr'><strong>Lunam,</strong></span> <span class='ocrx_word' id='word_1_237' title='bbox 973 2620 1044 2694; x_wconf 90' lang='lat' dir='ltr'><strong>quia</strong></span> <span class='ocrx_word' id='word_1_238' title='bbox 1077 2615 1217 2695; x_wconf 85' lang='lat' dir='ltr'><strong>epicyclis</strong></span> <span class='ocrx_word' id='word_1_239' title='bbox 1239 2615 1365 2688; x_wconf 90' lang='lat' dir='ltr'><strong>talibus,</strong></span> <span class='ocrx_word' id='word_1_240' title='bbox 1395 2619 1445 2692; x_wconf 90' lang='lat' dir='ltr'><strong>qui</strong></span> <span class='ocrx_word' id='word_1_241' title='bbox 1477 2618 1618 2694; x_wconf 88' lang='lat' dir='ltr'><strong>superiori</strong></span> <span class='ocrx_word' id='word_1_242' title='bbox 1639 2625 1730 2695; x_wconf 85' lang='lat' dir='ltr'><strong>&#39;parta</strong></span> 
     </span>
     <span class='ocr_line' id='line_1_25' title="bbox 376 2702 1729 2783; baseline 0.001 -22"><span class='ocrx_word' id='word_1_243' title='bbox 376 2715 551 2763; x_wconf 85' lang='lat' dir='ltr'><strong>moveantur</strong></span> <span class='ocrx_word' id='word_1_244' title='bbox 573 2706 603 2762; x_wconf 94' lang='lat' dir='ltr'><strong>in</strong></span> <span class='ocrx_word' id='word_1_245' title='bbox 626 2708 843 2783; x_wconf 84' lang='lat' dir='ltr'><strong>consequentia,</strong></span> <span class='ocrx_word' id='word_1_246' title='bbox 868 2708 985 2764; x_wconf 91' lang='lat' dir='ltr'><strong>omniuo</strong></span> <span class='ocrx_word' id='word_1_247' title='bbox 1009 2714 1108 2765; x_wconf 87' lang='lat' dir='ltr'><strong>carent</strong></span> <span class='ocrx_word' id='word_1_248' title='bbox 1121 2702 1167 2779; x_wconf 62' lang='grc' dir='ltr'><strong>Χ).</strong></span> <span class='ocrx_word' id='word_1_249' title='bbox 1211 2702 1366 2779; x_wconf 88' lang='lat' dir='ltr'><strong>Propertio</strong></span> <span class='ocrx_word' id='word_1_250' title='bbox 1396 2702 1513 2779; x_wconf 91' lang='lat' dir='ltr'><strong>quidem</strong></span> <span class='ocrx_word' id='word_1_251' title='bbox 1545 2710 1641 2763; x_wconf 91' lang='lat' dir='ltr'><strong>motus</strong></span> <span class='ocrx_word' id='word_1_252' title='bbox 1664 2705 1729 2781; x_wconf 90' lang='lat' dir='ltr'><strong>epl-</strong></span> 
     </span>
    </p>
   </div>
   <div class='ocr_carea' id='block_1_7' title="bbox 281 2781 1729 2871">
    <p class='ocr_par' dir='ltr' id='par_1_7' title="bbox 281 2781 1729 2871">
     <span class='ocr_line' id='line_1_26' title="bbox 281 2781 1729 2871; baseline -0.001 -18"><span class='ocrx_word' id='word_1_253' title='bbox 281 2820 282 2853; x_wconf 82' lang='grc'>;</span> <span class='ocrx_word' id='word_1_254' title='bbox 377 2790 480 2868; x_wconf 86' lang='lat' dir='ltr'><strong>cyclici</strong></span> <span class='ocrx_word' id='word_1_255' title='bbox 504 2793 541 2851; x_wconf 89' lang='lat' dir='ltr'><strong>ab</strong></span> <span class='ocrx_word' id='word_1_256' title='bbox 565 2792 697 2871; x_wconf 84' lang='lat' dir='ltr'><strong>apogaeo</strong></span> <span class='ocrx_word' id='word_1_257' title='bbox 722 2794 893 2867; x_wconf 85' lang='lat' dir='ltr'><strong>admotum</strong></span> <span class='ocrx_word' id='word_1_258' title='bbox 916 2796 1109 2857; x_wconf 88' lang='lat' dir='ltr'><strong>eceentrioum</strong></span> <span class='ocrx_word' id='word_1_259' title='bbox 1133 2809 1151 2850; x_wconf 88' lang='lat' dir='ltr'><strong>a</strong></span> <span class='ocrx_word' id='word_1_260' title='bbox 1173 2792 1239 2849; x_wconf 85' lang='lat' dir='ltr'><strong>liris</strong></span> <span class='ocrx_word' id='word_1_261' title='bbox 1262 2781 1365 2849; x_wconf 69' lang='lat' dir='ltr'><strong>eadem</strong></span> <span class='ocrx_word' id='word_1_262' title='bbox 1387 2798 1432 2849; x_wconf 82' lang='lat' dir='ltr'><strong>e&#39;st</strong></span> <span class='ocrx_word' id='word_1_263' title='bbox 1453 2790 1480 2848; x_wconf 90' lang='lat' dir='ltr'><strong>ih</strong></span> <span class='ocrx_word' id='word_1_264' title='bbox 1496 2790 1627 2867; x_wconf 83' lang='lat' dir='ltr'><strong>singulis,</strong></span> <span class='ocrx_word' id='word_1_265' title='bbox 1652 2806 1729 2869; x_wconf 89' lang='lat' dir='ltr'><strong>quaa</strong></span> 
     </span>
    </p>
   </div>
   <div class='ocr_carea' id='block_1_8' title="bbox 377 2876 1727 2959">
    <p class='ocr_par' dir='ltr' id='par_1_8' title="bbox 377 2876 1727 2959">
     <span class='ocr_line' id='line_1_27' title="bbox 377 2876 1727 2959; baseline 0.001 -24"><span class='ocrx_word' id='word_1_266' title='bbox 377 2881 488 2937; x_wconf 87' lang='lat' dir='ltr'><strong>numeri</strong></span> <span class='ocrx_word' id='word_1_267' title='bbox 514 2880 728 2940; x_wconf 87' lang='lat' dir='ltr'><strong>revolutionum</strong></span> <span class='ocrx_word' id='word_1_268' title='bbox 759 2880 983 2959; x_wconf 90' lang='lat' dir='ltr'><strong>epicyclicarum</strong></span> <span class='ocrx_word' id='word_1_269' title='bbox 1012 2880 1226 2939; x_wconf 78' lang='lat' dir='ltr'><strong>adnumerum</strong></span> <span class='ocrx_word' id='word_1_270' title='bbox 1247 2876 1464 2936; x_wconf 88' lang='lat' dir='ltr'><strong>revolutionum</strong></span> <span class='ocrx_word' id='word_1_271' title='bbox 1487 2881 1727 2939; x_wconf 86' lang='lat' dir='ltr'><strong>eeeentrlcarnm:</strong></span> 
     </span>
    </p>
   </div>
   <div class='ocr_carea' id='block_1_9' title="bbox 280 2958 1728 3137">
    <p class='ocr_par' dir='ltr' id='par_1_9' title="bbox 280 2958 1728 3137">
     <span class='ocr_line' id='line_1_28' title="bbox 281 2958 1726 3043; baseline 0.001 -18"><span class='ocrx_word' id='word_1_272' title='bbox 281 3020 282 3025; x_wconf 73' lang='grc'>,</span> <span class='ocrx_word' id='word_1_273' title='bbox 377 2964 406 3022; x_wconf 88' lang='lat' dir='ltr'><strong>ih</strong></span> <span class='ocrx_word' id='word_1_274' title='bbox 423 2964 551 3025; x_wconf 76' lang='lat' dir='ltr'><strong>Saturnio</strong></span> <span class='ocrx_word' id='word_1_275' title='bbox 577 2968 615 3026; x_wconf 81' lang='lat' dir='ltr'><strong>et</strong></span> <span class='ocrx_word' id='word_1_276' title='bbox 641 2968 678 3027; x_wconf 89' lang='lat' dir='ltr'><strong>ud</strong></span> <span class='ocrx_word' id='word_1_277' title='bbox 698 2958 731 3043; x_wconf 63' lang='grc'><strong>’2,</strong></span> <span class='ocrx_word' id='word_1_278' title='bbox 755 2971 784 3025; x_wconf 93' lang='lat' dir='ltr'><strong>in</strong></span> <span class='ocrx_word' id='word_1_279' title='bbox 800 2964 878 3027; x_wconf 87' lang='lat' dir='ltr'><strong>Jove</strong></span> <span class='ocrx_word' id='word_1_280' title='bbox 898 2960 943 3027; x_wconf 83' lang='lat'><strong>&#39;65</strong></span> <span class='ocrx_word' id='word_1_281' title='bbox 967 2965 1005 3026; x_wconf 95' lang='lat' dir='ltr'><strong>ad</strong></span> <span class='ocrx_word' id='word_1_282' title='bbox 1029 2968 1057 3041; x_wconf 87' lang='grc'><strong>6,</strong></span> <span class='ocrx_word' id='word_1_283' title='bbox 1082 2965 1109 3024; x_wconf 92' lang='lat' dir='ltr'><strong>in</strong></span> <span class='ocrx_word' id='word_1_284' title='bbox 1126 2964 1222 3025; x_wconf 87' lang='lat' dir='ltr'><strong>Marte</strong></span> <span class='ocrx_word' id='word_1_285' title='bbox 1239 2966 1279 3023; x_wconf 81' lang='grc'><strong>37</strong></span> <span class='ocrx_word' id='word_1_286' title='bbox 1296 2964 1334 3024; x_wconf 88' lang='lat' dir='ltr'><strong>ad</strong></span> <span class='ocrx_word' id='word_1_287' title='bbox 1350 2966 1401 3039; x_wconf 78' lang='lat'><strong>42,</strong></span> <span class='ocrx_word' id='word_1_288' title='bbox 1425 2968 1454 3021; x_wconf 94' lang='lat' dir='ltr'><strong>in</strong></span> <span class='ocrx_word' id='word_1_289' title='bbox 1470 2962 1585 3026; x_wconf 88' lang='lat' dir='ltr'><strong>Venere</strong></span> <span class='ocrx_word' id='word_1_290' title='bbox 1609 2965 1679 3024; x_wconf 84' lang='lat' dir='ltr'><strong>ded</strong></span> <span class='ocrx_word' id='word_1_291' title='bbox 1698 2967 1726 3041; x_wconf 86' lang='lat'><strong>8,</strong></span> 
     </span>
     <span class='ocr_line' id='line_1_29' title="bbox 280 3050 1728 3137; baseline -0.001 -24"><span class='ocrx_word' id='word_1_292' title='bbox 280 3110 282 3113; x_wconf 84' lang='lat'><strong>.</strong></span> <span class='ocrx_word' id='word_1_293' title='bbox 377 3055 405 3110; x_wconf 93' lang='lat' dir='ltr'><strong>in</strong></span> <span class='ocrx_word' id='word_1_294' title='bbox 429 3050 576 3114; x_wconf 91' lang='lat' dir='ltr'><strong>Mercurio</strong></span> <span class='ocrx_word' id='word_1_295' title='bbox 604 3058 663 3115; x_wconf 75' lang='lat'><strong>145</strong></span> <span class='ocrx_word' id='word_1_296' title='bbox 685 3054 724 3137; x_wconf 76' lang='lat' dir='ltr'><strong>ad</strong></span> <span class='ocrx_word' id='word_1_297' title='bbox 748 3056 805 3131; x_wconf 80' lang='grc'><strong>46,</strong></span> <span class='ocrx_word' id='word_1_298' title='bbox 830 3058 927 3115; x_wconf 89' lang='lat' dir='ltr'><strong>omnia</strong></span> <span class='ocrx_word' id='word_1_299' title='bbox 949 3060 1191 3132; x_wconf 88' lang='lat' dir='ltr'><strong>praeterpropter.</strong></span> <span class='ocrx_word' id='word_1_300' title='bbox 1236 3052 1341 3129; x_wconf 87' lang='lat' dir='ltr'><strong>Itaque</strong></span> <span class='ocrx_word' id='word_1_301' title='bbox 1371 3062 1487 3130; x_wconf 88' lang='lat' dir='ltr'><strong>propter</strong></span> <span class='ocrx_word' id='word_1_302' title='bbox 1509 3051 1563 3111; x_wconf 88' lang='lat' dir='ltr'><strong>has</strong></span> <span class='ocrx_word' id='word_1_303' title='bbox 1595 3054 1728 3128; x_wconf 83' lang='lat' dir='ltr'><strong>singulo-</strong></span> 
     </span>
    </p>
   </div>
   <div class='ocr_carea' id='block_1_10' title="bbox 280 3134 1728 3570">
    <p class='ocr_par' dir='ltr' id='par_1_10' title="bbox 375 3134 1728 3287">
     <span class='ocr_line' id='line_1_30' title="bbox 376 3134 1728 3264; baseline 0.001 -67"><span class='ocrx_word' id='word_1_304' title='bbox 376 3158 439 3198; x_wconf 91' lang='lat' dir='ltr'><strong>rum</strong></span> <span class='ocrx_word' id='word_1_305' title='bbox 462 3138 674 3264; x_wconf 58' lang='lat' dir='ltr'><strong>xplroportiones</strong></span> <span class='ocrx_word' id='word_1_306' title='bbox 703 3134 799 3203; x_wconf 88' lang='lat' dir='ltr'><strong>locum</strong></span> <span class='ocrx_word' id='word_1_307' title='bbox 835 3144 924 3221; x_wconf 78' lang='lat' dir='ltr'><strong>etiarn</strong></span> <span class='ocrx_word' id='word_1_308' title='bbox 953 3142 999 3203; x_wconf 88' lang='lat' dir='ltr'><strong>hie</strong></span> <span class='ocrx_word' id='word_1_309' title='bbox 1026 3142 1118 3201; x_wconf 88' lang='lat' dir='ltr'><strong>habet</strong></span> <span class='ocrx_word' id='word_1_310' title='bbox 1149 3142 1327 3217; x_wconf 89' lang='lat' dir='ltr'><strong>comparatio</strong></span> <span class='ocrx_word' id='word_1_311' title='bbox 1359 3156 1425 3198; x_wconf 90' lang='lat' dir='ltr'><strong>eum</strong></span> <span class='ocrx_word' id='word_1_312' title='bbox 1459 3140 1549 3199; x_wconf 80' lang='lat' dir='ltr'><strong>verda</strong></span> <span class='ocrx_word' id='word_1_313' title='bbox 1580 3142 1728 3199; x_wconf 88' lang='lat' dir='ltr'><strong>sonituum</strong></span> 
     </span>
     <span class='ocr_line' id='line_1_31' title="bbox 375 3226 874 3287; baseline -0.006 0"><span class='ocrx_word' id='word_1_314' title='bbox 375 3228 435 3287; x_wconf 87' lang='lat' dir='ltr'><strong>hi·</strong></span> <span class='ocrx_word' id='word_1_315' title='bbox 508 3270 515 3285; x_wconf 90' lang='lat'><strong>.</strong></span> <span class='ocrx_word' id='word_1_316' title='bbox 871 3226 874 3233; x_wconf 82' lang='grc'>’</span> 
     </span>
    </p>

    <p class='ocr_par' dir='ltr' id='par_1_11' title="bbox 280 3229 1728 3570">
     <span class='ocr_line' id='line_1_32' title="bbox 280 3229 1728 3393; baseline -0.003 -15"><span class='ocrx_word' id='word_1_317' title='bbox 280 3372 283 3378; x_wconf 91' lang='grc'>.</span> <span class='ocrx_word' id='word_1_318' title='bbox 404 3229 601 3391; x_wconf 71' lang='lat' dir='ltr'><strong>glsSe)quitur</strong></span> <span class='ocrx_word' id='word_1_319' title='bbox 623 3319 724 3376; x_wconf 91' lang='lat' dir='ltr'><strong>tertius</strong></span> <span class='ocrx_word' id='word_1_320' title='bbox 746 3312 851 3376; x_wconf 90' lang='lat' dir='ltr'><strong>modus</strong></span> <span class='ocrx_word' id='word_1_321' title='bbox 875 3314 1125 3386; x_wconf 87' lang='lat' dir='ltr'><strong>considerationis,</strong></span> <span class='ocrx_word' id='word_1_322' title='bbox 1148 3316 1177 3372; x_wconf 91' lang='lat' dir='ltr'><strong>ln</strong></span> <span class='ocrx_word' id='word_1_323' title='bbox 1201 3331 1260 3391; x_wconf 91' lang='lat' dir='ltr'><strong>qua</strong></span> <span class='ocrx_word' id='word_1_324' title='bbox 1278 3314 1442 3390; x_wconf 80' lang='lat' dir='ltr'><strong>junguntur</strong></span> <span class='ocrx_word' id='word_1_325' title='bbox 1464 3314 1583 3375; x_wconf 79' lang='lat' dir='ltr'><strong>effectus</strong></span> <span class='ocrx_word' id='word_1_326' title='bbox 1603 3315 1728 3393; x_wconf 85' lang='lat' dir='ltr'><strong>epicycli</strong></span> 
     </span>
     <span class='ocr_line' id='line_1_33' title="bbox 280 3398 1727 3485; baseline 0.002 -26"><span class='ocrx_word' id='word_1_327' title='bbox 280 3462 281 3467; x_wconf 59' lang='grc'>,</span> <span class='ocrx_word' id='word_1_328' title='bbox 376 3408 405 3459; x_wconf 89' lang='lat' dir='ltr'><strong>et</strong></span> <span class='ocrx_word' id='word_1_329' title='bbox 426 3406 595 3477; x_wconf 87' lang='lat' dir='ltr'><strong>eceentrici,</strong></span> <span class='ocrx_word' id='word_1_330' title='bbox 618 3404 715 3485; x_wconf 38' lang='lat' dir='ltr'><strong>litque,</strong></span> <span class='ocrx_word' id='word_1_331' title='bbox 733 3407 806 3463; x_wconf 89' lang='lat' dir='ltr'><strong>ratio</strong></span> <span class='ocrx_word' id='word_1_332' title='bbox 832 3402 917 3464; x_wconf 91' lang='lat' dir='ltr'><strong>valde</strong></span> <span class='ocrx_word' id='word_1_333' title='bbox 939 3402 1102 3479; x_wconf 85' lang='lat' dir='ltr'><strong>multiplex.</strong></span> <span class='ocrx_word' id='word_1_334' title='bbox 1147 3400 1223 3461; x_wconf 87' lang='lat' dir='ltr'><strong>Nam</strong></span> <span class='ocrx_word' id='word_1_335' title='bbox 1246 3417 1311 3460; x_wconf 91' lang='lat' dir='ltr'><strong>cnm</strong></span> <span class='ocrx_word' id='word_1_336' title='bbox 1339 3398 1476 3478; x_wconf 83' lang='lat' dir='ltr'><strong>planctae</strong></span> <span class='ocrx_word' id='word_1_337' title='bbox 1499 3400 1570 3461; x_wconf 87' lang='lat' dir='ltr'><strong>hant</strong></span> <span class='ocrx_word' id='word_1_338' title='bbox 1599 3404 1627 3459; x_wconf 92' lang='lat' dir='ltr'><strong>in</strong></span> <span class='ocrx_word' id='word_1_339' title='bbox 1651 3419 1727 3479; x_wconf 92' lang='lat' dir='ltr'><strong>apo·</strong></span> 
     </span>
     <span class='ocr_line' id='line_1_34' title="bbox 375 3488 1728 3570; baseline 0.002 -23"><span class='ocrx_word' id='word_1_340' title='bbox 375 3505 450 3564; x_wconf 83' lang='lat' dir='ltr'><strong>gaso</strong></span> <span class='ocrx_word' id='word_1_341' title='bbox 475 3492 627 3550; x_wconf 87' lang='lat' dir='ltr'><strong>eccentriei</strong></span> <span class='ocrx_word' id='word_1_342' title='bbox 651 3491 825 3570; x_wconf 86' lang='lat' dir='ltr'><strong>tardissimi,</strong></span> <span class='ocrx_word' id='word_1_343' title='bbox 858 3492 886 3547; x_wconf 92' lang='lat' dir='ltr'><strong>in</strong></span> <span class='ocrx_word' id='word_1_344' title='bbox 910 3506 1042 3567; x_wconf 82' lang='lat' dir='ltr'><strong>apogaeo</strong></span> <span class='ocrx_word' id='word_1_345' title='bbox 1066 3488 1189 3569; x_wconf 82' lang='lat' dir='ltr'><strong>epicyeli</strong></span> <span class='ocrx_word' id='word_1_346' title='bbox 1212 3488 1404 3563; x_wconf 90' lang='lat' dir='ltr'><strong>velocissimi,</strong></span> <span class='ocrx_word' id='word_1_347' title='bbox 1438 3492 1616 3566; x_wconf 88' lang='lat' dir='ltr'><strong>compositus</strong></span> <span class='ocrx_word' id='word_1_348' title='bbox 1638 3490 1728 3567; x_wconf 88' lang='lat' dir='ltr'><strong>igitur</strong></span> 
     </span>
    </p>
   </div>
   <div class='ocr_carea' id='block_1_11' title="bbox 280 3576 1726 3655">
    <p class='ocr_par' dir='ltr' id='par_1_12' title="bbox 280 3576 1726 3655">
     <span class='ocr_line' id='line_1_35' title="bbox 280 3576 1726 3655; baseline 0.004 -24"><span class='ocrx_word' id='word_1_349' title='bbox 280 3628 281 3631; x_wconf 74' lang='grc'>,</span> <span class='ocrx_word' id='word_1_350' title='bbox 375 3586 476 3635; x_wconf 92' lang='lat' dir='ltr'><strong>motus</strong></span> <span class='ocrx_word' id='word_1_351' title='bbox 499 3594 557 3636; x_wconf 91' lang='lat' dir='ltr'><strong>non</strong></span> <span class='ocrx_word' id='word_1_352' title='bbox 581 3576 704 3638; x_wconf 84' lang='lat' dir='ltr'><strong>sllicitdr</strong></span> <span class='ocrx_word' id='word_1_353' title='bbox 726 3578 945 3651; x_wconf 90' lang='lat' dir='ltr'><strong>velocissimus,</strong></span> <span class='ocrx_word' id='word_1_354' title='bbox 977 3584 1100 3654; x_wconf 90' lang='lat' dir='ltr'><strong>utroque</strong></span> <span class='ocrx_word' id='word_1_355' title='bbox 1125 3593 1258 3654; x_wconf 87' lang='lat' dir='ltr'><strong>apogaeo</strong></span> <span class='ocrx_word' id='word_1_356' title='bbox 1278 3577 1396 3653; x_wconf 89' lang='lat' dir='ltr'><strong>juncto,</strong></span> <span class='ocrx_word' id='word_1_357' title='bbox 1420 3576 1471 3636; x_wconf 89' lang='lat' dir='ltr'><strong>sed</strong></span> <span class='ocrx_word' id='word_1_358' title='bbox 1495 3590 1578 3651; x_wconf 91' lang='lat' dir='ltr'><strong>tunc,</strong></span> <span class='ocrx_word' id='word_1_359' title='bbox 1602 3579 1627 3635; x_wconf 94' lang='lat' dir='ltr'><strong>si</strong></span> <span class='ocrx_word' id='word_1_360' title='bbox 1650 3594 1726 3655; x_wconf 88' lang='lat' dir='ltr'><strong>apo-</strong></span> 
     </span>
    </p>
   </div>
   <div class='ocr_carea' id='block_1_12' title="bbox 374 3663 1725 3829">
    <p class='ocr_par' dir='ltr' id='par_1_13' title="bbox 374 3663 1725 3829">
     <span class='ocr_line' id='line_1_36' title="bbox 375 3663 1725 3743; baseline 0.001 -21"><span class='ocrx_word' id='word_1_361' title='bbox 375 3674 481 3738; x_wconf 81' lang='lat' dir='ltr'><strong>gaeum</strong></span> <span class='ocrx_word' id='word_1_362' title='bbox 505 3664 628 3743; x_wconf 89' lang='lat' dir='ltr'><strong>epicyeli</strong></span> <span class='ocrx_word' id='word_1_363' title='bbox 657 3676 686 3725; x_wconf 91' lang='lat' dir='ltr'><strong>ct</strong></span> <span class='ocrx_word' id='word_1_364' title='bbox 707 3668 876 3743; x_wconf 84' lang='lat' dir='ltr'><strong>perigaeurn</strong></span> <span class='ocrx_word' id='word_1_365' title='bbox 899 3666 1051 3724; x_wconf 90' lang='lat' dir='ltr'><strong>eceentrici</strong></span> <span class='ocrx_word' id='word_1_366' title='bbox 1083 3666 1240 3741; x_wconf 82' lang='lat' dir='ltr'><strong>sociantur.</strong></span> <span class='ocrx_word' id='word_1_367' title='bbox 1286 3663 1484 3723; x_wconf 80' lang='lat' dir='ltr'><strong>Tardissimus</strong></span> <span class='ocrx_word' id='word_1_368' title='bbox 1512 3678 1581 3726; x_wconf 80' lang='lat' dir='ltr'><strong>sero</strong></span> <span class='ocrx_word' id='word_1_369' title='bbox 1604 3680 1725 3743; x_wconf 92' lang='lat' dir='ltr'><strong>compo·</strong></span> 
     </span>
     <span class='ocr_line' id='line_1_37' title="bbox 374 3750 1724 3829; baseline 0 -20"><span class='ocrx_word' id='word_1_370' title='bbox 374 3753 496 3813; x_wconf 89' lang='lat' dir='ltr'><strong>sitorum</strong></span> <span class='ocrx_word' id='word_1_371' title='bbox 526 3753 632 3813; x_wconf 88' lang='lat' dir='ltr'><strong>desinit</strong></span> <span class='ocrx_word' id='word_1_372' title='bbox 662 3754 796 3812; x_wconf 92' lang='lat' dir='ltr'><strong>omnibus</strong></span> <span class='ocrx_word' id='word_1_373' title='bbox 825 3752 986 3829; x_wconf 89' lang='lat' dir='ltr'><strong>aequaliter</strong></span> <span class='ocrx_word' id='word_1_374' title='bbox 1017 3755 1046 3809; x_wconf 93' lang='lat' dir='ltr'><strong>in</strong></span> <span class='ocrx_word' id='word_1_375' title='bbox 1074 3753 1232 3811; x_wconf 83' lang='lat' dir='ltr'><strong>stationem</strong></span> <span class='ocrx_word' id='word_1_376' title='bbox 1254 3769 1363 3811; x_wconf 90' lang='lat' dir='ltr'><strong>meram</strong></span> <span class='ocrx_word' id='word_1_377' title='bbox 1389 3750 1517 3827; x_wconf 89' lang='lat' dir='ltr'><strong>indeque</strong></span> <span class='ocrx_word' id='word_1_378' title='bbox 1546 3752 1724 3812; x_wconf 89' lang='lat' dir='ltr'><strong>convertitur</strong></span> 
     </span>
    </p>
   </div>
   <div class='ocr_carea' id='block_1_13' title="bbox 280 3838 1724 4006">
    <p class='ocr_par' dir='ltr' id='par_1_14' title="bbox 280 3838 1724 4006">
     <span class='ocr_line' id='line_1_38' title="bbox 280 3838 1724 3916; baseline 0.002 -23"><span class='ocrx_word' id='word_1_379' title='bbox 280 3872 281 3907; x_wconf 60' lang='lat'><em>;</em></span> <span class='ocrx_word' id='word_1_380' title='bbox 375 3838 402 3895; x_wconf 93' lang='lat' dir='ltr'><strong>in</strong></span> <span class='ocrx_word' id='word_1_381' title='bbox 425 3839 721 3915; x_wconf 84' lang='lat' dir='ltr'><strong>retrogradationem,</strong></span> <span class='ocrx_word' id='word_1_382' title='bbox 747 3838 821 3900; x_wconf 92' lang='lat' dir='ltr'><strong>adeo</strong></span> <span class='ocrx_word' id='word_1_383' title='bbox 843 3849 891 3913; x_wconf 89' lang='lat' dir='ltr'><strong>ut,</strong></span> <span class='ocrx_word' id='word_1_384' title='bbox 916 3856 981 3899; x_wconf 91' lang='lat' dir='ltr'><strong>cum</strong></span> <span class='ocrx_word' id='word_1_385' title='bbox 1003 3838 1125 3916; x_wconf 89' lang='lat' dir='ltr'><strong>planeta</strong></span> <span class='ocrx_word' id='word_1_386' title='bbox 1147 3845 1192 3898; x_wconf 89' lang='lat' dir='ltr'><strong>est</strong></span> <span class='ocrx_word' id='word_1_387' title='bbox 1214 3840 1243 3895; x_wconf 92' lang='lat' dir='ltr'><strong>in</strong></span> <span class='ocrx_word' id='word_1_388' title='bbox 1265 3846 1429 3901; x_wconf 84' lang='lat' dir='ltr'><strong>retrocessa</strong></span> <span class='ocrx_word' id='word_1_389' title='bbox 1452 3838 1671 3913; x_wconf 81' lang='lat' dir='ltr'><strong>velocissimus,</strong></span> <span class='ocrx_word' id='word_1_390' title='bbox 1693 3838 1724 3897; x_wconf 95' lang='lat' dir='ltr'><strong>id</strong></span> 
     </span>
     <span class='ocr_line' id='line_1_39' title="bbox 280 3924 1724 4006; baseline 0 -22"><span class='ocrx_word' id='word_1_391' title='bbox 280 3962 281 3995; x_wconf 54' lang='lat'>2</span> <span class='ocrx_word' id='word_1_392' title='bbox 371 3925 585 4002; x_wconf 86' lang='lat' dir='ltr'><strong>quadamtenus</strong></span> <span class='ocrx_word' id='word_1_393' title='bbox 607 3925 783 4006; x_wconf 85' lang='lat' dir='ltr'><strong>respondeat</strong></span> <span class='ocrx_word' id='word_1_394' title='bbox 804 3924 934 3986; x_wconf 85' lang='lat' dir='ltr'><strong>tarditati</strong></span> <span class='ocrx_word' id='word_1_395' title='bbox 959 3928 1088 3986; x_wconf 88' lang='lat' dir='ltr'><strong>omnium</strong></span> <span class='ocrx_word' id='word_1_396' title='bbox 1110 3926 1340 3985; x_wconf 88' lang='lat' dir='ltr'><strong>remississimae.</strong></span> <span class='ocrx_word' id='word_1_397' title='bbox 1384 3926 1438 3985; x_wconf 88' lang='lat' dir='ltr'><strong>Est</strong></span> <span class='ocrx_word' id='word_1_398' title='bbox 1451 3928 1539 4003; x_wconf 86' lang='lat' dir='ltr'><strong>igitur</strong></span> <span class='ocrx_word' id='word_1_399' title='bbox 1560 3926 1620 3985; x_wconf 90' lang='lat' dir='ltr'><strong>alia</strong></span> <span class='ocrx_word' id='word_1_400' title='bbox 1642 3942 1724 3985; x_wconf 87' lang='lat' dir='ltr'><strong>com·</strong></span> 
     </span>
    </p>
   </div>
   <div class='ocr_carea' id='block_1_14' title="bbox 369 4012 1724 5053">
    <p class='ocr_par' dir='ltr' id='par_1_15' title="bbox 369 4012 1724 5053">
     <span class='ocr_line' id='line_1_40' title="bbox 371 4012 1722 4089; baseline 0 -18"><span class='ocrx_word' id='word_1_401' title='bbox 371 4016 486 4089; x_wconf 89' lang='lat' dir='ltr'><strong>paratio</strong></span> <span class='ocrx_word' id='word_1_402' title='bbox 517 4014 768 4075; x_wconf 90' lang='lat' dir='ltr'><strong>velocissimorum</strong></span> <span class='ocrx_word' id='word_1_403' title='bbox 796 4014 985 4088; x_wconf 86' lang='lat' dir='ltr'><strong>directorum,</strong></span> <span class='ocrx_word' id='word_1_404' title='bbox 1021 4014 1081 4077; x_wconf 88' lang='lat' dir='ltr'><strong>alla</strong></span> <span class='ocrx_word' id='word_1_405' title='bbox 1107 4012 1356 4089; x_wconf 81' lang='lat' dir='ltr'><strong>retrogradorum,</strong></span> <span class='ocrx_word' id='word_1_406' title='bbox 1378 4012 1448 4072; x_wconf 87' lang='lat' dir='ltr'><strong>&#39;elia</strong></span> <span class='ocrx_word' id='word_1_407' title='bbox 1477 4012 1722 4073; x_wconf 87' lang='lat' dir='ltr'><strong>intermediorum.</strong></span> 
     </span>
     <span class='ocr_line' id='line_1_41' title="bbox 372 4098 1724 4181; baseline 0 -22"><span class='ocrx_word' id='word_1_408' title='bbox 372 4098 429 4159; x_wconf 91' lang='lat' dir='ltr'><strong>Sed</strong></span> <span class='ocrx_word' id='word_1_409' title='bbox 454 4118 519 4160; x_wconf 90' lang='lat' dir='ltr'><strong>enm</strong></span> <span class='ocrx_word' id='word_1_410' title='bbox 543 4104 650 4161; x_wconf 89' lang='lat' dir='ltr'><strong>sintin</strong></span> <span class='ocrx_word' id='word_1_411' title='bbox 675 4105 803 4179; x_wconf 90' lang='lat' dir='ltr'><strong>quinque</strong></span> <span class='ocrx_word' id='word_1_412' title='bbox 826 4102 952 4181; x_wconf 90' lang='lat' dir='ltr'><strong>planetis</strong></span> <span class='ocrx_word' id='word_1_413' title='bbox 975 4102 1082 4177; x_wconf 86' lang='lat' dir='ltr'><strong>gemini</strong></span> <span class='ocrx_word' id='word_1_414' title='bbox 1105 4100 1299 4173; x_wconf 89' lang='lat' dir='ltr'><strong>velocissimi,</strong></span> <span class='ocrx_word' id='word_1_415' title='bbox 1322 4100 1481 4161; x_wconf 87' lang='lat' dir='ltr'><strong>seeundum</strong></span> <span class='ocrx_word' id='word_1_416' title='bbox 1505 4100 1563 4159; x_wconf 92' lang='lat' dir='ltr'><strong>duo</strong></span> <span class='ocrx_word' id='word_1_417' title='bbox 1587 4103 1724 4179; x_wconf 86' lang='lat' dir='ltr'><strong>opposita</strong></span> 
     </span>
     <span class='ocr_line' id='line_1_42' title="bbox 371 4187 1721 4265; baseline 0.001 -21"><span class='ocrx_word' id='word_1_418' title='bbox 371 4187 436 4247; x_wconf 92' lang='lat' dir='ltr'><strong>loca</strong></span> <span class='ocrx_word' id='word_1_419' title='bbox 462 4191 623 4262; x_wconf 89' lang='lat' dir='ltr'><strong>eecentrici‚</strong></span> <span class='ocrx_word' id='word_1_420' title='bbox 648 4193 676 4247; x_wconf 91' lang='lat' dir='ltr'><strong>in</strong></span> <span class='ocrx_word' id='word_1_421' title='bbox 699 4188 891 4250; x_wconf 84' lang='lat' dir='ltr'><strong>luminaribus</strong></span> <span class='ocrx_word' id='word_1_422' title='bbox 914 4196 1026 4247; x_wconf 88' lang='lat' dir='ltr'><strong>tantum</strong></span> <span class='ocrx_word' id='word_1_423' title='bbox 1040 4205 1115 4247; x_wconf 90' lang='lat' dir='ltr'><strong>unus</strong></span> <span class='ocrx_word' id='word_1_424' title='bbox 1132 4187 1341 4262; x_wconf 89' lang='lat' dir='ltr'><strong>velocissimus,</strong></span> <span class='ocrx_word' id='word_1_425' title='bbox 1365 4188 1575 4265; x_wconf 79' lang='lat' dir='ltr'><strong>retrogradatio</strong></span> <span class='ocrx_word' id='word_1_426' title='bbox 1594 4190 1721 4246; x_wconf 89' lang='lat' dir='ltr'><strong>statlove</strong></span> 
     </span>
     <span class='ocr_line' id='line_1_43' title="bbox 372 4271 1723 4355; baseline 0.001 -24"><span class='ocrx_word' id='word_1_427' title='bbox 372 4276 468 4347; x_wconf 83' lang='lat' dir='ltr'><strong>nulla,</strong></span> <span class='ocrx_word' id='word_1_428' title='bbox 495 4284 577 4355; x_wconf 89' lang='lat' dir='ltr'><strong>patet</strong></span> <span class='ocrx_word' id='word_1_429' title='bbox 599 4276 677 4353; x_wconf 92' lang='lat' dir='ltr'><strong>quod</strong></span> <span class='ocrx_word' id='word_1_430' title='bbox 700 4280 791 4335; x_wconf 89' lang='lat' dir='ltr'><strong>missa</strong></span> <span class='ocrx_word' id='word_1_431' title='bbox 813 4274 1076 4352; x_wconf 84' lang='lat' dir='ltr'><strong>retrogradatione,</strong></span> <span class='ocrx_word' id='word_1_432' title='bbox 1108 4276 1235 4335; x_wconf 89' lang='lat' dir='ltr'><strong>statione</strong></span> <span class='ocrx_word' id='word_1_433' title='bbox 1258 4274 1361 4336; x_wconf 85' lang='lat' dir='ltr'><strong>stilla</strong></span> <span class='ocrx_word' id='word_1_434' title='bbox 1383 4271 1568 4335; x_wconf 89' lang='lat' dir='ltr'><strong>multitudine</strong></span> <span class='ocrx_word' id='word_1_435' title='bbox 1590 4280 1723 4333; x_wconf 90' lang='lat' dir='ltr'><strong>motuum</strong></span> 
     </span>
     <span class='ocr_line' id='line_1_44' title="bbox 372 4360 1720 4442; baseline 0.001 -23"><span class='ocrx_word' id='word_1_436' title='bbox 372 4362 608 4424; x_wconf 88' lang='lat' dir='ltr'><strong>intermediorum</strong></span> <span class='ocrx_word' id='word_1_437' title='bbox 632 4379 725 4442; x_wconf 90' lang='lat' dir='ltr'><strong>usqne</strong></span> <span class='ocrx_word' id='word_1_438' title='bbox 748 4364 786 4423; x_wconf 90' lang='lat' dir='ltr'><strong>ad</strong></span> <span class='ocrx_word' id='word_1_439' title='bbox 809 4362 974 4437; x_wconf 85' lang='lat' dir='ltr'><strong>stationem,</strong></span> <span class='ocrx_word' id='word_1_440' title='bbox 998 4364 1158 4423; x_wconf 88' lang='lat' dir='ltr'><strong>debeamus</strong></span> <span class='ocrx_word' id='word_1_441' title='bbox 1182 4362 1314 4442; x_wconf 89' lang='lat' dir='ltr'><strong>planetas</strong></span> <span class='ocrx_word' id='word_1_442' title='bbox 1338 4366 1466 4440; x_wconf 88' lang='lat' dir='ltr'><strong>quinque</strong></span> <span class='ocrx_word' id='word_1_443' title='bbox 1489 4364 1562 4421; x_wconf 91' lang='lat' dir='ltr'><strong>inter</strong></span> <span class='ocrx_word' id='word_1_444' title='bbox 1584 4378 1615 4420; x_wconf 90' lang='lat' dir='ltr'><strong>se</strong></span> <span class='ocrx_word' id='word_1_445' title='bbox 1639 4360 1720 4420; x_wconf 82' lang='lat' dir='ltr'><strong>corn-</strong></span> 
     </span>
     <span class='ocr_line' id='line_1_45' title="bbox 370 4448 1723 4527; baseline -0.004 -17"><span class='ocrx_word' id='word_1_446' title='bbox 370 4468 475 4527; x_wconf 88' lang='lat' dir='ltr'><strong>parare</strong></span> <span class='ocrx_word' id='word_1_447' title='bbox 499 4469 589 4511; x_wconf 85' lang='lat' dir='ltr'><strong>eausa</strong></span> <span class='ocrx_word' id='word_1_448' title='bbox 612 4450 862 4511; x_wconf 91' lang='lat' dir='ltr'><strong>velocissimorum</strong></span> <span class='ocrx_word' id='word_1_449' title='bbox 886 4460 1015 4526; x_wconf 89' lang='lat' dir='ltr'><strong>tantum,</strong></span> <span class='ocrx_word' id='word_1_450' title='bbox 1040 4462 1069 4511; x_wconf 94' lang='lat' dir='ltr'><strong>et</strong></span> <span class='ocrx_word' id='word_1_451' title='bbox 1092 4458 1236 4527; x_wconf 90' lang='lat' dir='ltr'><strong>quatenus</strong></span> <span class='ocrx_word' id='word_1_452' title='bbox 1259 4451 1279 4508; x_wconf 94' lang='lat' dir='ltr'><strong>li</strong></span> <span class='ocrx_word' id='word_1_453' title='bbox 1302 4448 1449 4526; x_wconf 83' lang='lat' dir='ltr'><strong>linguntur</strong></span> <span class='ocrx_word' id='word_1_454' title='bbox 1470 4464 1583 4526; x_wconf 89' lang='lat' dir='ltr'><strong>semper</strong></span> <span class='ocrx_word' id='word_1_455' title='bbox 1606 4465 1669 4508; x_wconf 89' lang='lat' dir='ltr'><strong>esse</strong></span> <span class='ocrx_word' id='word_1_456' title='bbox 1692 4450 1723 4506; x_wconf 92' lang='lat' dir='ltr'><strong>in</strong></span> 
     </span>
     <span class='ocr_line' id='line_1_46' title="bbox 373 4533 1722 4617; baseline -0.001 -22"><span class='ocrx_word' id='word_1_457' title='bbox 373 4555 509 4615; x_wconf 82' lang='lat' dir='ltr'><strong>apogaeo</strong></span> <span class='ocrx_word' id='word_1_458' title='bbox 532 4538 656 4617; x_wconf 85' lang='lat' dir='ltr'><strong>epieyeli</strong></span> <span class='ocrx_word' id='word_1_459' title='bbox 670 4534 737 4613; x_wconf 79' lang='lat'><strong>¹¹¹).</strong></span> <span class='ocrx_word' id='word_1_460' title='bbox 783 4538 866 4599; x_wconf 82' lang='lat' dir='ltr'><strong>Tunc</strong></span> <span class='ocrx_word' id='word_1_461' title='bbox 882 4546 989 4598; x_wconf 87' lang='lat' dir='ltr'><strong>&#39;eorum</strong></span> <span class='ocrx_word' id='word_1_462' title='bbox 1011 4548 1108 4597; x_wconf 89' lang='lat' dir='ltr'><strong>motus</strong></span> <span class='ocrx_word' id='word_1_463' title='bbox 1133 4538 1226 4596; x_wconf 88' lang='lat' dir='ltr'><strong>diurni</strong></span> <span class='ocrx_word' id='word_1_464' title='bbox 1249 4546 1423 4614; x_wconf 87' lang='lat' dir='ltr'><strong>apparentes</strong></span> <span class='ocrx_word' id='word_1_465' title='bbox 1451 4535 1506 4595; x_wconf 89' lang='lat' dir='ltr'><strong>sub</strong></span> <span class='ocrx_word' id='word_1_466' title='bbox 1530 4533 1652 4595; x_wconf 80' lang='lat' dir='ltr'><strong>zodiaco</strong></span> <span class='ocrx_word' id='word_1_467' title='bbox 1676 4535 1722 4594; x_wconf 92' lang='lat' dir='ltr'><strong>hls</strong></span> 
     </span>
     <span class='ocr_line' id='line_1_47' title="bbox 371 4618 1722 4702; baseline -0.001 -18"><span class='ocrx_word' id='word_1_468' title='bbox 371 4628 509 4685; x_wconf 83' lang='lat' dir='ltr'><strong>extremis</strong></span> <span class='ocrx_word' id='word_1_469' title='bbox 532 4626 714 4702; x_wconf 87' lang='lat' dir='ltr'><strong>explicantur</strong></span> <span class='ocrx_word' id='word_1_470' title='bbox 733 4618 877 4687; x_wconf 75' lang='lat' dir='ltr'><strong>satureris:</strong></span> <span class='ocrx_word' id='word_1_471' title='bbox 901 4624 1018 4685; x_wconf 90' lang='lat' dir='ltr'><strong>Saturni</strong></span> <span class='ocrx_word' id='word_1_472' title='bbox 1043 4623 1161 4702; x_wconf 91' lang='lat' dir='ltr'><strong>quidem</strong></span> <span class='ocrx_word' id='word_1_473' title='bbox 1184 4626 1258 4683; x_wconf 88' lang='lat' dir='ltr'><strong>inter</strong></span> <span class='ocrx_word' id='word_1_474' title='bbox 1281 4628 1298 4681; x_wconf 86' lang='lat' dir='ltr'><strong>i</strong></span> <span class='ocrx_word' id='word_1_475' title='bbox 1323 4626 1385 4684; x_wconf 84' lang='lat' dir='ltr'><strong>etii</strong></span> <span class='ocrx_word' id='word_1_476' title='bbox 1408 4625 1521 4681; x_wconf 91' lang='lat' dir='ltr'><strong>minuta</strong></span> <span class='ocrx_word' id='word_1_477' title='bbox 1544 4624 1629 4682; x_wconf 90' lang='lat' dir='ltr'><strong>unius</strong></span> <span class='ocrx_word' id='word_1_478' title='bbox 1651 4638 1722 4699; x_wconf 81' lang='lat' dir='ltr'><strong>gre·</strong></span> 
     </span>
     <span class='ocr_line' id='line_1_48' title="bbox 371 4710 1719 4787; baseline 0 -17"><span class='ocrx_word' id='word_1_479' title='bbox 371 4712 439 4787; x_wconf 87' lang='lat' dir='ltr'><strong>dus,</strong></span> <span class='ocrx_word' id='word_1_480' title='bbox 469 4710 557 4772; x_wconf 88' lang='lat' dir='ltr'><strong>Jovis</strong></span> <span class='ocrx_word' id='word_1_481' title='bbox 580 4716 654 4773; x_wconf 90' lang='lat' dir='ltr'><strong>inter</strong></span> <span class='ocrx_word' id='word_1_482' title='bbox 679 4716 716 4773; x_wconf 89' lang='grc'><strong>13</strong></span> <span class='ocrx_word' id='word_1_483' title='bbox 741 4720 771 4774; x_wconf 94' lang='lat' dir='ltr'><strong>et</strong></span> <span class='ocrx_word' id='word_1_484' title='bbox 797 4714 849 4785; x_wconf 88' lang='lat'><strong>18,</strong></span> <span class='ocrx_word' id='word_1_485' title='bbox 879 4710 983 4771; x_wconf 89' lang='lat' dir='ltr'><strong>Martis</strong></span> <span class='ocrx_word' id='word_1_486' title='bbox 1005 4714 1080 4771; x_wconf 91' lang='lat' dir='ltr'><strong>inter</strong></span> <span class='ocrx_word' id='word_1_487' title='bbox 1103 4713 1144 4770; x_wconf 87' lang='grc'><strong>39</strong></span> <span class='ocrx_word' id='word_1_488' title='bbox 1168 4722 1198 4770; x_wconf 93' lang='lat' dir='ltr'><strong>et</strong></span> <span class='ocrx_word' id='word_1_489' title='bbox 1221 4712 1278 4783; x_wconf 82' lang='lat'><strong>50,</strong></span> <span class='ocrx_word' id='word_1_490' title='bbox 1311 4712 1433 4771; x_wconf 85' lang='lat' dir='ltr'><strong>Veneris</strong></span> <span class='ocrx_word' id='word_1_491' title='bbox 1455 4712 1529 4769; x_wconf 89' lang='lat' dir='ltr'><strong>inter</strong></span> <span class='ocrx_word' id='word_1_492' title='bbox 1553 4712 1592 4769; x_wconf 82' lang='grc'><strong>13</strong></span> <span class='ocrx_word' id='word_1_493' title='bbox 1617 4716 1646 4770; x_wconf 94' lang='lat' dir='ltr'><strong>et</strong></span> <span class='ocrx_word' id='word_1_494' title='bbox 1669 4710 1719 4783; x_wconf 78' lang='lat'><strong>⁷6,</strong></span> 
     </span>
     <span class='ocr_line' id='line_1_49' title="bbox 369 4794 1719 4877; baseline -0.001 -19"><span class='ocrx_word' id='word_1_495' title='bbox 369 4798 508 4860; x_wconf 90' lang='lat' dir='ltr'><strong>Mercurii</strong></span> <span class='ocrx_word' id='word_1_496' title='bbox 532 4802 606 4861; x_wconf 91' lang='lat' dir='ltr'><strong>inter</strong></span> <span class='ocrx_word' id='word_1_497' title='bbox 629 4800 669 4860; x_wconf 79' lang='lat'><strong>90</strong></span> <span class='ocrx_word' id='word_1_498' title='bbox 692 4800 722 4861; x_wconf 88' lang='lat' dir='ltr'><strong>el</strong></span> <span class='ocrx_word' id='word_1_499' title='bbox 747 4798 806 4861; x_wconf 86' lang='grc'><strong>135</strong></span> <span class='ocrx_word' id='word_1_500' title='bbox 831 4801 952 4859; x_wconf 84' lang='lat' dir='ltr'><strong>circiter.</strong></span> <span class='ocrx_word' id='word_1_501' title='bbox 999 4796 1114 4877; x_wconf 85' lang='lat' dir='ltr'><strong>Quibus</strong></span> <span class='ocrx_word' id='word_1_502' title='bbox 1138 4798 1212 4856; x_wconf 90' lang='lat' dir='ltr'><strong>adde</strong></span> <span class='ocrx_word' id='word_1_503' title='bbox 1235 4804 1331 4857; x_wconf 88' lang='lat' dir='ltr'><strong>motus</strong></span> <span class='ocrx_word' id='word_1_504' title='bbox 1345 4796 1424 4865; x_wconf 85' lang='lat' dir='ltr'><strong>Solis</strong></span> <span class='ocrx_word' id='word_1_505' title='bbox 1446 4798 1521 4856; x_wconf 90' lang='lat' dir='ltr'><strong>inter</strong></span> <span class='ocrx_word' id='word_1_506' title='bbox 1543 4798 1582 4859; x_wconf 85' lang='grc'><strong>57</strong></span> <span class='ocrx_word' id='word_1_507' title='bbox 1606 4805 1636 4857; x_wconf 90' lang='lat' dir='ltr'><strong>et</strong></span> <span class='ocrx_word' id='word_1_508' title='bbox 1658 4794 1719 4872; x_wconf 78' lang='lat'><strong>61⁴,</strong></span> 
     </span>
     <span class='ocr_line' id='line_1_50' title="bbox 370 4882 1720 4965; baseline -0.002 -19"><span class='ocrx_word' id='word_1_509' title='bbox 370 4886 474 4947; x_wconf 86' lang='lat' dir='ltr'><strong>Lunae</strong></span> <span class='ocrx_word' id='word_1_510' title='bbox 498 4890 572 4947; x_wconf 89' lang='lat' dir='ltr'><strong>inter</strong></span> <span class='ocrx_word' id='word_1_511' title='bbox 597 4890 632 4947; x_wconf 92' lang='lat' dir='ltr'><strong>ll</strong></span> <span class='ocrx_word' id='word_1_512' title='bbox 659 4896 688 4947; x_wconf 91' lang='lat' dir='ltr'><strong>et</strong></span> <span class='ocrx_word' id='word_1_513' title='bbox 714 4888 752 4947; x_wconf 89' lang='lat'><strong>15</strong></span> <span class='ocrx_word' id='word_1_514' title='bbox 776 4886 893 4965; x_wconf 84' lang='lat' dir='ltr'><strong>gradus.</strong></span> <span class='ocrx_word' id='word_1_515' title='bbox 938 4886 1043 4960; x_wconf 88' lang='lat' dir='ltr'><strong>ltaque</strong></span> <span class='ocrx_word' id='word_1_516' title='bbox 1064 4884 1182 4961; x_wconf 80' lang='lat' dir='ltr'><strong>Jupiter</strong></span> <span class='ocrx_word' id='word_1_517' title='bbox 1204 4882 1294 4961; x_wconf 94' lang='lat' dir='ltr'><strong>duplo</strong></span> <span class='ocrx_word' id='word_1_518' title='bbox 1318 4884 1439 4945; x_wconf 89' lang='lat' dir='ltr'><strong>celerior</strong></span> <span class='ocrx_word' id='word_1_519' title='bbox 1462 4902 1525 4946; x_wconf 91' lang='lat' dir='ltr'><strong>esse</strong></span> <span class='ocrx_word' id='word_1_520' title='bbox 1548 4890 1646 4962; x_wconf 88' lang='lat' dir='ltr'><strong>potest</strong></span> <span class='ocrx_word' id='word_1_521' title='bbox 1662 4882 1720 4943; x_wconf 87' lang='lat' dir='ltr'><strong>Sa-</strong></span> 
     </span>
     <span class='ocr_line' id='line_1_51' title="bbox 370 4970 1719 5053; baseline -0.003 -19"><span class='ocrx_word' id='word_1_522' title='bbox 370 4981 472 5049; x_wconf 89' lang='lat' dir='ltr'><strong>turno,</strong></span> <span class='ocrx_word' id='word_1_523' title='bbox 504 4992 562 5053; x_wconf 93' lang='lat' dir='ltr'><strong>quo</strong></span> <span class='ocrx_word' id='word_1_524' title='bbox 593 4974 680 5035; x_wconf 92' lang='lat' dir='ltr'><strong>modo</strong></span> <span class='ocrx_word' id='word_1_525' title='bbox 710 4975 784 5035; x_wconf 90' lang='lat' dir='ltr'><strong>haec</strong></span> <span class='ocrx_word' id='word_1_526' title='bbox 807 4974 876 5051; x_wconf 78' lang='lat' dir='ltr'><strong>biga</strong></span> <span class='ocrx_word' id='word_1_527' title='bbox 898 4972 1113 5049; x_wconf 87' lang='lat' dir='ltr'><strong>comparabitur</strong></span> <span class='ocrx_word' id='word_1_528' title='bbox 1136 4988 1201 5031; x_wconf 89' lang='lat' dir='ltr'><strong>cum</strong></span> <span class='ocrx_word' id='word_1_529' title='bbox 1223 4974 1415 5034; x_wconf 88' lang='lat' dir='ltr'><strong>consonantia</strong></span> <span class='ocrx_word' id='word_1_530' title='bbox 1443 4974 1594 5052; x_wconf 89' lang='lat' dir='ltr'><strong>diapason.</strong></span> <span class='ocrx_word' id='word_1_531' title='bbox 1639 4970 1719 5032; x_wconf 87' lang='lat' dir='ltr'><strong>Mars</strong></span> 
     </span>
    </p>
   </div>
   <div class='ocr_carea' id='block_1_15' title="bbox 422 5076 1565 5149">
    <p class='ocr_par' dir='ltr' id='par_1_16' title="bbox 422 5076 1565 5149">
     <span class='ocr_line' id='line_1_52' title="bbox 422 5076 1565 5149; baseline 0.002 -12"><span class='ocrx_word' id='word_1_532' title='bbox 422 5095 518 5149; x_wconf 58' lang='lat' dir='ltr'><strong>aaron</strong></span> <span class='ocrx_word' id='word_1_533' title='bbox 531 5082 607 5147; x_wconf 65' lang='lat' dir='ltr'><strong>nien</strong></span> <span class='ocrx_word' id='word_1_534' title='bbox 619 5094 646 5138; x_wconf 89' lang='lat' dir='ltr'><strong>v.</strong></span> <span class='ocrx_word' id='word_1_535' title='bbox 1523 5076 1565 5141; x_wconf 80' lang='grc'><strong>36</strong></span> 
     </span>
    </p>
   </div>
   <div class='ocr_carea' id='block_1_16' title="bbox 0 0 2238 6192">
    <p class='ocr_par' dir='ltr' id='par_1_17' title="bbox 0 0 2238 6192">
     <span class='ocr_line' id='line_1_53' title="bbox 0 0 2238 6192; baseline 0 7"><span class='ocrx_word' id='word_1_536' title='bbox 0 0 2238 6192; x_wconf 95' lang='lat' dir='ltr'><strong> </strong></span> 
     </span>
    </p>
   </div>
  </div>
 </body>
</html>
