4467 6192
873 670 954 731 Liber
971 670 1021 730 ΙΙΙ.
1039 674 1129 745 caput
1144 669 1220 729 XIII.
1508 710 1516 725 ι
1583 727 1589 741 .
1653 678 1716 739 ssi

360 844 452 915 pessit
470 843 573 915 diquid
591 847 708 903 coeleste
727 847 896 924 comparari,
924 849 1046 917 quamvis
1073 848 1219 917 plurimum
1244 846 1316 901 inter
1342 860 1373 899 ss
1399 844 1527 913 gradibus
1553 845 1718 903 mrenticuis
1771 871 1774 888 ι

362 922 570 991 prioritstisque
588 924 713 997 differant
729 928 823 997 capita
839 928 878 981 rei
896 929 1023 994 musicae,
1042 943 1157 996 quorum
1174 926 1228 982 hoc
1243 924 1382 981 residuum
1400 936 1462 980 essa
1480 922 1553 981 dicit.

450 1020 526 1074 Nota
543 1020 593 1074 ΙΙΙ.
629 1020 789 1078 Differentia
807 1022 1017 1091 comparationis
1036 1022 1119 1089 huius
1136 1028 1165 1076 et
1182 1020 1264 1078 illius.
1282 1035 1353 1088 quae
1373 1019 1462 1088 capito
1477 1020 1501 1075 8.
1519 1020 1578 1089 fuit,
1598 1028 1641 1076 est
1657 1021 1718 1090 ista

359 1094 490 1165 quodibi
508 1098 637 1154 zodiacus
654 1116 671 1155 a
688 1108 761 1156 certo
780 1100 857 1155 initio
876 1107 1005 1155 extsnsus
1025 1108 1197 1173 comparatus
1215 1099 1268 1155 fuit
1285 1098 1427 1168 systemati
1444 1097 1581 1168 perfeeto,
1601 1098 1645 1153 hic
1662 1114 1717 1155 non

359 1175 492 1231 zodiacus
510 1194 560 1247 per
577 1194 621 1251 se,
650 1181 697 1235 sed
715 1180 834 1236 circulus
856 1180 969 1237 semisse
988 1179 1058 1249 sigui
1076 1186 1140 1235 ants
1158 1177 1247 1233 locum
1266 1176 1337 1231 eolis
1353 1177 1493 1245 inceptus,
1521 1183 1550 1232 et
1566 1177 1594 1231 iu
1612 1178 1718 1233 Veners

360 1252 473 1321 quidem
492 1262 520 1308 et
537 1258 673 1313 Mercurio
699 1258 878 1313 ne·circulus
896 1259 1022 1327 quidem,
1050 1258 1100 1312 sad
1125 1256 1200 1312 nuda
1227 1257 1310 1311 series
1328 1254 1499 1330 redeuntium
1509 1256 1717 1325 apparitionum

360 1329 461 1385 codem
479 1334 508 1387 in
526 1348 591 1389 srou
610 1334 711 1406 circuli,
730 1336 808 1406 cnjus
827 1336 944 1391 medinm
963 1336 1010 1392 Sol
1029 1342 1153 1405 occupat,
1171 1334 1258 1390 uidem
1277 1334 1416 1405 systemati
1434 1341 1614 1402 eomparatur.
1649 1336 1717 1404 θος-
1795 1354 1798 1361 ’

361 1412 438 1465 natio
458 1428 522 1466 sero
540 1413 622 1482 huius
640 1416 849 1484 comparationis
868 1416 1007 1485 dumille,
1036 1430 1106 1485 quas
1134 1414 1187 1469 luit
1214 1416 1304 1484 cupite
1320 1416 1351 1480 9,
1377 1415 1406 1467 in
1434 1413 1488 1467 lnce
1504 1412 1566 1481 ipso
1584 1413 1718 1482 consistit,

362 1488 438 1556 quod
456 1491 494 1543 ibi
513 1492 622 1559 quidem
639 1494 667 1547 in
686 1508 785 1561 grume
802 1494 888 1548 omnis
907 1494 1017 1563 planeta
1038 1492 1218 1564 ponderosior
1234 1494 1370 1562 praestitit
1388 1494 1493 1562 signum
1511 1492 1650 1547 divisionis
1668 1494 1718 1547 cir·

361 1568 492 1624 culinen
511 1571 606 1640 realis,
633 1572 682 1627 sod
700 1574 860 1643 separatorii
878 1589 927 1628 seu
946 1574 1137 1642 fflsstematici3
1164 1574 1267 1643 quippe
1292 1572 1398 1629 initium
1425 1573 1485 1641 eius
1512 1586 1562 1627 ssu
1580 1570 1719 1626 divisionis
1838 1602 1842 1609 ·

362 1646 472 1713 signum
490 1654 532 1704 est
550 1649 661 1720 mobile;
681 1651 777 1707 deindo
798 1652 909 1721 planeta
926 1653 1023 1721 levior,
1047 1660 1221 1722 comparatus
1239 1650 1273 1705 ad
1291 1651 1524 1721 ponderosiorem‚
1548 1649 1720 1719 perambulat

363 1742 460 1781 omnes
478 1738 607 1797 aspectus
625 1745 686 1784 curn
713 1730 901 1799 ponderosiori
918 1740 946 1787 et
969 1733 1007 1788 illi
1034 1739 1163 1801 aspectus
1191 1738 1270 1787 erant
1294 1730 1415 1786 membra
1431 1727 1641 1798 comparationis
1659 1743 1720 1781 eum

363 1804 557 1872 musicalibus,
584 1809 629 1863 hic
648 1826 702 1865 non
720 1810 834 1880 quilibet
851 1809 961 1881 planeta
978 1826 1034 1867 uon
1051 1811 1245 1880 ponderosior,
1273 1810 1321 1865 sed
1339 1809 1424 1866 solius
1442 1807 1512 1863 Solis
1530 1806 1638 1876 signam
1654 1806 1721 1862 facit

363 1882 547 1939 talsinitium
566 1886 726 1958 signumque
746 1888 897 1957 divisionis,
915 1896 943 1943 at
962 1906 1023 1945 uum
1042 1905 1075 1945 eo
1093 1894 1285 1959 comparentur
1302 1888 1429 1959 planetae
1446 1893 1503 1943 tres
1521 1886 1674 1955 superiores
1692 1890 1720 1939 st

261 1973 265 1979 ’
362 1960 446 2015 Luna
465 1964 623 2034 perfectius,
640 1968 781 2023 inferiores
799 1968 992 2039 imperfectius.

454 2068 528 2125 Nota
545 2072 591 2125 IV.
628 2072 695 2127 Cum
721 2072 821 2127 sintin
840 2090 894 2128 uno
913 2080 1060 2144 systemate
1086 2073 1209 2143 perfecto
1233 2072 1287 2128 duo
1306 2074 1452 2143 diapason,
1478 2072 1507 2127 in
1525 2070 1648 2141 quolibet
1665 2069 1719 2126 duo

363 2148 537 2203 diatessaron
556 2164 606 2203 ssu
623 2151 805 2215 tenaciorda
822 2166 909 2208 unum*
925 2155 1050 2223 superius
1068 2153 1144 2220 (folio
1164 2154 1214 2209 172
1232 2155 1285 2208 mei
1303 2153 1393 2223 operis
1412 2166 1461 2207 seu
1478 2148 1583 2207 lin-'Ill
1603 2150 1716 2217 csp.1r.
1784 2210 1792 2217 ⁸

251 2288 252 2299 ¹
363 2244 399 2285 ex
420 2228 531 2284 chordis
550 2230 579 2297 Γ,
599 2230 634 2297 Α,
650 2230 689 2315 ΙΒ,
709 2231 776 2286 det
795 2231 827 2300 G,
846 2250 872 2300 c,
891 2234 916 2301 b,
935 2234 967 2302 c),
983 2238 1011 2287 st
1028 2246 1111 2288 unum
1126 2231 1241 2287 inferius
1260 2234 1306 2302 (D,
1324 2233 1360 2302 E,
1380 2232 1415 2300 F,
1435 2231 1497 2287 Get
1514 2231 1541 2298 d,
1560 2245 1582 2298 c,
1599 2230 1620 2299 s,
1637 2229 1673 2299 p),
1692 2230 1721 2281 el

251 2375 252 2380 ἵ
363 2309 437 2363 inter
454 2307 503 2363 illa
520 2309 585 2363 bina
603 2308 703 2377 singuli
721 2310 788 2379 toni,
807 2311 835 2365 in
854 2325 909 2366 uno
927 2310 1059 2381 diapason
1079 2311 1108 2381 0,
1125 2311 1163 2380 D,
1181 2311 1210 2366 in
1228 2311 1314 2368 altero
1332 2330 1355 2381 c,
1374 2312 1400 2378 d,
1418 2309 1464 2380 qni
1481 2305 1659 2365 tetrachorda
1676 2320 1719 2361 su·
