4467 6192
711 659 857 730 appendix
886 661 921 718 ed
939 660 1035 748 librum
1052 663 1086 718 V.
1105 661 1334 718 Harmonicorum.
1632 664 1694 732 329

349 837 541 906 eobsmtcun
562 839 703 915 manum,
715 856 786 916 ,quo
808 849 839 900 et
860 841 964 912 itinera
980 851 1053 903 sunt
1075 839 1215 921 impedita
1239 847 1268 902 st
1283 843 1408 919 operarii
1423 841 1555 920 plerique
1576 840 1696 900 uomina

350 926 519 1005 profitentur
540 926 671 988 militiae.
714 929 821 1004 ltaque
842 932 966 1006 primum
988 948 1043 996 nos
1065 947 1204 1008 papyrus,
1228 928 1332 990 deinde
1354 936 1384 989 et
1399 947 1504 1007 operae
1526 928 1618 1007 praeli
1640 926 1696 988 ad-

348 1015 498 1075 ministrae
521 1013 701 1089 deieoeruut,
731 1024 846 1092 tempus
869 1017 996 1094 denique
1018 1018 1261 1078 fastidiosissimis
1283 1019 1371 1076 moris
1398 1019 1488 1078 nimio
1510 1023 1696 1095 protractum.

350 1101 466 1177 Quibus
487 1103 703 1181 impedimentis
737 1106 881 1164 mentun
911 1107 959 1164 rix
983 1105 1101 1166 mndsm
1131 1123 1177 1167 me
1205 1108 1317 1182 respexi
1348 1121 1504 1182 meumque
1533 1105 1697 1164 institutum

350 1192 486 1266 surripui,
509 1193 561 1266 qui
582 1191 689 1250 librum
711 1193 840 1252 auctoris
855 1194 957 1271 optimi
971 1193 1136 1254 Ptolemaei
1149 1200 1178 1254 et
1193 1195 1429 1254 commentatoris
1444 1192 1607 1270 Porphyrii,
1630 1208 1696 1250 mu·
1747 1261 1753 1274 .

348 1276 431 1336 tilata
455 1277 615 1355 particulas
638 1278 783 1353 editione,
814 1287 928 1340 tanturn
950 1298 1010 1341 non
1032 1298 1207 1360 exponerem
1235 1283 1415 1360 penitusque
1430 1280 1593 1352 abolerem,
1625 1279 1695 1354 qnia

353 1367 454 1444 potius
476 1367 565 1443 igitur
586 1366 730 1442 reliquom
753 1383 860 1445 operes
883 1367 1033 1429 dimidium
1056 1370 1242 1430 inversione
1265 1367 1485 1452 Porphyriones
1507 1367 1697 1445 expositionis
1758 1367 1764 1380 “

348 1452 560 1530 impenderem,
582 1461 668 1514 notas
690 1457 721 1512 iu
743 1456 841 1533 capita
862 1454 912 1515 lib.
928 1456 968 1516 IL
992 1465 1023 1516 st
1037 1456 1093 1520 111.
1115 1455 1233 1515 residua
1256 1455 1467 1525 conscriberem
1489 1463 1519 1516 ct
1540 1472 1606 1515 cum
1622 1452 1697 1513 Por-

349 1540 502 1618 phyrianis
524 1557 649 1617 comque
671 1543 721 1616 iis,
752 1543 913 1619 quaejam
935 1542 1032 1604 babeo
1063 1545 1243 1621 conscriptas
1271 1545 1300 1600 in
1323 1543 1389 1602 libr.
1412 1543 1467 1602 ΙΙΙ.
1495 1559 1570 1621 peno
1593 1549 1695 1614 toturn,

350 1629 575 1705 conjungerem,
599 1636 632 1688 nt
653 1632 696 1689 ita
718 1647 792 1707 opus
814 1631 974 1707 integretur
996 1640 1025 1692 et
1048 1649 1107 1708 qus
1129 1639 1212 1708 parts
1236 1637 1340 1703 exstat,
1363 1629 1602 1690 Grascolatinum
1624 1627 1696 1687 eds·

349 1715 416 1775 tur?
463 1714 558 1791 Quam
587 1716 626 1776 ad
653 1716 811 1779 editionem
842 1718 923 1780 alind
952 1726 1068 1796 tempas
1097 1719 1232 1795 aliusque
1260 1717 1344 1780 locus
1375 1721 1529 1794 requiritur
1557 1726 1586 1776 st
1607 1724 1697 1795 type·

347 1803 478 1881 graphas
500 1802 633 1864 idoneus.
924 1800 944 1876 j

434 1891 481 1952 Na
505 1908 574 1952 rero
597 1890 669 1968 quid
690 1908 799 1966 eorum,
822 1910 898 1970 quac
920 1911 1008 1972 supra
1030 1908 1096 1954 eum
1118 1893 1278 1970 pollicitus,
1307 1895 1424 1971 penitus
1446 1891 1603 1954 desiderari
1626 1907 1697 1970 poa·

347 1986 391 2039 set
412 1996 434 2038 a
455 1978 581 2054 lectore,
610 1988 642 2038 ut
663 1997 700 2040 ns
722 1980 771 2039 uel
793 1982 824 2038 iu
846 1980 903 2045 bac
924 1980 1028 2041 ultima
1050 1987 1132 2060 parte
1155 1980 1270 2041 deesset
1298 1979 1410 2058 aliquid
1439 1981 1476 2040 sd
1500 1980 1697 2055 integritatem

347 2083 399 2127 eeu
420 2065 462 2126 ad
484 2065 653 2126 faciliorem·
676 2067 856 2132 intellectum
885 2071 981 2145 operis
1012 2072 1069 2130 mei
1090 2069 1277 2141 Harmonici,
1309 2086 1365 2148 aga
1394 2071 1522 2147 capitum
1552 2066 1618 2128 libri
1640 2066 1696 2126 ΙΙΙ.

347 2153 512 2215 Ptolemaei
539 2153 641 2214 titulos
664 2155 828 2216 exscribam
856 2173 981 2232 cumque
1002 2157 1076 2216 locis
1096 2157 1160 2217 suis
1190 2159 1219 2214 in
1243 2172 1330 2234 opere
1352 2173 1417 2218 mco
1440 2154 1633 2233 comparebo,
1668 2163 1698 2214 ct

349 2241 419 2320 quid
442 2243 472 2299 in
496 2243 574 2300 notis
596 2243 669 2302 meis
690 2245 776 2316 insit,
798 2246 956 2304 summaria
978 2246 1090 2304 ratione
1114 2243 1304 2305 consmibam.
1353 2277 1356 2286 ι

432 2329 564 2388 Primum
588 2346 665 2405 quae
686 2329 876 2392 Ptolemaeus
897 2330 980 2390 libris
994 2331 1018 2390 1.
1043 2332 1082 2390 11.
1105 2339 1136 2392 et
1157 2333 1242 2392 initio
1263 2333 1341 2392 tertii
1364 2329 1399 2390 de
1422 2328 1592 2389 harmonica
1607 2326 1697 2387 disci·

347 2415 431 2495 pliua
453 2415 582 2488 tradidit,
607 2416 658 2476 illa
680 2433 736 2494 ego
758 2417 897 2478 methodo
919 2417 988 2491 alia,
1011 2417 1090 2478 haud
1114 2417 1204 2498 paulo
1221 2418 1346 2496 diversa,
1368 2417 1443 2476 libro
1459 2433 1525 2477 meo
1540 2415 1594 2476 111.
1616 2431 1698 2476 corn·

346 2503 452 2581 plexus
474 2522 548 2564 snru.
595 2503 669 2563 Cum
691 2513 790 2565 antam
813 2505 1001 2566 Ptolemaeus
1023 2505 1240 2568 harmoniarum
1263 2507 1404 2582 principio
1428 2522 1463 2564 ex
1486 2506 1612 2564 numeris
1628 2503 1698 2562 abs·

347 2594 450 2651 tractis
472 2598 554 2671 petat
575 2607 641 2650 cum
664 2593 826 2666 veteribus,
851 2611 907 2669 ego
930 2600 1046 2666 contra,
1070 2597 1131 2654 viru
1152 2595 1279 2654 numeris
1304 2601 1335 2652 ut
1357 2592 1579 2652 numerantibus
1601 2592 1697 2650 inesse

346 2695 478 2755 negans,
509 2694 561 2757 pro
585 2680 621 2737 iis
650 2696 787 2740 numeros
816 2689 999 2754 numeratos,
1030 2679 1060 2741 id
1084 2691 1129 2743 est
1151 2699 1196 2742 ree
1219 2684 1299 2757 ipsas
1330 2681 1457 2740 numeris
1481 2681 1515 2738 iis
1537 2679 1696 2754 subJsctas,

347 2767 459 2842 ligures
480 2784 521 2826 se.
543 2766 648 2844 planas
672 2767 831 2844 regulares
850 2775 880 2828 et
902 2768 1002 2830 circuli
1025 2767 1186 2830 divisiones
1209 2771 1245 2828 iis
1267 2766 1527 2840 administrandas,
1557 2765 1700 2844 principia

344 2862 481 2914 statuens
504 2855 746 2930 harmonicsrum,
770 2858 935 2916 necessario
958 2855 1050 2918 libros
1072 2857 1096 2922 I.
1117 2864 1147 2917 et
1170 2856 1210 2916 ΙΙ.
1243 2857 1279 2914 de
1302 2855 1403 2931 figuris
1427 2854 1602 2914 harmonicis
1632 2863 1698 2919 meo

346 2941 422 3002 libro
446 2941 502 3001 111.
525 2944 671 3018 praemisi.

433 3028 505 3090 Jam
516 3027 707 3089 Ptolemaeus
729 3029 803 3089 llbro
827 3033 913 3090 tortio
935 3048 1000 3108 cap.
1025 3033 1054 3090 3.
1077 3033 1174 3108 operis
1197 3033 1243 3090 sui
1266 3031 1452 3108 praescripsit
1474 3029 1551 3088 hunc
1564 3024 1696 3087 titulum:

345 3115 411 3176 Surb
442 3116 525 3193 quod
550 3133 646 3192 qenes
671 3136 776 3176 rernm
805 3117 965 3195 reserenda
993 3121 1032 3177 ait
1057 3127 1175 3180 nutura
1206 3136 1258 3180 aen
1287 3120 1330 3176 cir
1361 3117 1540 3176 harmonica
1577 3113 1699 3189 ejusque

344 3206 488 3277 martio,
517 3202 687 3278 ostendens,
720 3204 800 3282 quod
827 3207 865 3262 sit
887 3204 1008 3281 aliquod
1038 3209 1210 3284 principium
1242 3203 1373 3276 causale,
1403 3201 1540 3281 formale,
1572 3199 1698 3261 mentale

344 3292 483 3367 adeoque
507 3290 653 3365 divinum,
685 3291 765 3367 quod
780 3293 874 3370 rebus
897 3293 1032 3352 conciliet
1062 3293 1238 3354 harmonias.
1285 3293 1356 3370 Cap.
1381 3293 1409 3350 4.
1448 3291 1537 3369 Quod
1558 3293 1603 3348 via
1624 3287 1699 3348 hor-

343 3381 487 3440 monicee
507 3383 790 3454 contemperationis
811 3380 951 3440 omnibus
972 3381 1170 3455 sebasiani,
1192 3399 1327 3457 quarum
1349 3386 1483 3438 neturus
1503 3378 1607 3438 siheri
1627 3394 1699 3452 pcr-
1805 3447 1810 3461 .

342 3468 482 3544 senionia
503 3465 605 3542 produ
625 3470 808 3541 comiatum,
829 3475 860 3526 st
876 3468 963 3543 ,quod
984 3469 1016 3527 id
1036 3473 1171 3530 monime
1193 3474 1344 3543 apparent
1364 3469 1398 3525 in
1419 3467 1565 3526 humenis
1587 3466 1699 3524 animia

343 3557 441 3631 iraque
462 3554 631 3614 antiatibus
652 3555 902 3616 raudationihus.
947 3552 1005 3615 Ubi
1029 3559 1213 3633 partitionem
1229 3555 1311 3614 uider
1328 3570 1436 3624 eorum,
1460 3541 1536 3630 qua's
1551 3551 1701 3612 restabant

323 3640 520 3719 ,Ptolemaeo
543 3639 687 3715 dicendas
713 3645 839 3717 primum
861 3659 901 3702 sc.
926 3641 962 3701 de
984 3642 1145 3702 harmoniis
1174 3645 1329 3702 inanimis
1353 3642 1560 3712 existentibus,
1592 3656 1699 3708 secun·

344 3730 416 3788 dum
441 3727 479 3787 de
502 3728 662 3788 harmoniis
694 3728 820 3790 in‘cosli
843 3730 981 3790 motibus.
1028 3731 1064 3789 Et
1092 3731 1128 3790 de
1151 3734 1243 3810 primo
1267 3729 1384 3806 quidem
1410 3737 1571 3805 sequuntur
1602 3728 1699 3804 capita

278 3869 282 3876 .
345 3819 422 3889 tria,
449 3815 638 3876 desecando
661 3815 779 3876 residua
801 3820 899 3894 capita
920 3834 1035 3878 norem.
1082 3818 1154 3896 Cap.
1175 3819 1203 3878 5.
1228 3818 1443 3878 consonantias
1465 3815 1595 3893 singulas
1618 3832 1700 3874 corn-

342 3912 434 3981 parat
458 3921 523 3968 cnm
546 3903 736 3963 iacultatibus
759 3906 874 3964 animae
897 3905 1049 3967 rationalis
1070 3904 1208 3982 singulis,
1240 3904 1329 3982 idque
1351 3906 1466 3970 concise
1492 3922 1543 3982 per
1566 3900 1700 3964 subdiri·

343 3995 448 4052 siones
472 3993 623 4066 utriusque
645 4008 740 4052 rerum
763 3999 1004 4069 comparaturum.
1050 3991 1122 4070 Cap.
1148 3997 1175 4054 6.
1208 3991 1324 4054 Genera
1345 3992 1561 4052 harmoniarum
1584 3990 1700 4064 singula

344 4097 415 4140 eum
438 4077 564 4152 singulis
587 4079 743 4153 generibus
764 4090 817 4138 sen
840 4079 984 4152 classibus
1007 4081 1146 4141 virtutum
1167 4087 1324 4156 comparat.
1371 4078 1442 4156 Cap.
1469 4083 1496 4139 i.
1519 4079 1700 4146 Mutationss

343 4176 487 4226 tonorum
510 4181 577 4224 curn
597 4166 807 4231 mutationibus
829 4167 991 4229 studiorum
1013 4168 1197 4243 publicorum
1227 4185 1279 4244 per
1301 4175 1462 4245 temporum
1487 4163 1700 4228 dissimilitudi-

342 4272 412 4316 nem
451 4253 586 4327 adeoque
623 4255 712 4314 eticm
745 4270 824 4314 cum·
845 4255 1057 4315 mutationibus
1091 4257 1247 4316 affectuum
1286 4256 1314 4312 in
1347 4257 1451 4315 animis
1482 4257 1700 4317 subitaneorurn

342 4349 508 4418 comparat

435 4428 472 4487 Iu
502 4427 560 4490 bac
580 4435 665 4504 parte
691 4428 785 4488 multa
815 4436 916 4490 contra
937 4427 1142 4489 Ptolomaeum
1165 4429 1300 4507 disputo,
1332 4427 1538 4508 symbolisrnos
1561 4445 1600 4490 sc
1633 4427 1699 4487 illos

345 4517 507 4595 potissima
528 4522 612 4592 parts
633 4532 693 4576 non
716 4533 780 4577 esse
802 4519 995 4590 necessarios,
1016 4533 1071 4576 nec
1093 4518 1236 4578 causales·
1250 4536 1304 4578 nec
1314 4515 1471 4589 naturales,
1494 4515 1545 4576 ssd
1570 4517 1700 4592 politicos

342 4608 451 4683 potius
472 4609 501 4663 et
524 4604 683 4679 oratorios,
715 4622 783 4664 nam
805 4604 889 4678 ibas,
920 4622 997 4680 qnae
1019 4606 1048 4662 in
1071 4607 1176 4672 animis
1206 4607 1317 4678 insunt,
1348 4603 1501 4665 facultates
1524 4612 1552 4660 et
1576 4605 1699 4664 virtutes

342 4690 497 4770 speciales
518 4707 577 4750 nnn
599 4693 697 4750 sortiri
720 4707 774 4750 nec
796 4691 892 4752 ideam
915 4708 969 4752 nec
991 4709 1126 4752 numeros
1149 4692 1363 4752 constitutionis
1386 4707 1456 4749 snas
1484 4707 1519 4749 ex
1542 4689 1700 4751 harmoniis

344 4789 498 4856 tauquam
519 4794 554 4835 ex
577 4778 745 4856 archetypo,
769 4779 820 4838 sed
844 4777 953 4838 babere
976 4796 1081 4838 cauam
1104 4777 1179 4838 alias
1201 4779 1351 4838 consessas
1374 4784 1425 4836 aut
1441 4775 1604 4848 evidentes,
1630 4781 1699 4854 quin

341 4886 381 4928 ne
411 4865 533 4943 quidem
562 4866 736 4942 respondere
767 4865 806 4924 ud
837 4883 1003 4937 numerum,
1033 4864 1085 4925 ssd
1113 4863 1201 4939 longe
1224 4866 1358 4940 quaesita
1390 4872 1441 4924 ant
1463 4863 1540 4924 mele
1562 4866 1700 4926 affectata

341 4973 439 5033 opera
468 4954 597 5030 speciem
626 4954 664 5014 iis
694 4952 843 5013 conciliari
874 4951 1028 5013 divisionis
1056 4950 1337 5029 acqrremultiplicis3
1372 4950 1480 5012 multas
1515 4952 1699 5014 abundantes

341 5051 410 5102 aut·
423 5039 556 5102 vicissbn
578 5039 710 5102 deiectus
733 5038 926 5113 dissimulari3
958 5037 1121 5114 quaedam,
1154 5055 1230 5116 quas
1253 5040 1348 5098 minus
1370 5039 1542 5114 srrccedunt,
1571 5040 1698 5100 crinibus

342 5129 440 5206 trabi3
474 5125 601 5205 denique
628 5145 706 5206 quas
733 5129 861 5188 maxime
888 5134 919 5188 et
946 5124 1117 5188 dormmime
1142 5126 1267 5188 invicem
1300 5126 1491 5206 respondent,
1520 5135 1699 5190 nontamen
