4467 6192
736 687 739 696 ’
811 710 1054 770 Damourtrationa
1074 710 1210 770 ¹hiberl
1635 714 1675 776 88

341 889 433 966 potuit
456 888 629 965 significare.
644 888 780 964 Tenem,
803 897 833 950 et
853 888 962 950 mundo
985 887 1187 951 dodecaedmu
1207 839 1348 962 adscribi,
1365 890 1436 964 quia
1456 854 1562 950 'farrae
1584 891 1676 948 curri·

343 975 435 1036 culum
459 975 516 1036 hac
537 977 632 1052 ligura
654 979 831 1050 continetur,
864 976 1016 1038 duodecim
1044 976 1234 1054 longitudinis
1262 977 1393 1053 partibus
1423 976 1604 1051 distinctum,
1636 977 1679 1035 uti

342 1061 386 1121 illu
406 1063 506 1140 figura
529 1063 683 1124 duodecim
713 1072 774 1125 toto
802 1065 913 1124 ambitu
936 1065 1031 1142 planis
1054 1066 1224 1125 continetur.
1269 1062 1355 1138 Quod
1376 1065 1462 1139 igitur
1483 1067 1512 1122 iu
1534 1064 1679 1142 mysteriis
1729 1057 1733 1064 “

342 1149 592 1228 Pythagoreorum
618 1150 675 1211 hoc
706 1159 792 1229 pacto
823 1154 952 1228 quinque
981 1151 1091 1228 figurae
1122 1151 1292 1212 distributae
1313 1152 1420 1211 luerint
1441 1167 1499 1210 nou
1521 1153 1596 1211 inter
1617 1150 1679 1210 ele-

343 1245 446 1313 menta,
470 1246 505 1297 ut
522 1238 695 1298 Aristoteles
711 1237 840 1314 credidit,
863 1238 915 1300 aed
937 1227 1011 1298 inter
1034 1241 1113 1314 ipsos
1128 1240 1278 1316 planetas,
1301 1237 1374 1296 illud
1398 1237 1445 1297 vel
1467 1242 1591 1298 maxime
1607 1255 1680 1299 cou-

343 1325 441 1399 drmat,
466 1325 547 1402 quod
563 1325 684 1386 Procius
707 1325 793 1386 linem
815 1328 991 1404 geometriae
1014 1327 1096 1386 iuter*
1113 1334 1225 1387 ceteros
1247 1325 1325 1385 hunc
1346 1323 1442 1398 tradit,
1467 1326 1545 1402 quod
1567 1326 1678 1399 doceat,

345 1429 395 1490 quo
418 1413 512 1472 modo
534 1411 642 1490 figuras
664 1417 869 1474 couvenientes
893 1413 1007 1474 coelum
1032 1415 1117 1474 cartis
1139 1416 1185 1474 sui
1206 1414 1337 1490 partibus
1359 1417 1510 1491 acceperit
1773 1475 1780 1487 Ι

421 1498 560 1560 Necdum
588 1499 655 1559 linis
685 1511 728 1560 cst
751 1501 864 1577 damni,
896 1500 974 1579 quod
996 1500 1107 1568 Eamus
1129 1503 1215 1567 uobis
1237 1499 1334 1575 dedit3
1362 1516 1429 1560 ecce
1451 1501 1681 1560 sollertissimum

345 1595 554 1664 geometrarum
576 1586 780 1648 hodiernorum
802 1587 957 1662 Suedium,
980 1589 1067 1666 plane
1090 1590 1298 1664 suffragantem
1320 1586 1427 1661 Remo,
1449 1590 1636 1664 praelatione.
1650 1590 1679 1646 iu

346 1673 492 1750 [rudolphi
516 1692 535 1734 a
559 1673 676 1734 Coellcn
698 1673 932 1754 Problemata²):
956 1678 1079 1753 primum
1093 1679 1144 1751 uit,
1167 1676 1209 1736 od
1230 1693 1320 1734 aetem
1334 1677 1472 1734 inutilem
1487 1693 1545 1734 eece
1558 1676 1681 1735 uteba·

345 1779 406 1819 neor
435 1763 526 1821 illam
556 1761 754 1838 ineffabilium
784 1767 817 1822 in
839 1764 979 1824 tredecim
1000 1768 1116 1838 species.
1161 1762 1310 1835 Concedo,
1341 1764 1367 1821 si
1393 1762 1506 1821 nulium
1526 1763 1576 1822 ille
1597 1779 1681 1822 usum

349 1857 498 1925 agnoscat,
528 1849 585 1911 nisi
607 1853 636 1908 in
660 1852 721 1910 rita
743 1855 888 1910 communi
917 1859 946 1910 et
968 1853 993 1910 si
1014 1850 1112 1910 nullus
1143 1849 1418 1927 contemplationum
1439 1849 1624 1928 physicarum
1646 1853 1684 1909 sit

347 1951 410 1996 usus
432 1936 472 1996 ad
499 1939 598 1996 vitam.
644 1936 685 2014 At
707 1955 756 1997 cur
778 1956 836 1999 non
859 1939 994 1998 Proclum
1022 1941 1169 2015 sequitur,
1201 1955 1287 2015 quem
1313 1937 1437 2013 allegat,
1470 1940 1520 2014 qui
1550 1939 1681 2014 agnoscit

347 2023 460 2100 aliquod
490 2023 587 2100 majus
616 2028 792 2102 geometriae
820 2027 942 2102 bonum,
974 2043 1062 2102 quam
1089 2034 1158 2086 suut
1185 2034 1263 2085 artes
1295 2025 1332 2084 ad
1361 2030 1451 2086 vitam
1479 2023 1681 2086 necessariae?

347 2120 409 2172 tuuc
430 2111 570 2187 equidem
592 2118 621 2170 et
644 2111 747 2172 decimi
770 2112 836 2174 libri
859 2132 929 2174 usus
951 2115 1134 2190 apparuisset
1163 2115 1193 2172 iu
1221 2111 1411 2173 aestimandis
1437 2112 1591 2189 figurarum
1613 2128 1682 2189 spa-

349 2200 450 2259 ciehus.
502 2197 620 2275 allegat
641 2197 768 2260 Suellius
791 2209 924 2263 auctores
951 2209 1129 2277 geometras,
1159 2202 1210 2278 qui
1237 2215 1295 2260 uon
1325 2207 1442 2260 utantur
1467 2199 1542 2260 libro
1571 2198 1681 2259 deamo

348 2285 482 2345 Euclidis.
529 2285 607 2346 Sane
630 2302 730 2346 omnes
752 2286 795 2345 illi
818 2296 870 2348 aut
890 2288 1013 2352 linearia
1034 2295 1160 2350 tractam
1181 2287 1362 2364 problemata
1384 2296 1436 2348 aut
1457 2286 1567 2361 solida,
1595 2295 1625 2345 et
1645 2286 1682 2345 tle

348 2371 439 2450 figuris
464 2372 516 2433 vel
538 2376 750 2450 quantitatibus
773 2375 889 2451 talibus,
913 2393 989 2453 quae
1010 2393 1069 2436 non
1091 2376 1201 2436 habeut
1222 2375 1315 2434 tinem·
1330 2393 1415 2435 suum
1437 2378 1513 2434 intra
1534 2391 1610 2455 sese,
1631 2371 1683 2432 sed

348 2461 496 2522 manifesta
520 2460 642 2520 tendunt
665 2461 702 2520 ad
724 2479 794 2522 usus
816 2463 891 2524 alioe
913 2481 966 2522 nec
988 2465 1051 2524 sine
1073 2466 1109 2524 iis
1133 2465 1359 2540 exquirerentur.
1404 2463 1444 2523 At
1465 2462 1574 2539 figurae
1596 2477 1683 2537 regu-
1775 2464 1779 2480 '

348 2545 417 2608 lares
438 2555 561 2626 propter
582 2565 613 2608 sc
635 2549 714 2628 ipsas
737 2552 925 2626 exquiruntur
945 2559 979 2610 ut
1000 2551 1158 2628 archetypi,
1181 2568 1267 2611 suam
1288 2553 1318 2608 in
1340 2568 1372 2610 se
1394 2551 1465 2626 ipsis
1487 2550 1596 2609 habent
1615 2565 1684 2624 per-

349 2635 500 2696 lectionem
523 2643 648 2713 suntque
671 2638 745 2696 inter
765 2638 899 2714 subjecta
920 2637 1073 2716 planorum
1094 2638 1324 2714 problematum,
1347 2654 1405 2697 nou
1428 2638 1576 2711 obstante,
1600 2635 1680 2712 quod

349 2722 439 2800 planis
461 2721 562 2782 hedris
584 2723 710 2784 solidum
733 2727 821 2784 etiam
844 2726 1002 2786 clauditur:
1026 2728 1160 2788 similiter
1182 2735 1212 2788 et
1233 2727 1338 2786 decimi
1359 2725 1425 2785 libri
1446 2727 1567 2784 materia
1588 2725 1684 2799 potis-

349 2813 448 2869 simum
471 2809 513 2869 ad
535 2809 625 2886 plana
646 2813 779 2888 pertinet.
825 2813 882 2872 Cur
904 2817 991 2891 igitur
1013 2815 1209 2892 allegarentur
1231 2813 1445 2889 heterogenea?
1474 2820 1525 2872 aut
1547 2824 1597 2870 cur
1619 2810 1685 2869 vilis

350 2901 518 2958 mstimatur
541 2915 636 2971 merx,
667 2916 756 2975 quam
777 2915 836 2958 uon
858 2895 927 2961 emit
951 2901 1077 2976 Codrus,
1109 2912 1141 2961 ut
1170 2919 1205 2961 ea
1226 2909 1356 2961 ventrem
1378 2907 1496 2977 pascat,
1525 2901 1593 2958 emit
1615 2913 1685 2956 vero

350 2983 514 3063 Cleopatra,
538 2992 572 3044 ut
593 3003 676 3046 aures
699 2985 800 3045 omat'l
833 2988 930 3063 ,Crux
952 2995 1064 3048 tantum
1088 2990 1184 3048 delixa
1206 2997 1250 3049 est
1273 2987 1439 3064 ingeniis“‘l
1476 2985 1617 3062 Equidem
1639 2987 1683 3057 iis,

350 3074 396 3148 qui
416 3074 563 3146 numeris,
591 3071 646 3132 hoc
674 3080 719 3132 est
747 3073 860 3134 effando
889 3084 998 3136 vexant
1025 3077 1194 3140 ineffabilia.
1239 3077 1279 3135 At
1302 3092 1357 3152 ego
1386 3075 1439 3134 has
1461 3077 1571 3150 specics
1593 3081 1684 3131 tracto

349 3175 404 3219 uon
425 3161 564 3233 numeris,
587 3176 646 3218 uon
668 3178 719 3236 per
740 3159 898 3237 algebram,
921 3163 972 3224 sed
987 3165 1210 3224 ratiocinatione
1232 3166 1353 3238 mentis3
1377 3180 1447 3222 sane
1470 3163 1538 3236 quia
1558 3162 1594 3217 iis
1616 3159 1686 3217 mihi

350 3265 403 3307 uou
426 3255 472 3306 cst
495 3264 570 3323 opus
593 3245 631 3306 ad
653 3248 855 3310 subducendas
877 3253 1004 3310 rationes
1027 3262 1221 3324 mercatuum,
1251 3250 1302 3310 sed
1325 3249 1362 3308 ad
1385 3247 1570 3326 explicandas
1592 3263 1685 3306 rerum

351 3351 459 3394 cauam.
507 3333 694 3410 Segreganda
717 3345 815 3396 censet
835 3338 956 3414 subtilia
977 3341 1034 3397 ista
1056 3357 1074 3397 a
1095 3359 1266 3419 mergatque
1295 3340 1383 3413 inque
1411 3335 1603 3396 bibliothecae
1630 3335 1686 3393 ab·

351 3421 517 3481 stmdenda.
563 3419 688 3481 Omnino
709 3422 801 3483 fidum
822 3423 909 3486 Romi
932 3425 1105 3501 discipulum
1123 3429 1197 3502 agit
1223 3441 1277 3484 nec
1293 3427 1432 3502 ,ineptam
1460 3421 1538 3481 locat
1559 3438 1685 3502 operam.

351 3507 458 3568 liumus
482 3507 617 3568 aedilicio
640 3508 777 3570 Euclideo
799 3509 921 3572 iormum
943 3513 1067 3586 ademit,
1096 3513 1210 3573 culmen
1238 3514 1366 3588 proruit,
1394 3513 1521 3588 quinque
1550 3525 1687 3586 corpora,

351 3597 454 3672 quibus
476 3596 587 3655 ablatis
616 3613 771 3673 compages
803 3603 896 3658 omnis
927 3599 1069 3660 dissoluta
1097 3602 1166 3674 suit,
1198 3607 1277 3660 staut
1297 3600 1371 3658 muri
1401 3597 1476 3671 fissi,
1504 3598 1627 3656 iomicee
1656 3599 1687 3665 iu

349 3686 462 3743 ruinam
485 3686 626 3742 minaces:
651 3683 777 3743 Suellius
801 3687 888 3761 igitur
909 3689 996 3747 etiam
1013 3698 1194 3748 caementum
1216 3688 1319 3761 aufert,
1341 3693 1374 3746 ut
1395 3685 1478 3761 cujus
1499 3687 1555 3743 nisi
1576 3682 1615 3742 ad
1637 3700 1689 3743 so·

350 3769 494 3831 liditatem
518 3769 619 3830 domus
642 3771 696 3844 sub
719 3775 847 3850 quinque
870 3773 969 3850 liguris
985 3784 1206 3851 coagmentatae
1228 3773 1327 3834 nullus
1350 3781 1394 3833 est
1415 3790 1495 3831 usus.
1525 3770 1686 3832 oscinem

351 3866 468 3935 captum
493 3856 642 3933 discipulii
672 3875 758 3934 quam
787 3859 837 3919 ille
867 3861 965 3923 dextre
987 3863 1140 3924 Euclidem
1161 3861 1323 3938 intelligere
1346 3859 1446 3933 didicit
1468 3878 1486 3920 a
1508 3859 1615 3918 Ramol
1645 3877 1686 3920 ec.

349 3945 413 4006 ideo
435 3953 546 4022 putant
566 3965 691 4024 στοιχειιι
714 3947 808 4027 diem,
834 3949 912 4025 quod
935 3952 1106 4010 inveniatur
1122 3954 1151 4008 in
1174 3947 1295 4010 Euclide
1316 3949 1546 4028 propositionum
1568 3954 1596 4006 et
1618 3963 1688 4022 pro·

350 4033 511 4092 hlematum
534 4040 563 4092 et
585 4032 794 4095 theorematum
816 4038 969 4096 omnifaria
985 4030 1090 4114 copia,
1113 4038 1152 4097 ad
1175 4053 1260 4096 omno
1281 4053 1373 4111 genus
1397 4037 1589 4112 quantitatum
1612 4037 1684 4093 erti-

350 4137 457 4197 umque
480 4122 559 4179 circa
579 4119 645 4180 illas
660 4131 881 4198 occupatarumz
904 4141 969 4184 cum
991 4123 1064 4184 liber
1078 4143 1255 4203 σιοιχιωισις
1275 4127 1314 4182 sit
1329 4123 1423 4182 dictus
1444 4140 1462 4181 a
1483 4121 1584 4195 iorma,
1606 4119 1685 4196 quod

350 4225 463 4284 semper
485 4224 612 4284 sequena
633 4211 794 4285 propositio
816 4213 955 4271 innitatur
976 4211 1161 4288 praecedenti
1177 4227 1269 4288 usque
1292 4209 1330 4269 ad
1352 4211 1482 4269 ultimam
1505 4209 1570 4278 libri
1592 4208 1685 4265 ultimi

351 4298 472 4374 (partlm
498 4303 526 4354 et
549 4294 614 4355 libri
636 4298 729 4372 noni),
761 4314 837 4373 quae
859 4297 941 4358 nulla
962 4302 1089 4376 priorum
1111 4315 1207 4358 carcre
1228 4305 1335 4375 potest.
1379 4297 1424 4355 Ex
1446 4295 1601 4356 archheeto
1624 4293 1687 4352 eal-

351 4385 478 4442 tuarium
501 4383 611 4441 iaciunt
640 4391 694 4442 aut
721 4388 929 4460 materiarium,
960 4389 1172 4460 existimantes,
1201 4385 1349 4445 Euclidem
1380 4384 1447 4443 ideo
1475 4383 1581 4441 librum
1602 4397 1687 4439 suum

350 4473 518 4548 reripsisae,
541 4477 574 4528 ut
597 4471 730 4538 omnihus
753 4472 819 4533 aliis
843 4473 1053 4547 commodaret,
1085 4472 1166 4534 solus
1187 4475 1250 4549 ipse
1272 4473 1417 4550 propriam
1440 4471 1556 4529 domum
1578 4465 1687 4526 nullam

350 4557 482 4618 haberet-
512 4555 572 4616 Sed
591 4557 658 4632 plus
680 4559 752 4618 satis
774 4559 917 4621 hocloco
940 4560 1079 4637 dehisce,
1102 4560 1304 4621 revertendum
1326 4567 1371 4619 est
1385 4557 1422 4617 ad
1438 4563 1526 4633 caput
1541 4556 1687 4615 orationis.

436 4643 515 4704 Cum
537 4645 613 4703 euim
636 4661 790 4720 cernerem,
813 4649 898 4708 veras
921 4655 950 4710 et
971 4650 1113 4724 genuinas
1135 4665 1230 4708 rerum
1244 4648 1483 4724 geometricorum
1505 4641 1689 4715 differentias,

352 4732 504 4809 aquibus
532 4730 722 4796 arcessendae
750 4733 821 4792 mihi
850 4742 919 4794 sunt
948 4751 1053 4804 caueae
1083 4735 1313 4796 harmonicamm
1340 4732 1570 4809 proportionum,
1601 4724 1714 4806 vulgo

352 4820 481 4896 ignorari
505 4821 630 4896 penitus,
652 4819 811 4896 Euclidem,
835 4825 885 4899 qui
907 4822 1004 4882 studio
1026 4821 1092 4882 illas
1107 4821 1274 4899 tradiderat,
1296 4821 1380 4878 Remi
1396 4817 1508 4877 cavillis
1524 4834 1692 4896 oppressum

354 4906 473 4984 explodi
501 4907 681 4987 strepituque
708 4905 922 4969 lascivientium
953 4910 1125 4970 obturbautc
1154 4927 1171 4968 a
1200 4911 1313 4982 nemine
1342 4904 1487 4979 exaudiri,
1519 4914 1571 4966 aut
1597 4905 1692 4965 surdis

355 4997 441 5054 etiam
465 5009 584 5053 narrare
605 4995 814 5074 philosophiae
835 4999 991 5075 mysteria,
1019 4995 1170 5070 Proclum,
1202 4999 1252 5072 qui
1275 5004 1400 5053 mentem
1422 4991 1551 5052 Euclidis
1573 4996 1695 5069 aperire,

355 5083 494 5142 abstrusa
515 5098 628 5160 eruere,
657 5081 820 5143 difficiliora
847 5093 933 5161 captu
959 5083 1058 5144 iacilia
1078 5082 1197 5143 reddare
1219 5084 1370 5158 potuisset,
1398 5089 1428 5141 et
1450 5079 1608 5140 deridiculo
1631 5095 1695 5138 esse

355 5186 406 5229 nec
428 5169 649 5230 Commentario
670 5187 724 5230 sua
745 5187 839 5248 usquo
861 5171 898 5231 ad
921 5172 1024 5231 librum
1041 5169 1185 5232 decimum
1199 5171 1400 5231 continuasse:
1428 5167 1485 5228 ridi
1506 5168 1564 5227 hoo
1579 5167 1695 5227 omniuo
1716 5171 1723 5179 '

705 5269 721 5304 b
1502 5269 1543 5323 6*
