4467 6192
926 615 968 669 De
985 614 1108 670 Motibus
1126 614 1299 670 Pisuetamm
1317 612 1499 670 Harmonieis.

1109 885 1252 958 CAPUT
1280 885 1333 957 Vl.

540 1005 874 1096 lusextremitstibns
891 1034 1039 1086 motuum
1056 1029 1327 1100 planetariorum
1351 994 1539 1099 expressos
1558 1041 1633 1082 esse
1655 1015 1876 1095 quodammodo

971 1117 1086 1173 modos
1104 1133 1167 1173 een
1184 1125 1280 1174 tenor
1299 1117 1461 1174 musicos.

625 1279 765 1358 Sequitur
786 1279 843 1340 hoe
865 1296 902 1342 ex
925 1278 1081 1342 antedictis
1103 1296 1159 1339 use
1181 1296 1256 1358 opus
1278 1292 1323 1340 est
1344 1275 1455 1352 moltis,
1468 1275 1575 1346 verbis,
1599 1268 1708 1348 singuli
1729 1267 1803 1330 enim
1822 1265 1880 1343 pls·

539 1381 626 1430 uetue
645 1367 766 1444 elinguia
787 1362 1005 1444 quodammodo
1033 1368 1152 1440 signant
1178 1365 1244 1426 loce
1266 1365 1434 1445 systematis
1465 1369 1547 1422 motu
1569 1358 1727 1440 perihelin,
1750 1362 1882 1432 quatenus

540 1453 651 1536 (letum
671 1463 718 1517 est
739 1454 877 1530 singulis,
911 1471 1077 1533 percurrere
1100 1462 1211 1514 eertum
1233 1452 1354 1529 aliquod
1382 1450 1569 1510 intervallum
1599 1449 1629 1506 in
1658 1445 1740 1506 scula
1770 1445 1882 1512 murier,

540 1531 626 1603 osiris
649 1538 717 1618 ejus,
738 1536 871 1601 clavibus
892 1558 948 1602 sen
970 1531 1046 1601 loeis
1068 1541 1237 1619 systematis
1253 1539 1503 1618 comprehensum,
1528 1535 1670 1614 cujusque
1692 1533 1730 1592 eb
1746 1529 1796 1588 illa
1810 1527 1883 1588 clara

540 1648 592 1692 een
615 1629 680 1690 loeo
705 1625 867 1706 inceptum,
893 1630 953 1706 qni
967 1629 1074 1706 ¹cupite
1094 1627 1281 1708 praecedenti
1309 1627 1432 1703 contigit
1453 1625 1532 1684 illiue
1555 1623 1647 1682 motui
1670 1617 1803 1698 aphelio,
1834 1614 1884 1674 Ss-

537 1726 625 1800 turno
656 1713 776 1799 mrtem
803 1724 833 1776 et
861 1715 970 1777 Tenue
988 1713 1029 1790 G,
1060 1715 1186 1796 etJori
1207 1715 1244 1792 h,
1272 1731 1353 1792 quae
1382 1716 1411 1772 in
1438 1709 1464 1772 G
1487 1710 1575 1771 altius
1607 1707 1757 1786 transponi
1788 1708 1884 1804 potest,

542 1803 631 1866 Marti
651 1805 700 1882 sp,
724 1802 834 1864 Veneri
856 1801 887 1876 ι’,
910 1799 1056 1864 Mercurio
1079 1822 1100 1866 e
1122 1805 1152 1861 iu
1175 1801 1274 1863 altiori
1296 1808 1466 1880 systemate.
1510 1795 1589 1857 Vide
1611 1793 1743 1872 singulos
1765 1793 1796 1849 ln
1815 1797 1885 1848 notu

388 1883 392 1897 '
498 1966 501 1972 Ι
543 1892 668 1952 usitatis.
713 1891 779 1950 Non
796 1891 929 1968 {formant
951 1872 1070 1970 quidem
1091 1887 1279 1950 intermedius
1301 1889 1392 1962 ineos,
1418 1881 1492 1966 quos
1514 1885 1563 1945 hie
1585 1881 1670 1943 vides
1691 1881 1769 1940 uotis
1791 1876 1887 1954 imple·

544 1989 599 2052 tos,
621 1977 787 2053 articulate,
809 1979 887 2060 sieut
909 1984 1064 2046 extremos.
1087 1979 1158 2054 qnia
1182 1977 1289 2058 sbuno
1306 1983 1435 2038 extremo
1458 1991 1516 2033 uon
1536 1969 1660 2031 saltibus
1683 1979 1713 2029 et
1726 1963 1887 2036 intervallis

542 2064 597 2127 seu
626 2068 767 2130 continua
794 2065 926 2126 tensione
953 2068 1085 2124 nituntur
1107 2064 1145 2125 ad
1174 2065 1359 2141 oppositum,
1391 2061 1489 2122 media
1518 2059 1616 2120 emnia
1638 2055 1768 2134 (infinita
1789 2053 1819 2110 in
1839 2067 1888 2129 po·

542 2155 650 2231 tentis)
672 2158 855 2231 permeantes
877 2157 960 2225 actu,
989 2151 1021 2211 id
1042 2149 1122 2228 quod
1145 2151 1230 2212 aliter
1252 2170 1270 2211 a
1293 2167 1339 2212 me
1361 2167 1418 2209 non
1449 2149 1547 2228 potuit
1569 2145 1706 2226 exprimi,
1735 2157 1823 2219 quam
1843 2153 1888 2216 pet

542 2241 710 2302 construam
732 2241 836 2300 seriem
859 2237 994 2300 notarum
1016 2239 1264 2302 intermediamm.
1309 2237 1411 2298 Venus
1434 2237 1494 2296 iere
1515 2241 1615 2293 manet
1637 2233 1665 2290 in
1680 2231 1815 2300 unisono,
1837 2241 1888 2284 non

542 2334 674 2408 means
698 2328 839 2388 tensionis
861 2326 1054 2414 amplitotiiue
1075 2322 1126 2388 vel
1148 2327 1300 2386 minimum
1322 2343 1358 2386 eu
1382 2322 1533 2386 concinnis
1555 2315 1730 2380 intervallis.

971 3113 994 3182 ,’
1093 3117 1254 3174 Mercurius.

634 3339 725 3424 Atqui
747 3342 900 3417 signatura
921 3339 1045 3400 luorum
1066 3343 1096 3399 ln
1120 3343 1266 3416 communi
1288 3347 1448 3420 systemate
1471 3339 1599 3401 niarium
1624 3344 1653 3398 et
1674 3338 1812 3401 lennatio
1834 3357 1893 3398 see-

546 3428 599 3488 letl
629 3437 753 3488 oenone
780 3445 834 3505 per
863 3428 1151 3506 comprehensionem
1185 3421 1259 3488 eerti'
1285 3427 1431 3490 intervelli
1462 3429 1595 3489 eoneinni
1627 3431 1673 3485 ost
1703 3427 1895 3488 rudimentum

547 3511 697 3591 quodiam
727 3515 923 3575 distinotionis
954 3523 1089 3575 tonorum
1116 3532 1170 3575 seu
1197 3515 1368 3593 modorum,
1401 3525 1471 3576 sunt
1491 3529 1561 3590 ergo
1590 3513 1670 3572 medi
1691 3518 1799 3575 mniei
1827 3517 1895 3574 iuter

545 3601 681 3680 peneus
703 3600 855 3679 dispertiti.
898 3601 967 3662 Seio
989 3601 1134 3679 equidem,
1157 3603 1196 3662 sd
1218 3604 1421 3664 iormstionem
1441 3611 1472 3664 et
1486 3601 1685 3662 definitionem
1697 3602 1895 3662 distinctorum

545 3686 699 3748 motorum
720 3691 828 3766 requiri
851 3689 944 3767 plura,
968 3705 1047 3766 quae
1068 3697 1172 3750 euntes
1194 3691 1324 3763 humani,
1347 3693 1457 3770 quippe
1475 3689 1663 3765 intervaileti
1684 3691 1896 3768 nntprepris3

546 3777 647 3853 iisqne
669 3790 743 3836 rore
765 3776 989 3852 quodamnodo
1010 3794 1076 3837 sum
1096 3793 1177 3837 neus.
1239 3817 1242 3824 -
1702 3821 1703 3826 η

634 3862 772 3924 hiberum
794 3875 891 3924 eutem
914 3867 970 3926 erit
989 3864 1195 3939 narmonistae,
1218 3867 1391 3932 sententiam
1414 3863 1583 3944 depromere
1596 3880 1689 3939 snam,
1711 3881 1801 3942 quem
1816 3867 1896 3940 qnis-

548 3965 606 4027 qne
626 3949 746 4028 planeta
767 3951 888 4011 modurn
910 3954 1054 4030 exprimat
1074 3955 1209 4032 propius,
1238 3956 1374 4013 extremis
1395 3952 1444 4012 lile
1463 3953 1520 4030 ipsi
1542 3953 1708 4029 ιιοὶῃιιὶι
1752 3952 1819 4027 Ego
1842 3951 1895 4012 s·-

547 4046 633 4099 tnmo
655 4037 754 4098 duem
783 4057 820 4098 ex
841 4041 958 4099 usitntls
978 4042 1136 4117 septimum
1158 4039 1207 4100 rel
1229 4048 1382 4113 usurum,
1414 4041 1485 4117 quia
1514 4039 1541 4098 sl
1562 4039 1719 4100 redit-siem
1742 4039 1808 4115 ejus
1836 4037 1895 4098 els-

548 4142 617 4185 vem
638 4141 732 4202 pones
756 4123 798 4199 e,
827 4126 985 4205 periheliua
1007 4137 1105 4188 motus
1128 4127 1260 4188 nomeu
1281 4128 1319 4188 ael
1341 4128 1376 4201 123
1406 4125 1478 4187 Jovi
1504 4126 1630 4202 primunr
1658 4126 1707 4186 vei
1728 4125 1895 4198 mnndum,

451 4279 455 4284 ,
548 4215 620 4289 quia
642 4213 759 4290 ephellq
782 4213 846 4290 elus
868 4222 949 4274 motu
971 4215 1012 4275 ad
1034 4213 1063 4275 G
1084 4211 1322 4288 accommodato,
1351 4213 1510 4292 perihelins
1532 4211 1571 4272 ed
1593 4215 1611 4273 b
1633 4216 1781 4290 perrenit3
1811 4213 1896 4272 Μ

550 4301 683 4377 quintum
705 4299 754 4360 rel
776 4288 899 4376 sextum
922 4319 981 4361 non
1004 4319 1040 4364 eo
1063 4310 1192 4377 numm,
1216 4303 1286 4378 quie
1307 4303 1366 4363 iere
1389 4301 1526 4380 diapente
1546 4303 1726 4378 assequitur,
1749 4299 1832 4376 quod
1853 4303 1896 4358 in·

548 4386 704 4447 terentium
725 4405 878 4450 eommune
907 4397 954 4449 est
974 4391 1108 4450 omrrlbus
1131 4389 1241 4463 modis,
1272 4389 1325 4450 sed
1346 4387 1413 4453 ideo
1443 4390 1641 4468 potissimum,
1671 4391 1742 4465 quia
1763 4387 1897 4448 reduetus

471 4496 481 4542 ,·
551 4491 617 4535 enm
629 4477 742 4536 'esteris
772 4477 810 4535 ed
832 4489 985 4536 eommune
1007 4469 1146 4555 systema,
1169 4477 1312 4556 perihelio
1333 4483 1414 4536 motu
1437 4495 1453 4536 o
1473 4478 1655 4552 assequitur,
1685 4474 1805 4554 ephelio
1826 4473 1901 4550 stis

551 4559 664 4634 siniit,
687 4579 763 4639 qnae
785 4563 1018 4624 renitentem
1040 4580 1093 4625 seu
1115 4565 1194 4626 modi
1217 4565 1311 4641 quinti
1334 4563 1382 4624 vel
1403 4565 1497 4638 sexti3
1526 4563 1637 4624 Telluri
1660 4563 1760 4624 darem
1781 4565 1896 4623 tertium

551 4647 600 4708 rel
623 4657 772 4724 qnsrtum,
805 4652 878 4727 quio
898 4653 975 4711 intra
994 4652 1182 4717 minoium
1213 4652 1277 4730 eins
1297 4649 1396 4711 motus
1424 4658 1592 4723 vertuntur,
1622 4658 1652 4711 et
1674 4667 1745 4710 raro
1769 4652 1896 4728 primum

550 4733 667 4795 illorum
688 4743 823 4796 tonomm
844 4733 1030 4799 interrailrim
1052 4746 1097 4798 est
1116 4741 1322 4815 semitoniumq'
1344 4737 1488 4800 Mereurlo
1510 4753 1580 4798 rere
1611 4739 1650 4798 nb
1676 4737 1896 4815 suplltndinrn

552 4820 698 4883 intervalli
724 4827 889 4900 promiscue
918 4842 1019 4886 omues
1044 4825 1124 4885 modi
1153 4827 1201 4888 rei
1224 4830 1285 4886 toni
1308 4827 1499 4901 convenient,
1530 4825 1639 4884 Veneri
1671 4826 1709 4886 sb
1731 4828 1896 4902 nmen

476 4966 482 4984 ,
553 4907 700 4972 inteseelli
720 4908 808 4987 plane
828 4912 935 4988 nullus,
958 4921 990 4974 at
1012 4913 1051 4974 ob
1073 4930 1225 4974 commuue
1243 4921 1375 4992 eystema
1397 4916 1484 4973 etiam
1506 4914 1608 4974 tertius
1631 4919 1661 4974 et
1675 4919 1808 4990 quartus,
1831 4913 1897 4989 quis

553 4999 619 5075 ipss
638 5005 772 5074 respectu
794 5005 953 5069 ceterorum
975 5000 1087 5068 obtinet
1108 5021 1141 5061 e..
1171 5003 1274 5074 (Tellus
1283 5003 1706 5084 eauitMI,FA,M1,utrelex
1718 5002 1823 5077 syllaba
1835 5019 1895 5064 enu-

551 5089 638 5168 ishn
655 5088 683 5144 in
701 5090 754 5162 loe
770 5099 863 5148 nostro
882 5089 1015 5160 somine
1033 5093 1184 5156 morem
1201 5101 1229 5153 e
1244 5092 1370 5158 renem
1390 5092 1536 5163 neuneu.)
