4467 6192
832 653 1167 732 ,hibernensem
1274 696 1277 709 ·
1395 607 1449 680 '¹
1622 664 1717 746 tut.

327 836 480 906 mireum:
508 851 574 908 erpo
598 835 655 892 ullis
670 851 707 892 or
732 834 909 905 puesib'dibns
936 835 1083 895 harmoniis
1109 835 1236 892 murae
1263 835 1409 906 debentur,
1436 839 1537 912 quippe
1555 846 1687 910 cognatae

325 921 444 984 propter
451 915 515 984 boc,
533 922 601 972 etnt
611 931 655 971 nx.
666 917 692 972 2.
702 914 792 972 locum
809 915 916 973 habeat.
937 915 1020 985 Atqui
1037 916 1195 970 harmoniae
1207 915 1325 970 omnium
1337 915 1472 988 minimae,
1489 933 1529 974 sc.
1549 919 1685 991 ⁵1,et·¹15,

327 1010 385 1048 nuo
404 1002 473 1050 sunt
489 995 647 1064 possibiles.
675 1011 726 1064 per
749 1010 826 1063 prop.
846 995 871 1050 d.
906 995 981 1064 arro
1011 995 1144 1052 debentur
1168 991 1262 1063 figuris
1290 993 1368 1052 dictis
1391 994 1548 1054 harmoniae
1564 1000 1686 1068 proxime

326 1072 450 1140 maiores
468 1072 553 1142 hisce,
571 1074 675 1130 adlinet
692 1074 736 1130 vel
755 1072 849 1141 ¹1,sel
869 1072 902 1142 ¹1³
920 1073 963 1129 vel
980 1074 1014 1140 ¹1„
1032 1073 1137 1143 vel¹1,.

420 1150 542 1208 nusum
561 1151 648 1221 figura
665 1152 737 1208 inter
752 1154 886 1208 Venerem
903 1161 932 1208 et
948 1153 1115 1210 Mercurium
1132 1153 1306 1222 interluente,
1325 1153 1430 1210 otiliam
1448 1154 1604 1227 ocmtdrom
1624 1173 1692 1227 pru.

327 1228 488 1298 portionem
506 1228 591 1284 habet
608 1231 722 1285 eandem
740 1248 850 1287 snorum
869 1231 983 1302 urbium,
1001 1249 1082 1302 quam
1100 1233 1202 1289 cubus:
1222 1240 1250 1288 at
1269 1234 1339 1296 cubo
1357 1250 1407 1304 pro
1424 1227 1520 1290 minori
1537 1235 1686 1302 harmonia,

327 1324 403 1378 qaae
422 1315 467 1364 est
482 1310 556 1366 inter
572 1318 663 1371 nutus
680 1318 882 1381 eourmgontes,
901 1311 1012 1368 obvenit
1028 1311 1168 1380 diapason,
1187 1329 1236 1382 per
1254 1327 1331 1382 prop.
1351 1311 1375 1379 i,
1394 1324 1467 1380 ergo‘
1477 1311 1621 1368 deberetur
1637 1330 1688 1383 per

327 1388 487 1458 mmoqism
505 1389 587 1442 etiam
606 1391 734 1446 octaedro
751 1399 836 1457 tanta,
852 1407 892 1449 sc.
914 1392 945 1463 ¹1,
966 1408 1016 1461 pro
1034 1392 1140 1462 minori,
1160 1392 1184 1446 si
1200 1391 1267 1448 nihil
1286 1389 1449 1448 diversitatis
1469 1393 1617 1448 secederet.
1634 1395 1686 1450 Au·

329 1466 406 1522 redit
425 1475 518 1522 antem
535 1465 587 1524 hoc
605 1465 776 1532 diversitatis,
795 1471 868 1542 qnod
887 1469 1041 1525 cubicorum
1060 1469 1169 1540 quidem
1186 1469 1366 1538 planetarum,
1385 1468 1494 1523 Saturni
1513 1486 1551 1528 sc.
1563 1480 1590 1525 et
1602 1471 1686 1542 Jovis,

329 1543 504 1612 singulorum
521 1547 647 1616 propriae
664 1556 786 1603 motuum
812 1550 1003 1619 proportiones
1026 1547 1139 1623 junctae
1158 1547 1312 1602 efficiebant
1337 1563 1468 1602 summam
1486 1565 1540 1603 non
1557 1545 1688 1618 majorem

331 1627 426 1690 quam‘
437 1623 482 1692 ¹1„
500 1623 545 1678 hic
562 1641 624 1680 vero
638 1627 852 1682 octaedricornm
864 1629 1043 1697 planetarum,
1061 1625 1175 1684 Veneris
1188 1633 1216 1682 et
1229 1625 1364 1694 Mercurii,
1384 1625 1549 1694 singulorum
1562 1629 1687 1697 propriae

326 1701 446 1769 junctae
462 1702 564 1757 facient
581 1719 714 1759 summam
731 1705 860 1775 majorem
878 1721 959 1776 quam
980 1707 1023 1775 ¹1„
1042 1704 1115 1776 qnod
1133 1705 1214 1760 facile
1233 1706 1272 1761 sic
1290 1713 1411 1774 apparet.
1430 1705 1498 1760 Esto
1517 1706 1594 1765 enim.
1614 1707 1687 1776 qnod

329 1780 488 1848 requireret
506 1781 629 1850 analogia
647 1783 719 1840 iuter
735 1786 833 1840 cubum
853 1793 881 1840 et
897 1785 1060 1852 octaedron,
1089 1786 1112 1840 si
1131 1785 1191 1839 sole
1209 1793 1292 1850 esset,
1319 1785 1355 1840 eit
1381 1784 1491 1852 inquam
1507 1785 1596 1840 minor
1613 1794 1687 1840 oeta·

330 1860 437 1928 edrico,
453 1859 540 1927 major
558 1877 638 1930 qnam
656 1870 721 1917 sunt
738 1863 782 1921 hic
800 1863 992 1935 praescriptae,
1011 1863 1134 1933 adeoque
1147 1863 1186 1919 sic
1204 1863 1284 1933 plane
1297 1870 1381 1932 tauta,
1400 1870 1502 1932 quanta
1514 1863 1566 1918 luit
1584 1864 1687 1934 cubica,

329 1939 441 1995 scilieet
462 1938 507 2010 ¹1,:
525 1947 586 1996 erat
601 1956 665 1995 roro
683 1941 770 2010 major
791 1944 822 2016 ¹1,
840 1961 889 2014 per
906 1960 983 2013 prop.
1003 1945 1046 2004 12
1081 1943 1182 2000 Ablata
1198 1944 1281 2012 igitur
1298 1942 1377 2010 hinc,
1401 1957 1482 2014 quam
1499 1943 1579 2020 modo
1597 1945 1688 2013 posui·

331 2034 402 2083 mus,
420 2018 526 2073 miume
548 2014 596 2091 ¹1„
626 2030 718 2084 manet
736 2023 825 2078 adhuc
847 2022 878 2094 ¹1,
898 2039 948 2092 pro
966 2034 1071 2078 summa
1088 2023 1258 2093 propriarum
1276 2020 1389 2077 Veneris
1408 2029 1435 2076 et
1452 2023 1595 2092 Mercurii,
1614 2025 1688 2094 etqui

335 2097 451 2170 ¹1,plus
470 2107 513 2153 est
530 2117 610 2168 quarn
628 2117 732 2156 summe
751 2101 783 2171 ¹1³
801 2100 972 2171 propriarum
991 2099 1100 2157 Saturni
1120 2109 1148 2154 et
1166 2101 1254 2170 lovis,
1282 2107 1309 2156 et
1326 2116 1389 2154 vero
1409 2100 1539 2168 majoram
1557 2117 1688 2158 summum

331 2177 405 2232 hanc
424 2177 515 2245 major
532 2179 655 2248 sequitur
673 2180 873 2247 ecceutricitns‚
898 2195 948 2248 per
966 2195 1025 2248 cap.
1044 2180 1073 2246 3,
1092 2177 1220 2247 majorem
1239 2197 1302 2235 vero
1322 2179 1549 2236 erceniricitntem
1568 2183 1689 2249 sequitur

330 2259 423 2312 minor
440 2257 581 2326 proportio
599 2255 719 2312 motuum
738 2257 966 2327 converrentium,
984 2257 1123 2326 peridem
1142 2273 1200 2328 cap.
1215 2259 1239 2314 3.
1258 2259 1349 2327 Qume
1362 2257 1394 2311 tlt
1407 2259 1561 2312 accessione
1577 2259 1689 2327 majoris

332 2335 546 2390 ecccnmicitatis
567 2335 600 2392 nd
618 2337 771 2408 rodopam
793 2329 867 2391 lnte'r
894 2337 993 2392 euhnm
1021 2341 1049 2390 et
1074 2337 1234 2404 octaedrou,
1262 2343 1293 2392 ut
1320 2338 1407 2391 minor
1428 2337 1508 2392 etiem
1536 2338 1689 2407 requiratur

331 2413 558 2480 eorumgentinm
577 2413 693 2470 Veneris
720 2424 752 2470 et
766 2417 894 2472 Mercurii
919 2415 1074 2486 proportio,
1103 2430 1185 2484 quam
1205 2415 1248 2486 ¹1,¹
1285 2415 1316 2470 ld
1344 2416 1423 2469 etiem
1451 2417 1612 2471 conveniens
1631 2425 1690 2473 eret

332 2492 468 2547 axiomati
487 2494 520 2562 l,
547 2501 577 2547 ut
595 2493 737 2550 harmonia
763 2496 894 2566 diapason
922 2497 1049 2550 absumta
1075 2494 1104 2547 in
1123 2493 1232 2550 cubicus
1250 2495 1440 2550 conciliaretur
1457 2496 1617 2551 octaedriois
1635 2495 1689 2552 alit

331 2573 461 2640 proxima
479 2579 508 2628 ot
524 2574 712 2642 perperorum
728 2574 987 2632 demonstrationem
1003 2573 1091 2629 minor
1117 2589 1198 2642 quam
1221 2575 1259 2643 'ir-
1296 2575 1348 2630 Est
1374 2580 1462 2628 entem
1490 2573 1541 2630 hac
1566 2574 1689 2644 proxime

331 2652 422 2706 minor
442 2651 492 2720 ¹1„
510 2667 580 2721 qnae
597 2661 629 2708 ut
645 2653 733 2724 major
750 2669 785 2711 ox
803 2655 891 2710 tribus
910 2652 1060 2712 debebatur
1076 2652 1179 2722 figurae
1195 2653 1306 2722 maj0ris
1323 2653 1431 2708 orbium
1449 2667 1559 2706 suorum
1576 2667 1688 2722 propor-

332 2729 424 2798 tionis,
444 2730 573 2786 uctaedro
592 2731 701 2794 scilicet.
739 2734 859 2793 Minores
885 2734 967 2804 iqitur
986 2733 1065 2800 ⁵1,et
1084 2732 1116 2804 ⁰1,
1140 2733 1182 2786 vel
1200 2733 1234 2802 ¹1,
1259 2732 1482 2809 relinquebantur
1508 2730 1641 2785 icosiedro
1661 2736 1689 2783 et

333 2807 517 2878 dodeoaedro,
536 2808 630 2879 liguris
648 2811 831 2882 proportionis
851 2811 955 2868 orbium
973 2826 1083 2866 suorum
1100 2806 1219 2866 minoris.

422 2889 484 2942 Hae
511 2905 575 2947 vero
602 2889 728 2946 residuae
753 2892 824 2944 inter
851 2890 918 2950 duas
942 2889 1065 2944 residuas
1092 2889 1132 2943 sic
1157 2897 1220 2944 sunt
1248 2885 1417 2956 distributae.
1453 2884 1529 2958 Sicut
1556 2888 1626 2942 enim
1654 2900 1688 2939 er

331 2965 443 3037 liguris,
470 2966 535 3023 licet
561 2969 713 3039 aequalium
732 2968 805 3022 iuter
831 2964 895 3023 suos
923 2967 1002 3023 orbes
1028 2967 1248 3037 proportionum,
1276 2967 1362 3022 cubus
1389 2963 1496 3034 quidem
1516 2967 1627 3024 sortitus
1647 2970 1690 3020 est

332 3044 505 3100 harmoniam
523 3048 572 3116 ¹1„
601 3048 748 3102 octaedrou
766 3060 829 3103 reru
848 3049 881 3116 ¹1⁵
899 3047 1044 3115 minorem,
1077 3061 1109 3101 eu
1129 3043 1201 3115 quod
1220 3059 1325 3098 summe
1341 3045 1512 3115 propriarum
1530 3045 1643 3100 Veneris
1660 3053 1689 3102 et

332 3125 463 3179 Mercurii
482 3135 623 3194 superaret
647 3141 778 3180 summam
802 3127 974 3197 propriarum
993 3127 1103 3181 Saturni
1129 3133 1156 3179 et
1173 3124 1262 3178 Juvis:
1293 3124 1332 3179 sic
1350 3124 1430 3178 etiem
1448 3125 1492 3179 hio
1510 3124 1687 3195 dodeeaedro,

330 3203 459 3270 quamvis
476 3203 506 3257 td
523 3203 637 3259 undem
653 3205 737 3260 ficiet
755 3207 859 3260 urbium
878 3222 988 3261 suornm
1006 3203 1210 3275 proportionem
1238 3219 1319 3272 quem
1345 3203 1512 3272 icosiedrou,
1538 3203 1689 3258 debebatur

332 3283 424 3334 minor
443 3298 524 3350 qnam
544 3283 692 3352 icosiedro,
718 3285 843 3352 proxima
859 3292 952 3341 tamen
969 3293 1084 3354 propter
1101 3284 1216 3340 similem
1234 3297 1359 3349 carneam,
1379 3297 1416 3338 to·
1434 3281 1499 3350 quie
1516 3281 1585 3338 haee
1602 3282 1689 3352 ligura

333 3367 378 3416 est
393 3360 477 3422 inter'¹
486 3359 624 3418 Tellurem
642 3369 670 3417 et
688 3362 817 3432 Martem,
833 3365 923 3434 eujus
942 3365 970 3419 in
988 3363 1173 3433 superioribus
1192 3377 1291 3431 magua
1315 3360 1387 3443 fracta
1411 3367 1470 3416 erat
1488 3362 1687 3432 cceentricitas;

332 3440 451 3496 Veneris
466 3430 532 3495 reio
551 3447 579 3496 et
596 3441 729 3510 Telluris,
756 3450 788 3498 ut
805 3445 833 3500 iu
852 3444 1029 3512 sequentibus
1047 3442 1200 3512 audiemus,
1227 3440 1350 3496 minimae
1378 3447 1444 3496 snut
1465 3440 1688 3498 eccentricitatee.

332 3520 369 3574 ht
387 3536 452 3576 enm
471 3520 622 3579 outaddron
637 3521 988 3591 habeat-¹1„ie0eiedron,
1006 3521 1086 3592 cnjus
1105 3521 1210 3578 orbium
1228 3519 1368 3590 proportio
1386 3519 1481 3588 minor,
1500 3518 1689 3574 succedentem

333 3599 419 3666 pauiu
437 3599 568 3656 minorem
585 3599 648 3665 ille,
671 3617 710 3658 sc.
730 3603 776 3670 ¹1,:
800 3602 1005 3670 relinquebatur
1021 3602 1105 3671 iqitur
1123 3600 1291 3656 dodmsedro
1314 3597 1356 3653 vel
1377 3598 1409 3667 ¹1,
1428 3599 1552 3667 residue,
1580 3597 1622 3652 rel
1641 3597 1688 3666 ¹1„
1720 3644 1721 3652 ,

333 3678 429 3745 potine
448 3693 513 3732 veru
530 3678 586 3746 illa,
604 3679 706 3749 quippe
723 3680 835 3750 propior
851 3680 1034 3736 icosatdricae
1053 3684 1102 3747 ¹1„
1120 3681 1184 3749 quia
1201 3687 1230 3736 et
1247 3678 1350 3748 figurae
1368 3677 1469 3734 similes
1487 3685 1560 3746 sunt.

421 3756 461 3809 At
477 3771 513 3813 ne
529 3756 668 3826 possibilis
686 3759 795 3828 quidem
813 3759 867 3814 init
885 3759 926 3828 ¹1,
964 3758 1025 3814 Etsi
1052 3759 1124 3817 euim
1155 3759 1220 3816 satis
1247 3773 1346 3828 meque
1364 3767 1423 3812 erat
1450 3757 1477 3811 iu
1505 3756 1689 3826 superioribus

333 3835 449 3904 propria
464 3837 606 3907 proportio
624 3844 745 3892 motuum
764 3847 945 3903 extremorum
957 3837 1069 3908 Martis,
1088 3845 1117 3891 at
1129 3837 1230 3904 Tellus,
1249 3841 1280 3891 ut
1293 3833 1351 3904 jem
1365 3837 1465 3894 dictum
1484 3843 1511 3890 et
1529 3835 1557 3890 iu
1576 3851 1689 3904 sequen·

334 3913 409 3967 tibus
428 3912 542 3982 patebit,
561 3914 718 3970 conferebat
735 3916 872 3985 propriam
891 3917 1030 3985 minorem,
1049 3933 1130 3986 quam
1150 3919 1180 3970 ut
1198 3931 1303 3970 summa
1314 3917 1455 3984 utriusque
1473 3923 1614 3984 superaret
1633 3913 1688 3970 dia·

335 4000 427 4062 pente.
466 3994 527 4049 Non
545 4002 654 4066 poterat
671 3996 754 4064 igitur
771 3996 860 4050 locum
878 3995 979 4050 habere
999 3999 1045 4067 ³1„
1068 4010 1119 4066 per
1143 4011 1221 4063 prop.
1241 3995 1266 4049 7.
1301 3995 1333 4048 Id
1352 4009 1383 4048 eo
1403 3993 1532 4063 amplius,
1558 3991 1636 4062 quia,
1659 3999 1690 4047 ut

335 4081 471 4140 sequetur
497 4089 574 4143 prop.
595 4073 636 4144 17,
653 4062 741 4142 maior
765 4090 825 4130 esse
854 4074 948 4130 debuit
965 4073 1166 4132 intervallorum
1185 4072 1403 4142 consurgentium
1427 4072 1580 4144 proportio.
1608 4086 1689 4140 quam

338 4151 448 4218 '‘biss·
632 4154 636 4168 '
982 4150 986 4156 ⁴
1067 4183 1071 4190 ·
1301 4159 1306 4168 '

341 4227 347 4238 '
426 4225 658 4302 Propositio
685 4226 773 4287 XVI.
818 4226 942 4288 Veneris
965 4235 995 4286 et
1016 4227 1155 4288 Mercurii
1178 4227 1310 4286 nrotunm
1338 4227 1558 4303 proportiones,
1589 4224 1689 4300 cujus·

337 4331 396 4393 que
419 4316 566 4392 propriae,
587 4314 708 4390 junctae
733 4313 896 4375 debuerunt
918 4313 1032 4377 eihcere
1055 4311 1107 4396 ⁵1„
1130 4313 1252 4374 circiter.

407 4403 497 4460 Aufer
515 4405 585 4459 enim
603 4406 733 4460 minorem
750 4407 935 4460 harmonicam
955 4406 1002 4480 ³1⁶2
1026 4405 1090 4462 huic
1107 4406 1187 4474 bigae
1206 4406 1383 4461 communiter
1400 4404 1529 4459 tributam
1546 4417 1625 4472 prop.
1646 4401 1688 4469 15,

337 4484 372 4540 ab
391 4481 502 4539 ntorum
516 4482 613 4552 majori
631 4485 662 4556 ¹1,
680 4486 721 4563 vel
740 4487 804 4557 ¹11„
822 4503 873 4556 per
889 4503 968 4557 prop.
984 4484 1025 4554 12,
1043 4493 1130 4542 restat
1142 4485 1207 4557 ¹112,
1226 4502 1330 4541 summa
1348 4483 1518 4554 propriarum
1538 4480 1688 4547 utriusque.

335 4565 437 4632 ltaque
455 4564 584 4618 Mercurii
602 4564 687 4620 solius
713 4564 824 4635 propria
851 4573 973 4620 motuum
998 4573 1180 4622 extremorum
1209 4564 1349 4636 proportio
1376 4562 1463 4616 minor
1480 4567 1522 4615 est
1540 4571 1620 4628 quam
1639 4557 1688 4627 ¹1„

337 4642 494 4712 quantitate
514 4643 640 4716 propriae
659 4645 780 4699 Veneris.
814 4645 941 4715 Intellige
967 4647 1020 4701 hoc
1046 4646 1079 4700 de
1096 4647 1140 4702 his
1158 4646 1252 4715 primis
1271 4641 1429 4697 rationibus.
1465 4639 1534 4694 Nam
1553 4636 1623 4690 inira
1641 4651 1691 4706 per

337 4721 476 4776 secundas
493 4723 627 4791 rationes,
654 4723 800 4778 accedente
820 4725 1007 4780 communibus
1026 4726 1166 4794 utriusque
1184 4720 1330 4777 harmoniis
1348 4719 1439 4788 aliquo
1457 4715 1606 4784 fermento,
1633 4713 1690 4768 elu-

338 4801 443 4868 cietur,
461 4805 492 4854 nt
509 4799 569 4853 sola
585 4800 697 4872 propria
714 4801 843 4856 Mercurii
859 4801 979 4872 perfecte
998 4801 1120 4857 obtineat
1137 4801 1197 4872 ¹1„.

429 4873 646 4951 Propositio
666 4868 773 4935 XVII.
818 4877 979 4938 Harmonia
1000 4884 1133 4935 motuum
1156 4873 1260 4936 Martis
1284 4879 1313 4932 et
1329 4869 1456 4930 Telluris
1479 4869 1690 4946 divergeutium

338 4980 400 5024 non
422 4963 521 5040 potuit
541 4979 608 5022 esee
630 4963 724 5023 minor
747 4963 921 5060 qnam5112.

426 5045 498 5102 Mam
516 5043 591 5119 eolus
609 5043 685 5101 Mars
704 5057 800 5102 uectus
817 5047 871 5104 luit
887 5065 916 5103 tn
932 5044 1043 5116 proprie
1062 5060 1175 5100 suorum
1197 5049 1317 5124 mutuum
1336 5041 1510 5112 proportione
1529 5039 1590 5111 plus
1609 5051 1689 5106 quem

339 5124 513 5182 mauron
532 5132 560 5181 et
576 5125 639 5196 pins
656 5141 737 5202 quum
759 5125 830 5200 ¹¹15,
855 5140 904 5196 per
921 5143 998 5196 prop.
1017 5124 1059 5180 14.
1096 5124 1187 5180 Minor
1204 5137 1267 5180 veru
1286 5124 1427 5180 harmonia
1450 5124 1557 5179 illorum
1575 5127 1617 5175 est
1635 5117 1691 5173 dia·

395 5233 621 5290 musormv.
1494 5215 1535 5276 20
