4467 6192
540 701 601 762 160
1068 695 1112 749 lis
1128 690 1351 764 Propontiouilrus

645 871 730 932 Haec
751 877 819 931 suut
839 870 892 930 ills
913 869 1002 947 vulgo
1025 871 1172 932 celebrata
1194 870 1252 934 duo
1276 878 1378 930 contus
1400 887 1520 946 genera,
1544 881 1573 932 et
1595 875 1674 950 prior
1696 871 1817 951 quidem
1842 871 1891 932 di-

538 962 612 1020 citur
635 968 767 1019 centus
789 957 937 1031 mollis,
961 962 1031 1034 quta
1046 961 1232 1020 inveniuntur
1247 961 1276 1016 in
1291 974 1327 1018 eo
1342 956 1475 1019 ordinata
1497 961 1535 1018 ab
1558 962 1618 1020 iura
1634 977 1708 1021 voce
1731 960 1893 1021 intervallo

539 1050 625 1109 tertia
647 1056 677 1106 ct
698 1055 790 1121 sexto,
812 1044 928 1130 molles3
951 1048 1094 1122 posterior
1119 1064 1187 1106 vero
1211 1056 1344 1104 cantus
1368 1044 1498 1125 durus,
1528 1047 1567 1107 ab
1598 1047 1729 1126 ejusdcm
1754 1049 1894 1108 denomi-

538 1136 666 1194 nationis
689 1132 861 1205 iutervallis,
884 1133 987 1192 eodem
1009 1132 1074 1194 loco
1096 1135 1264 1211 systematis
1280 1142 1403 1192 octavae
1420 1133 1568 1206 ordinatis,
1593 1153 1717 1211 quorum
1736 1137 1895 1196 nominum

539 1225 613 1282 ratio
636 1221 714 1280 dicta
736 1229 781 1280 est
803 1222 897 1296 eapite
921 1222 950 1278 5.
974 1219 1176 1297 praecedente.
1222 1218 1475 1294 Quemadmodum
1497 1225 1573 1281 enim
1596 1223 1656 1282 illic
1679 1219 1721 1306 ‘Vs
1744 1223 1814 1282 loco
1832 1227 1894 1282 imo

538 1327 598 1370 nou
620 1309 688 1368 tulit
713 1307 770 1391 7„
798 1309 842 1366 sic
861 1307 922 1381 jam
944 1309 993 1367 tric
1015 1305 1055 1387 ⁴ls
1078 1323 1136 1368 nou
1159 1308 1211 1367 lert
1234 1305 1292 1388 is„
1321 1311 1390 1382 qnia
1423 1318 1527 1368 natare
1550 1319 1652 1369 cantus
1675 1313 1811 1369 concinni
1847 1328 1896 1368 re-

541 1399 630 1473 quirit
652 1396 717 1471 lroc,
740 1402 774 1453 ut
796 1395 881 1455 tertia
903 1409 968 1453 cum
991 1404 1073 1454 sexta
1096 1395 1185 1455 iaciat
1207 1397 1364 1471 perlectam
1387 1406 1520 1471 quartam
1543 1413 1595 1455 seu
1619 1397 1813 1458 diatessaron.

580 1529 584 1536 ,
625 1482 703 1544 Hinc
724 1485 812 1558 igitur
834 1490 957 1558 spparet
978 1483 1122 1541 naturalis
1141 1497 1225 1560 sepes
1249 1484 1398 1558 utriusque
1413 1486 1536 1558 generis.
1580 1484 1655 1544 Nam
1675 1502 1741 1544 cum
1756 1487 1784 1542 iu
1803 1491 1899 1545 cautu

540 1570 624 1632 molli
644 1574 684 1630 sit
706 1572 763 1632 iano
786 1568 852 1628 looo
873 1563 924 1654 δὴ,
948 1571 977 1627 in
999 1568 1071 1629 duro
1095 1567 1134 1650 ⁴13
1158 1581 1187 1630 at
1209 1568 1370 1629 differentis
1391 1573 1550 1648 utriusque,
1573 1572 1684 1644 scilicet
1705 1573 1794 1632 diesis
1821 1568 1900 1653 Ἄ

542 1676 602 1719 noo
623 1661 665 1717 sit
686 1674 722 1716 cx
744 1657 893 1717 concionis
916 1655 1084 1729 ordinariis,
1113 1674 1165 1734 per
1186 1664 1275 1733 caput
1296 1659 1332 1728 4,
1362 1673 1432 1733 ergo
1455 1673 1514 1716 non
1535 1667 1672 1735 poterunt
1693 1659 1798 1720 eadem
1825 1677 1902 1718 can·

540 1755 589 1806 tus
612 1743 751 1807 naturalis
773 1746 848 1804 serio
869 1743 958 1803 simul
980 1750 1059 1803 stare
1079 1746 1140 1803 imo
1162 1743 1228 1803 loco
1252 1742 1293 1826 ⁴s,
1318 1751 1346 1802 et
1362 1741 1412 1825 is„
1437 1745 1489 1804 sed
1511 1754 1643 1806 assumta
1657 1742 1700 1829 75
1722 1748 1813 1807 tertia
1831 1763 1901 1805 ma·

539 1834 614 1910 iore,
637 1831 726 1892 debet
747 1831 800 1889 illa
820 1832 884 1890 sios
907 1828 1025 1891 exulare
1048 1832 1088 1890 sb
1109 1831 1256 1892 lmo'loco
1280 1829 1403 1912 blebant
1424 1831 1481 1892 hac
1502 1841 1619 1909 recepta
1633 1834 1796 1894 extruditur
1822 1831 1899 1907 illa;

541 1922 603 1993 ubl,
617 1915 657 2002 ⁴l⁵
687 1918 776 1978 trahit
796 1934 895 1978 secum
920 1914 974 1999 ⁸l„
1006 1925 1036 1978 et
1056 1912 1096 2000 ll,
1125 1917 1214 1978 trahit
1241 1934 1339 1977 secum
1362 1915 1402 1997 δίῃ
1430 1927 1542 1979 sextum
1568 1923 1721 1982 minorem.¹
1762 1921 1901 1981 Rursum

537 2016 642 2068 auteur
664 1999 722 2066 troc
743 2005 896 2066 discrimen
918 2007 1070 2081 utriusque
1091 2007 1206 2082 generis
1227 2004 1396 2066 harmoniae
1417 2007 1500 2067 Deus
1522 2010 1588 2085 ipsc·
1614 2012 1644 2066 in
1671 2009 1804 2069 motibus
1828 2009 1902 2087 pla·

541 2104 673 2156 ueterum
696 2094 853 2171 expressit,
877 2099 911 2151 ut
931 2092 1006 2153 libro
1031 2093 1066 2152 V.
1090 2093 1252 2153 audiemus.

627 2182 674 2242 De
704 2190 835 2241 veterum
863 2179 957 2239 tribus
987 2179 1046 2240 illis
1076 2180 1247 2257 generibus,
1280 2197 1403 2256 quorum
1432 2180 1505 2242 haec
1532 2183 1664 2242 nomina:
1697 2180 1900 2255 diatonicum,

538 2269 766 2341 chromaticum,
797 2267 1028 2340 enharmonium,
1059 2268 1108 2326 hic
1140 2267 1272 2327 consulto
1302 2269 1476 2344 supersedeo
1504 2269 1616 2341 dicero,
1646 2287 1684 2328 uc
1712 2268 1901 2328 confundam

541 2359 689 2420 lectorem.
734 2355 836 2414 Possis
859 2364 955 2413 tamen
979 2355 1158 2415 diatonicum
1180 2357 1363 2432 interpretari
1390 2363 1507 2415 carnum
1537 2356 1655 2430 dorum,
1683 2355 1905 2416 chromaticum

546 2453 663 2506 cautum
685 2443 818 2514 mollem,
848 2449 900 2500 aut
929 2441 1092 2502 diatonicos
1114 2442 1232 2521 quidem
1260 2442 1405 2518 singulos,
1440 2442 1647 2503 chromaticum
1670 2460 1739 2504 vcro
1770 2446 1902 2502 mixtum
1974 2477 1981 2488 ·

543 2547 580 2593 ex
602 2531 673 2592 duro
697 2538 727 2590 et
749 2527 838 2589 molli.
882 2527 1110 2590 thurmonium
1134 2545 1202 2590 vero
1225 2529 1299 2588 nihil
1322 2530 1410 2589 lrabet
1431 2530 1610 2607 respondeus
1640 2535 1667 2588 in
1691 2539 1781 2590 cautu
1804 2541 1903 2590 natu·

543 2620 611 2695 reli,
634 2621 662 2676 in
685 2615 783 2679 usuali
805 2632 874 2678 vcro
896 2618 1009 2676 musica
1029 2617 1206 2693 respondent
1228 2615 1271 2675 illi
1294 2615 1506 2694 quadamtenus
1534 2619 1713 2678 vibrationes
1729 2619 1815 2677 rocis
1842 2619 1903 2676 lru·

544 2724 663 2779 manac,
687 2714 793 2766 tremor
815 2719 1006 2781 organorum,
1032 2703 1213 2764 mordentiao
1237 2705 1266 2762 in
1288 2702 1395 2764 fidibus
1417 2704 1568 2782 pandurae
1591 2713 1619 2765 st
1642 2706 1758 2764 similis.

630 2791 706 2853 Vide
735 2808 811 2872 quas
838 2790 875 2852 dc
900 2791 949 2850 his
978 2792 1134 2868 generibus
1164 2792 1239 2851 inira
1261 2791 1442 2868 disputamus
1472 2795 1502 2851 in
1524 2793 1686 2872 appendice
1718 2791 1757 2853 ad
1783 2799 1905 2854 textum

544 2881 715 2943 Ptolomaei.

1103 3111 1245 3184 CAPUT
1272 3111 1339 3184 vlt.

544 3298 591 3355 lle
614 3294 777 3366 plosoris
801 3292 960 3350 sectione
982 3295 1078 3350 unius
1097 3300 1240 3350 octavae
1265 3295 1297 3350 iu
1321 3299 1466 3363 utroque
1491 3299 1613 3364 g'eusre
1636 3297 1768 3364 centus,
1797 3299 1835 3350 et
1865 3293 1906 3349 de

851 3380 974 3436 ordine
999 3381 1150 3438 naturali
1177 3382 1412 3438 concinuoruur
1439 3381 1588 3435 omnium.

632 3563 725 3640 igitur
746 3561 888 3622 hacteuus
909 3565 1014 3620 natura
1035 3561 1100 3637 ipsa
1123 3558 1259 3627 ostendit,
1284 3561 1311 3617 iu
1336 3567 1422 3618 centu
1436 3560 1516 3619 molli
1541 3561 1654 3620 tertium
1679 3560 1717 3620 ab
1733 3557 1809 3618 lnlta
1828 3577 1907 3620 con-

547 3653 664 3712 cinnum
695 3667 759 3712 esse
789 3655 890 3708 tonum
921 3648 1059 3706 minorem
1090 3641 1160 3731 ⁹s,„,
1194 3655 1342 3724 quartum,
1373 3659 1472 3710 tonum
1498 3648 1639 3726 maiorem
1661 3641 1718 3728 ⁸l9,
1751 3648 1906 3724 quintum,

548 3739 735 3800 semitonium
770 3730 852 3818 ¹⁵)w,
881 3737 910 3792 iu
941 3743 1029 3794 cantu
1056 3752 1127 3793 vero
1156 3729 1228 3794 duro
1256 3736 1372 3794 tertium
1401 3733 1438 3794 ab
1467 3735 1540 3795 inira
1568 3730 1653 3818 'ism
1685 3746 1823 3810 quartum
1849 3730 1905 3819 ”sm

547 3829 682 3903 quintum
704 3819 769 3907 'sw
815 3821 938 3882 Restant
959 3823 990 3880 iu
1012 3829 1136 3899 utroquo
1158 3839 1263 3900 genere
1287 3831 1389 3882 contus
1412 3822 1508 3883 adhuc
1525 3824 1627 3882 tertiae
1643 3823 1738 3895 binae,
1760 3821 1906 3899 singulae

549 3915 675 3973 minores
705 3918 735 3971 et
763 3908 896 3986 singulae
918 3909 1060 3986 moJ'ores,
1091 3927 1167 3986 quae
1196 3908 1320 3972 necdum
1348 3915 1415 3969 sunt
1448 3909 1561 3971 diruas
1583 3918 1650 3970 actu
1673 3926 1724 3986 per
1745 3913 1903 3971 sectiones

547 3999 674 4061 chordae
696 3997 844 4057 naturales
868 3999 897 4054 lu
920 3995 1065 4057 clementa
1085 3999 1206 4056 minima
1229 4001 1380 4059 concinna.

631 4086 762 4147 Prlmum
783 4083 949 4159 rideamus,
977 4087 1006 4143 in
1030 4102 1106 4161 quas
1128 4087 1270 4145 concinna
1291 4087 1404 4162 possint
1426 4082 1477 4143 illa
1500 4082 1605 4158 dividi,
1634 4081 1738 4143 deinde
1762 4101 1826 4159 quo
1854 4102 1904 4143 or-

546 4176 614 4237 dlne'
636 4170 808 4236 collocanda
828 4171 887 4231 sint
908 4172 1033 4250 singula.

632 4261 831 4323 Satisautem
853 4268 959 4319 uatum
981 4259 1079 4333 docet,
1110 4260 1135 4317 si
1158 4261 1303 4336 possimus
1327 4259 1378 4320 illa
1401 4257 1531 4319 dividere
1562 4259 1590 4316 in
1615 4256 1717 4317 eadem
1739 4255 1902 4332 elementa,

543 4369 584 4411 ‚ex
605 4349 713 4428 quibus
734 4347 876 4407 mucuns
898 4346 1025 4407 vidimus
1047 4341 1194 4420 constare,
1222 4355 1326 4405 natura
1349 4353 1543 4420 monstrante,
1575 4345 1756 4406 diatessaron
1788 4363 1902 4407 conso·

546 4440 672 4513 nuntias,
693 4451 752 4495 uon
774 4434 881 4496 debere
903 4451 957 4494 uos
979 4437 1021 4494 uti
1044 4432 1119 4507 aliis,
1143 4450 1264 4510 quarum
1288 4433 1422 4514 exempla
1443 4442 1548 4493 notura
1570 4439 1793 4495 uoumossttst.
1834 4433 1903 4492 Do-

551 4533 597 4586 cet
618 4526 706 4604 igitur
727 4521 919 4596 arithmetice,
943 4517 982 4604 ⁴l⁵
1007 4528 1139 4581 constare
1162 4538 1198 4581 ex
1219 4516 1263 4604 Ἰ,
1285 4527 1313 4580 et
1335 4515 1403 4602 ”sm
1433 4524 1475 4581 sic
1498 4518 1536 4602 il,
1559 4539 1595 4581 cx
1617 4515 1657 4602 el,
1678 4529 1709 4580 et
1735 4515 1813 4604 ¹⁵11„
1854 4521 1900 4580 En

504 4625 507 4629 “
548 4611 653 4674 eadem
674 4611 830 4683 concinna,
859 4624 935 4687 quae
966 4616 996 4668 et
1017 4608 1169 4668 hacteuus.
1214 4606 1301 4685 Quod
1328 4611 1384 4667 nisi
1407 4609 1587 4669 ordinaveris
1616 4611 1676 4667 imo
1699 4605 1764 4667 loco
1793 4611 1902 4669 tertiae

547 4700 688 4777 cujusque
711 4699 854 4758 interioris
876 4705 977 4757 touutn
998 4695 1155 4773 msj0rem,
1186 4712 1246 4754 uon
1268 4697 1373 4772 poterit
1403 4715 1466 4757 esse
1499 4695 1608 4756 chorda
1631 4712 1690 4754 trus
1719 4695 1747 4752 in
1769 4701 1901 4772 utroque

546 4803 654 4864 genere
676 4793 789 4846 contus.
833 4783 866 4843 st
894 4787 971 4844 euim
1000 4786 1030 4842 iu
1053 4792 1142 4843 cautu
1163 4782 1245 4842 molli
1271 4800 1330 4844 nou
1353 4787 1461 4860 poteris
1485 4785 1544 4843 imo
1566 4783 1632 4844 loco
1662 4799 1769 4860 ponere
1793 4789 1901 4842 tonum

546 4873 701 4951 maiorem,
733 4879 846 4950 oportet
875 4874 965 4948 igitur
997 4879 1030 4932 ut
1057 4869 1097 4929 lbi
1128 4869 1254 4932 colloces
1287 4873 1471 4932 semitonium
1497 4865 1586 4952 ἥκω,
1623 4873 1693 4946 quis
1728 4867 1805 4930 haec
1840 4869 1899 4930 duo

548 4961 613 5023 sola
635 4962 734 5020 insunt
754 4962 784 5017 iu
806 4959 962 5020 intervallo
985 4953 1025 5040 θ16
1047 4956 1183 5018 indiviso.
1229 4958 1262 5017 In
1286 4950 1357 5018 duro
1385 4969 1485 5020 contra
1514 4967 1591 5017 esset
1618 4955 1810 5016 collocandus
1839 4961 1899 5020 imo

547 5049 613 5110 loeo
635 5055 723 5113 tonus
744 5048 852 5120 minor,
883 5047 953 5125 quia
975 5041 1048 5104 illud
1071 5062 1230 5106 consonum
1252 5045 1423 5122 indivisum,
1452 5044 1564 5105 scilicet
1586 5045 1672 5105 tertia
1693 5044 1805 5120 major,
1840 5063 1899 5104 nou

547 5137 638 5200 habet
659 5134 853 5209 semitonium,
877 5133 956 5211 quod
978 5140 1066 5194 autea
1088 5135 1118 5192 iu
1140 5134 1223 5194 molli
1245 5133 1411 5211 ponendum
1433 5134 1536 5194 luisset
1555 5134 1614 5192 imo
1631 5132 1713 5209 loco;
1738 5133 1779 5193 ita
1794 5129 1900 5196 dorent
