4467 6192
854 699 937 763 Liber
954 708 986 763 V.
1005 664 1095 779 Caput
1112 706 1147 767 ll.

681 994 687 1006 .
766 989 771 995 -
883 945 1035 1019 earm
1062 944 1099 1019 11.

354 1091 402 1146 De
433 1090 649 1160 cognatione
667 1080 930 1163 proportionum
947 1090 1224 1148 harmonicorum
1248 1107 1319 1147 cum
1342 1094 1491 1164 quin-que
1514 1092 1637 1162 liguris

879 1175 1110 1247 regularibus.

407 1322 504 1382 Varia
518 1291 560 1382 ‘et
585 1322 739 1401 multiplex
771 1329 817 1382 est
836 1324 911 1382 hoec
935 1326 1092 1400 cognatio,
1122 1336 1191 1385 sunt
1213 1332 1309 1386 tumen
1333 1333 1459 1402 quotuor
1488 1328 1672 1402 potissimum

329 1409 440 1488 gradus.
486 1411 562 1469 Natu
590 1419 642 1469 out
669 1411 830 1469 desumitur
856 1410 994 1471 indicium
1017 1416 1202 1489 cognationis
1234 1416 1271 1473 ab
1296 1422 1416 1475 externa
1446 1412 1542 1475 solum
1565 1416 1672 1491 specie,

329 1513 412 1575 quern
435 1497 548 1557 habeut
568 1496 688 1577 figurae,
710 1507 763 1557 out
785 1514 851 1556 eum
874 1500 939 1574 ipsu
960 1497 1060 1558 lateris
1083 1502 1299 1560 constructione
1325 1508 1484 1560 nascuntur
1506 1505 1673 1577 proportio·

330 1604 373 1645 nes
401 1584 539 1657 eaedem,
570 1601 647 1659 qnae
674 1594 704 1645 et
731 1585 932 1658 harmonicae,
963 1594 1015 1647 aut
1044 1588 1187 1648 resultem
1217 1606 1254 1648 ex
1276 1588 1376 1665 liguris
1403 1588 1467 1665 jam
1489 1594 1671 1664 constructis,

330 1673 450 1750 siugulis
472 1674 521 1732 vel
541 1673 660 1748 junctis,
685 1680 737 1731 ant
759 1673 885 1748 denique
908 1673 962 1732 vel
980 1675 1121 1750 aequales
1143 1675 1191 1736 vel
1210 1677 1326 1735 uicinae
1348 1685 1416 1735 sunt
1437 1678 1673 1754 proportionibus

332 1763 441 1821 orbium
464 1760 583 1836 figurae.
891 1831 894 1839 .
1323 1790 1328 1801 1

413 1848 516 1907 Primo
537 1846 630 1924 gradu
652 1848 869 1923 proportiones,
903 1865 1026 1924 qnorum
1048 1849 1201 1909 character
1223 1866 1276 1909 sen
1296 1848 1391 1925 maj0r
1412 1851 1551 1913 terminus
1574 1857 1618 1911 est
1644 1852 1672 1925 3,

333 1936 559 1995 familiaritatem
589 1934 700 1994 habent
732 1941 808 1994 oum·
828 1934 917 2011 plano
950 1936 1103 2011 tetraidri,
1124 1937 1281 2011 'octaedrh
1313 1934 1457 1996 icosaiidri
1488 1936 1673 2013 triangulari3

335 2041 456 2101 quarum
480 2040 550 2083 rero
571 2023 665 2098 major
684 2025 827 2081 terminus
851 2025 884 2095 4,
917 2039 983 2082 cum
1005 2023 1150 2100 quadrato
1172 2025 1261 2102 plano
1284 2025 1368 2096 cubi,
1401 2040 1524 2100 quarum
1548 2026 1577 2098 5,
1608 2042 1674 2087 oum

333 2111 552 2189 quinquaugnlo
574 2111 663 2187 plano
686 2109 870 2169 dodemeuri.
914 2110 1017 2170 Potest
1045 2111 1119 2172 haee
1146 2112 1307 2171 similitudo
1340 2111 1419 2189 plani
1448 2114 1535 2171 etiarn
1558 2112 1674 2173 extendi

333 2200 366 2257 ad
386 2203 542 2257 minorem·
562 2200 758 2275 proportionis
786 2200 957 2271 terminum,
987 2201 1215 2276 utrumcunque
1244 2201 1387 2259 temerius
1411 2198 1506 2274 juxto·
1526 2200 1615 2259 unum
1640 2218 1675 2261 ex

333 2290 469 2346 continue
492 2285 588 2362 duplis
610 2288 767 2360 invenitur,
789 2284 841 2343 illa
863 2290 1012 2362 proportio
1035 2287 1178 2347 habeatur
1192 2288 1344 2349 familiaris
1361 2286 1453 2345 tribus
1469 2287 1568 2364 liguris
1582 2288 1675 2369 primo

331 2377 500 2446 nominatis,
525 2381 565 2451 ¹nt
590 2368 628 2454 ¹l,
651 2380 682 2432 ot
702 2368 745 2456 ²s,
768 2380 798 2431 et
820 2366 862 2455 ⁴s,
885 2380 914 2431 et
935 2368 979 2456 ⁸),
1002 2383 1072 2448 eto,
1103 2376 1154 2434 ubi
1177 2392 1247 2434 vero
1271 2376 1436 2451 quinarius,
1466 2392 1501 2435 ea
1523 2378 1674 2452 proportio

330 2462 464 2521 absolute
491 2460 654 2519 vindicetur
685 2460 822 2536 conjugio
848 2458 1076 2535 dodecoedrico,
1108 2469 1143 2521 ut
1165 2457 1207 2544 ²),
1238 2471 1267 2520 at
1290 2458 1331 2543 ⁴),
1360 2468 1389 2521 et
1411 2455 1469 2543 Ἃ,
1504 2464 1548 2521 sio
1578 2457 1619 2544 ³1,
1647 2470 1677 2523 et

333 2545 385 2631 'lm
407 2558 438 2609 et
461 2545 503 2629 il,
525 2556 555 2607 et
580 2542 635 2630 ms,
657 2554 687 2607 et
709 2542 776 2629 ²⁴),
821 2546 922 2605 Minus
941 2550 1187 2625 probabiliserit
1208 2551 1359 2626 cognatio,
1390 2551 1416 2607 si
1438 2566 1553 2609 summa
1575 2552 1677 2611 termi-

331 2653 428 2695 norum
453 2638 598 2713 exprimat
619 2635 696 2695 hanc
717 2634 951 2709 similitudinem,
974 2644 1008 2695 nt
1029 2632 1123 2718 in·²s³
1143 2636 1239 2713 juncti
1262 2636 1375 2696 termini
1398 2635 1511 2695 iaciunt
1533 2638 1568 2709 b,
1592 2638 1677 2714 quasi

331 2724 394 2783 ideo
417 2720 458 2804 ²!a
492 2726 531 2782 sit
560 2721 710 2781 iamlliaris
741 2722 934 2798 dodeeaiidro,
977 2723 1087 2791 Similis
1121 2733 1166 2783 eet
1198 2726 1334 2801 cognatio
1361 2723 1401 2781 ob
1431 2732 1579 2783 externam
1608 2742 1696 2803 spo-1

332 2813 400 2870 ciem
439 2810 542 2887 anguli
573 2809 676 2884 solidi,
714 2812 764 2883 qui
801 2818 846 2868 est
881 2812 1026 2886 primariis
1062 2811 1230 2881 trilinearie,
1269 2808 1406 2870 octoiidro
1447 2810 1676 2887 quadriliuearis,

330 2898 481 2958 icomedro
512 2898 777 2973 quinquelinearis3
804 2899 906 2973 itaque
937 2900 963 2957 ai
990 2901 1186 2975 proportionis
1217 2898 1290 2958 alter
1320 2899 1459 2971 terminus
1482 2900 1677 2961 communicat

331 3000 394 3044 cnm
416 2988 554 3058 ternario,
577 2987 726 3065 proportio
749 2986 804 3043 erit
825 2992 952 3059 cognata
973 2989 1116 3062 primariis
1132 2987 1312 3065 corporibus,
1335 2987 1381 3044 ain
1396 2984 1467 3044 'cum
1483 2987 1677 3061 quaternario,

331 3074 476 3148 emedio,
500 3073 627 3149 denique
650 3090 717 3133 eum
737 3070 888 3148 quiriario,
905 3074 1070 3133 iooea'e'dros
1112 3073 1171 3133 Sed
1194 3077 1224 3131 in
1239 3072 1362 3133 femellis
1382 3071 1455 3132 haec
1471 3074 1609 3147 cognatio
1629 3079 1677 3133 est

330 3164 507 3237 speciosior,
537 3164 611 3237 quio
637 3162 768 3237 speeiem
790 3160 891 3237 anguli
913 3163 1046 3237 sequitur
1073 3163 1161 3222 etlam
1184 3160 1279 3237 figura
1301 3160 1550 3233 characteristica,
1582 3160 1677 3219 latens

329 3250 421 3320 intas,
453 3251 484 3306 iu
513 3247 650 3308 oetaeum
679 3254 863 3323 tetragonus,
894 3251 924 3306 in
953 3249 1103 3309 ieosaedro
1131 3258 1333 3327 pentagonus,
1365 3250 1464 3323 itaquo
1494 3245 1533 3328 il,
1560 3254 1678 3325 proptor

329 3349 485 3413 utrumqne
508 3346 587 3396 emet
608 3335 798 3396 icosiedricne
821 3344 927 3395 sectae.
1078 3386 1082 3393 ,

415 3424 572 3483 Secundus
594 3423 701 3499 gradus
724 3426 924 3498 cognationis,
946 3425 997 3499 qui
1020 3426 1049 3481 in
1073 3430 1139 3483 ortu
1162 3424 1305 3496 consistit,
1328 3424 1372 3481 sic
1394 3430 1439 3481 eet
1461 3420 1677 3497 concipiendus.

331 3510 465 3571 Primum
484 3518 554 3571 sunt
576 3510 692 3586 aliquae
714 3512 916 3589 proportiones
938 3528 1122 3571 numerorum
1145 3510 1331 3571 harmonicae
1354 3507 1511 3569 familiares
1533 3510 1584 3568 uni
1607 3526 1679 3568 con-

328 3598 413 3676 jugio
435 3615 491 3659 seu
513 3598 660 3672 lumiliae,
691 3598 803 3658 scilicet
832 3600 977 3677 perlectae
998 3599 1202 3675 proportiones
1230 3598 1364 3674 singulae
1392 3596 1519 3657 familiae
1543 3597 1679 3673 cubicum

331 3696 375 3745 est
396 3687 532 3745 vicissim
555 3688 718 3763 proportio,
750 3702 826 3762 qnae
849 3703 1001 3762 nunquam
1028 3686 1124 3762 plenis
1154 3687 1287 3745 numeris
1305 3684 1486 3761 exprimitur,
1517 3702 1574 3743 nec
1596 3685 1681 3745 aliter

295 3803 299 3810 ·
327 3790 380 3850 per
402 3788 543 3833 numeros
565 3773 793 3846 demonstratur,
825 3775 881 3833 nisi
911 3773 1000 3849 longa
1025 3770 1143 3833 illorum
1172 3776 1261 3845 serie,
1293 3772 1440 3853 paulatim¹
1465 3771 1504 3830 ad
1525 3772 1606 3831 illam
1629 3789 1681 3837 ao-
1726 3800 1730 3807 ·

267 3896 272 3909 ·
328 3861 514 3934 cedentium,
546 3873 621 3937 qnae
645 3863 793 3939 proportio
816 3860 924 3920 diuino
945 3860 1064 3934 dieitur,
1088 3878 1154 3921 cum
1176 3862 1386 3937 periecta‘est,
1415 3866 1575 3935 regnatque
1600 3860 1681 3919 varie

325 3966 376 4025 per
400 3950 572 4025 conjugium
596 3947 853 4022 dodecaddricum3
882 3948 963 4007 illam
986 3951 1074 4025 igitur
1095 3951 1312 4024 proportionem
1342 3945 1681 4027 incipiuntodumbrare

326 4040 402 4096 otae
425 4036 610 4096 harmoniae:
640 4034 677 4116 ¹l,·
700 4045 730 4095 et
751 4032 790 4115 Ἃ
814 4042 843 4095 et
866 4032 905 4117 ⁸),
927 4045 958 4097 et
979 4032 1033 4115 ll„
1057 4053 1124 4095 nam
1147 4034 1395 4112 impotentissime
1418 4040 1463 4093 est
1485 4035 1514 4107 in
1537 4029 1589 4117 ¹7„
1613 4050 1681 4112 per-

271 4190 274 4195 ,
325 4123 491 4185 lectissime
513 4126 543 4181 in
556 4121 616 4203 il„
639 4123 793 4201 perlectior
814 4124 920 4195 tutore,
944 4125 970 4183 ei
992 4126 1081 4184 etiarn
1105 4124 1170 4182 bet
1185 4125 1207 4181 8¹
1224 4123 1333 4199 junctis
1356 4125 1386 4180 in
1408 4138 1498 4183 unum
1526 4122 1562 4181 13
1579 4138 1683 4199 supen-

273 4201 280 4213 ’
325 4230 478 4288 ponamus
502 4212 536 4285 8,
560 4213 617 4271 nisi
640 4211 714 4270 haec
732 4210 795 4287 jam
818 4210 963 4271 desineret
985 4227 1049 4273 esse
1072 4211 1249 4270 harmonica
1320 4252 1324 4259 .

413 4300 509 4359 Porro
538 4299 577 4358 ad
606 4298 841 4358 constituendum
871 4297 948 4358 latus
978 4300 1088 4376 figurae
1120 4298 1246 4359 secanda
1279 4306 1324 4358 est
1353 4298 1433 4375 globi
1465 4297 1618 4368 diameter,
1650 4302 1679 4353 et

323 4388 463 4464 postolat
487 4386 645 4446 octaedron
668 4386 732 4461 ejus
754 4386 954 4461 biaeotionem,
978 4388 1070 4446 cubus
1093 4394 1122 4445 et
1145 4385 1310 4447 tetraidron
1326 4389 1530 4456 trinoctionem,
1554 4380 1681 4443 dodeca-

324 4474 462 4534 ir'dricum
493 4474 661 4551 conjuginm
697 4475 946 4549 quinisectionem.
998 4474 1219 4535 Distribuuniur
1254 4475 1342 4550 igitur
1377 4474 1578 4551 proportiones
1608 4458 1682 4528 inter

323 4561 440 4639 liguros
463 4562 624 4621 secundnm
654 4561 710 4620 lros
739 4578 892 4635 numeros,
924 4563 974 4638 qui
996 4560 1062 4621 illas
1090 4565 1263 4639 exprimunt.
1308 4558 1430 4622 Seoatnr
1452 4574 1521 4617 raro
1553 4564 1582 4617 et
1605 4572 1680 4631 qua-

322 4650 447 4709 dratum
468 4649 612 4724 diametri,
633 4666 690 4710 aeu
712 4648 852 4708 formatur
872 4649 972 4712 latoris
994 4648 1125 4726 figuralis
1148 4649 1321 4725 quadratum
1346 4665 1381 4707 ex
1404 4653 1482 4708 certa
1504 4643 1567 4719 ejus
1587 4650 1679 4722 parte.

322 4737 360 4795 Et
384 4748 463 4797 tunc
483 4738 607 4797 latemm
630 4734 773 4814 quadrata
795 4754 862 4797 cnm
884 4737 1018 4800 diametri
1040 4735 1184 4812 quadrato
1212 4741 1415 4813 comparantur
1441 4733 1679 4808 constituuntque

321 4812 370 4884 sic'
397 4827 623 4904 proportionest
655 4823 789 4884 cubicum
816 4817 864 4906 Ἀ,
898 4824 1103 4884 tetraiidricum
1134 4820 1188 4903 Ἃ,
1222 4822 1417 4882 octaedrienm
1444 4816 1498 4903 ¹s23
1530 4837 1619 4897 qnare
1651 4826 1680 4880 et

318 4911 430 4987 juncta
454 4901 542 4986 bina,
567 4912 701 4971 cubicum
722 4918 752 4971 et
773 4910 978 4971 toreedricum
1004 4908 1051 4991 'soi
1084 4911 1218 4968 cubicum
1241 4916 1270 4967 et
1293 4906 1488 4969 octa'e'drionm
1511 4902 1563 4989 Ἄ,
1596 4913 1680 4971 ocia·

322 5000 462 5061 edricum
483 5007 514 5059 et
536 4999 740 5058 tetiaidrioam
762 4994 814 5080 ⁸14.
838 4996 1070 5069 ,Dodecaiidriei
1093 4996 1223 5072 conjugii
1245 4996 1339 5057 latera
1360 5004 1429 5057 aunt
1450 4994 1617 5056 ineffabilia.

413 5086 520 5146 Tertio
542 5086 651 5162 ligores
670 5086 735 5161 jam
758 5087 932 5146 constitutas
956 5086 1141 5144 harmonicae
1163 5086 1364 5161 proportiones
1390 5086 1471 5144 rarle
1493 5098 1679 5159 coneeqnum
1702 5132 1705 5140 ,

325 5185 383 5237 tur.
434 5175 500 5234 Aut
520 5177 599 5233 enim
620 5192 759 5234 numerus
780 5174 904 5233 laterum
918 5172 999 5251 plani
1015 5179 1199 5251 eomparatur
1217 5190 1283 5233 oum
1298 5190 1417 5233 numero
1431 5171 1554 5231 laterum
1568 5168 1678 5249 figurae

341 5326 345 5332 ,
375 5284 480 5337 mres
493 5282 609 5335 oper-v.
1484 5276 1523 5335 18

1924 4119 1933 4151 i
