4467 6192
966 640 1107 715 Arolosis
1649 656 1713 717 eso

264 860 272 900 ς
368 825 555 901 argumentis,
589 822 684 901 solum
708 820 756 883 vel
777 822 934 885 alomenu
963 821 1011 881 vel
1034 824 1153 898 neganti
1174 838 1227 899 pro
1251 824 1356 882 lubitu.
1403 826 1635 890 Auctoritatibue
1657 849 1724 908 ege·

360 910 602 990 ‚philosophorum
631 920 697 970 utor
726 913 845 987 euodes
869 926 989 986 possum
1019 918 1048 967 et
1070 912 1187 985 quoties
1209 910 1246 970 de
1268 913 1304 969 iis
1333 912 1405 969 mibi
1428 924 1557 991 constat3
1590 918 1660 993 quid
1683 921 1713 977 in

264 1040 275 1059 .-
367 1000 504 1075 religione
526 1000 620 1057 secuti
641 1000 709 1072 sint,
733 998 805 1057 nihil
828 997 866 1056 ad
890 997 965 1055 hatte
986 997 1217 1075 philosophiam,
1242 999 1380 1074 quamdiu
1403 999 1542 1077 dogmata
1566 1005 1715 1081 religionis

264 1069 276 1167 ζ
368 1104 421 1146 non
445 1088 617 1147 immiscent
663 1085 710 1144 'l'u
733 1086 988 1161 inaequalissimas
1010 1100 1088 1146 nuno
1110 1101 1266 1144 suscenses
1283 1088 1439 1163 excipienti
1462 1098 1563 1149 coritae
1583 1096 1714 1153 aucton-
1788 1100 1792 1108 '

258 1216 276 1255 3,
366 1184 453 1248 tates,
478 1174 528 1233 ubl
551 1175 679 1233 redonas
703 1183 828 1249 cogunt,
856 1189 933 1230 nunc
957 1188 1056 1231 omnes
1079 1179 1214 1231 auctores
1235 1173 1333 1247 rejicis
1356 1191 1422 1232 cum
1445 1179 1606 1237 stomacho.
1652 1181 1714 1239 Ex·

365 1262 486 1323 scribam
510 1270 559 1319 lua
582 1260 630 1319 bic
653 1261 759 1319 sorba:
795 1258 869 1337 Lepi
897 1266 925 1317 el
952 1260 1043 1335 rolepi
1072 1262 1212 1319 omnium
1242 1261 1431 1321 otbniaomm
1457 1267 1571 1338 scripta
1600 1266 1658 1327 isac
1678 1271 1714 1327 i„

364 1368 401 1420 ro,
424 1366 481 1408 neo
503 1347 572 1406 iude
594 1351 676 1407 euasi
698 1348 824 1407 declina·
866 1345 944 1421 Quid
967 1346 1036 1405 mihi
1061 1346 1185 1415 dicerem
1215 1350 1240 1407 si
1263 1347 1339 1407 baec
1361 1356 1441 1407 tuam
1471 1354 1631 1411 orationem
1654 1358 1712 1414 tui,

261 1465 276 1521 3,
363 1438 451 1514 ipsius
475 1436 572 1495 verbis
593 1434 775 1495 retunderem
799 1450 834 1493 ex
857 1434 965 1511 pagina
987 1444 1039 1493 tua
1064 1437 1119 1493 15:
1151 1434 1236 1494 Deus
1266 1435 1340 1494 boae
1362 1444 1515 1511 quantum
1537 1446 1579 1497 eet
1600 1445 1634 1499 in
1654 1442 1711 1501 ho-

257 1574 258 1597 ,
361 1528 440 1583 mine
471 1528 526 1583 isto
554 1525 669 1599 monii
699 1540 846 1595 mamea,
877 1523 931 1597 qui
960 1525 994 1579 iu
1016 1529 1174 1583 lauterunt
1198 1526 1335 1582 uiromm
1368 1523 1523 1583 άοοινίηαε
1544 1527 1713 1589 medullam

359 1619 426 1687 poet
453 1619 496 1673 tot
517 1612 618 1669 uasta
641 1612 711 1682 jam
732 1608 836 1684 clupeo
866 1610 989 1683 impeu
1016 1616 1107 1685 mque
1127 1613 1316 1684 penetrauit,
1349 1617 1386 1668 ut
1406 1612 1529 1670 laudm
1559 1616 1712 1685 muudum

256 1748 272 1788 Γ,
362 1700 399 1757 ud
427 1696 582 1758 erroribus
610 1704 675 1758 lom
702 1696 757 1755 alu
788 1694 951 1757 iemalibus
982 1712 1119 1773 purpure
1148 1700 1259 1772 queat!
1303 1698 1368 1756 Aut
1389 1717 1485 1773 quam
1516 1716 1621 1775 promo
1648 1705 1713 1780 fuit

256 1838 270 1878 Ε
363 1786 470 1844 mundi
492 1778 614 1859 audem
635 1784 815 1858 speculatio,
844 1782 925 1858 quod
946 1791 1017 1841 aute
1039 1784 1093 1843 hoo
1116 1790 1233 1858 tempus
1263 1787 1297 1841 iu
1320 1792 1453 1844 emaum
1476 1804 1592 1846 mesae
1605 1791 1712 1866 ,ioseph

271 1924 276 1942 ,
362 1890 423 1931 cere
444 1890 510 1931 nou
528 1872 687 1945 potuerit?
715 1870 814 1929 *llaec
835 1886 924 1945 supra
946 1889 965 1929 a
987 1881 1016 1931 to
1039 1873 1195 1946 propinata
1224 1877 1253 1929 et
1275 1889 1294 1930 a
1316 1889 1363 1929 me
1385 1871 1526 1932 devorata
1554 1890 1632 1933 nuno
1654 1892 1711 1953 ego

262 1947 274 2028 ,s
362 1961 411 2019 tibi
440 1974 556 2035 rogero,
591 1975 649 2017 nou
681 1965 713 2017 ut
734 1959 789 2016 tihi
819 1956 897 2017 dieta
929 1957 1030 2032 velim,
1065 1957 1117 2017 sod
1147 1965 1180 2015 ut
1201 1957 1305 2017 eadem
1329 1957 1399 2016 mihi
1428 1976 1486 2017 nou
1516 1978 1583 2020 meo
1606 1968 1709 2024 merito

261 2041 275 2114 ”,
363 2048 437 2107 dicta
460 2060 661 2121 recogitemus
763 2096 768 2103 .
1306 2078 1310 2086 .

263 2129 275 2200 ἶ
446 2135 474 2193 Α
498 2132 610 2191 diluvio
632 2132 755 2191 Nolitico
779 2132 804 2189 si
826 2130 895 2191 lieet
917 2134 1113 2206 argumentari
1126 2138 1237 2191 bonus
1255 2131 1481 2210 philosophiam,
1505 2152 1609 2195 carere
1631 2153 1710 2195 nun·

255 2205 273 2305 ‚f
362 2238 448 2297 quam
471 2222 626 2297 qnisquam
648 2218 890 2296 philosophorum
920 2222 1042 2297 poterit,
1073 2219 1142 2294 qtrin
1167 2236 1222 2295 ego
1252 2219 1384 2295 plurimis
1413 2224 1509 2298 ipsum
1530 2223 1711 2301 perplexita-

363 2310 440 2367 tibus
464 2308 592 2367 induam.
638 2306 742 2366 Mones
772 2306 909 2365 suffocari
931 2306 1037 2365 'ferrae
1065 2310 1193 2365 eitimam
1220 2307 1391 2379 adiluelo,
1423 2309 1502 2385 quod
1525 2309 1711 2370 altitudinem
1810 2305 1815 2313 ’

262 2397 267 2423 ‘'
363 2399 489 2456 omnium
512 2397 655 2453 montium
678 2396 837 2470 superarit,
880 2393 933 2451 Est
955 2393 1028 2453 haec
1050 2393 1142 2469 plaga
1162 2410 1219 2453 non
1244 2396 1338 2466 irrita,
1369 2394 1421 2454 sed
1445 2414 1479 2454 en
1503 2397 1557 2455 tibi
1580 2400 1710 2457 vicissim

254 2456 273 2562 ‘f
360 2482 497 2545 alteram:
528 2484 553 2539 si
584 2481 727 2541 diluvium
759 2490 860 2541 omnes
889 2492 1003 2541 morales
1032 2483 1198 2557 superavit,
1233 2496 1372 2566 quorsum
1393 2500 1463 2559 ergo
1485 2493 1622 2561 receptae
1642 2497 1712 2545 suut

254 2558 264 2587 '²
360 2573 431 2631 istae
455 2586 565 2645 aquae,
597 2579 626 2628 et
649 2586 700 2629 eur
722 2570 820 2627 aetnei
843 2570 924 2644 ignes
946 2585 1004 2627 nou
1029 2568 1188 2627 exstincti?
1231 2568 1416 2644 Seponamus
1446 2573 1501 2630 ista
1524 2573 1710 2648 miraculosa,

253 2668 256 2735 ᾗ
361 2674 484 2737 quorum
517 2655 624 2716 similia
655 2673 741 2767 persp
771 2670 922 2731 nunquam
955 2656 1052 2715 lutura
1085 2656 1192 2715 divinis
1231 2656 1478 2717 obtestationibus
1509 2659 1711 2722 confirmatum

253 2730 267 2765 ,ι

253 2808 272 2853 ι’
359 2746 620 2908 Μωέξῖὴινίαο
642 2828 708 2889 ideo
730 2845 790 2893 uon
812 2846 831 2889 e
851 2829 950 2901 Terra,
974 2831 1083 2915 quiae
1108 2828 1253 2889 thesauris
1271 2830 1337 2902 Dei,
1360 2847 1419 2888 non
1442 2838 1488 2889 est
1510 2832 1606 2907 igitur,
1629 2832 1710 2909 quod

253 2894 267 2941 ⁵
358 2922 386 2977 in
410 2918 511 2997 'l‘erre¹
525 2925 578 2989 esi,
603 2920 676 2976 inter
700 2917 853 2976 thesauros
875 2918 942 2976 Dei.
989 2918 1025 2975 Et
1047 2928 1078 2976 tu
1102 2919 1165 2993 ipse
1188 2920 1230 2975 sic
1251 2935 1304 2993 per
1324 2917 1477 2977 thesauros
1492 2918 1564 2978 istos
1587 2922 1708 2993 titubes,

252 2992 256 3032 ¹
359 3024 437 3066 nunc
469 3004 583 3066 coelum
614 3008 836 3081 interpretatus,
868 3019 945 3064 nune
967 3008 1072 3063 adrem.
1119 3004 1182 3062 lmo
1206 3006 1319 3080 inquis,
1341 3010 1395 3064 aab
1417 3012 1458 3063 osi
1481 3008 1544 3065 uite
1566 3004 1705 3085 (Terrae),

360 3101 404 3153 est
427 3096 473 3153 sle
502 3093 567 3169 ejus
591 3095 670 3165 rita,
702 3103 735 3149 ut
752 3092 865 3151 ‘halitus
886 3110 922 3151 ex
947 3109 1011 3162 ore,
1044 3093 1096 3167 qtri
1117 3091 1223 3167 frigido
1245 3091 1328 3151 coelo
1358 3092 1390 3150 tit
1412 3095 1588 3167 conspicuus
1610 3097 1709 3169 specie

356 3181 445 3256 mani,
474 3188 522 3240 esi
550 3181 612 3238 vita
643 3178 783 3251 huminis,
815 3196 882 3239 aaut
914 3189 943 3239 et
966 3184 1016 3237 abr
1045 3178 1095 3237 ille
1118 3187 1217 3236 noster
1246 3178 1377 3254 quotidie
1406 3188 1563 3238 renovatur
1585 3180 1710 3239 exbala-

251 3252 269 3280 '‘³
357 3271 439 3327 tione
463 3268 579 3329 Terrae.
624 3266 679 3325 liet
699 3266 810 3325 Ter-ruo
831 3268 940 3325 aalma
962 3266 1065 3325 lueida
1088 3284 1158 3325 cum
1181 3268 1309 3341 spiritu:
1333 3283 1429 3341 neque
1449 3266 1528 3325 lucet
1547 3269 1707 3343 adrueque

253 3368 267 3434 j
358 3358 543 3427 animacst,
577 3356 663 3413 nimis
686 3353 723 3413 ad
747 3353 803 3413 hoe
827 3370 940 3412 crassm
964 3363 1024 3426 est,
1058 3370 1155 3428 neque
1182 3357 1282 3412 vivore
1310 3355 1386 3431 facil
1407 3347 1536 3427 terrum,
1567 3354 1596 3411 id
1619 3372 1708 3431 supra

358 3446 443 3503 satis.
489 3440 573 3517 Quae
598 3458 667 3501 vero
687 3442 749 3515 jem
772 3449 940 3515 sequuntur,
965 3458 1022 3500 aen
1047 3440 1187 3517 intelligo,
1211 3443 1280 3516 qaia
1297 3441 1445 3518 chymieua
1467 3456 1524 3498 non
1548 3458 1630 3499 rum:
1653 3448 1709 3501 oi'r

357 3536 530 3591 mnu-oclus
552 3536 594 3587 ost
614 3531 694 3603 ipuie
715 3532 749 3587 iu
771 3546 855 3603 apua
877 3536 929 3587 ete.
975 3527 1058 3603 Quae
1081 3531 1105 3587 si
1130 3530 1226 3587 omnia
1251 3536 1329 3587 certo
1351 3545 1438 3587 sensu
1461 3537 1528 3586 sunt
1551 3546 1629 3602 vera,
1652 3547 1716 3603 ne„

252 3596 258 3629 '⁵
357 3620 436 3689 scio,
462 3608 611 3693 quomode
634 3615 700 3674 inde
723 3616 1008 3691 sequutum-Terrae
1031 3632 1089 3673 non
1112 3614 1215 3674 adesse
1237 3616 1406 3675 laenitatem
1428 3615 1598 3686 animalem,
1631 3633 1707 3692 quae

252 3732 255 3739 >
357 3704 396 3763 ad
429 3706 642 3781 praescriptum
673 3712 842 3780 aspectuum
872 3704 948 3761 cisat
978 3711 1176 3779 tempestates.
1225 3702 1386 3762 quenum
1413 3705 1557 3778 cujusque
1579 3706 1623 3761 rei
1649 3722 1708 3777 per·

355 3808 385 3851 re
407 3793 533 3867 operosi
555 3788 715 3863 contendis,
738 3793 802 3851 eine
823 3790 897 3848 coeli
917 3788 1088 3849 harmonia.
1134 3789 1180 3846 De
1194 3789 1339 3847 ordinaria
1360 3792 1450 3865 ipsius
1468 3792 1584 3862 animae
1599 3789 1707 3850 Terrae

357 3880 530 3955 operatione
553 3894 599 3936 me
621 3876 699 3935 idem
729 3876 778 3935 illo
802 3879 866 3952 ipso
890 3874 956 3935 loeo
978 3886 1121 3947 statuere,
1155 3876 1337 3935 dissimulare
1367 3892 1424 3935 non
1448 3875 1584 3935 debuisti.
1629 3876 1705 3935 Nam

357 3976 504 4025 astrorum
528 3965 696 4043 aspectibus
719 3965 900 4041 transscripsi
923 3963 1018 4021 solum
1041 3965 1170 4037 insignes
1192 3964 1325 4039 impetus.
1371 3946 1491 4039 Semper
1518 3970 1631 4022 tentum
1654 3969 1718 4022 ex·'
1780 4031 1790 4047 ,

356 4054 448 4113 sudat
470 4052 573 4123 Terra,
597 4061 630 4111 nt
650 4052 770 4110 llumiua
792 4066 848 4109 nou
874 4049 1022 4119 adolani,
1053 4068 1104 4127 per
1127 4056 1262 4126 aspectus
1286 4066 1355 4111 vero
1378 4050 1565 4109 exstimulata
1593 4058 1706 4111 tautum

355 4139 502 4213 exsudat,
538 4150 570 4197 ut
602 4142 690 4217 ctiam
718 4142 835 4215 insuper
863 4130 956 4213 pluat.
998 4136 1095 4196 Tarde
1125 4136 1252 4213 dixeram
1284 4136 1461 4195 exstimulari
1485 4137 1619 4199 Terram,
1659 4136 1706 4195 Tu

251 4231 256 4267 '-
357 4228 481 4305 objicis,
505 4242 563 4285 uon
586 4244 672 4305 posse
695 4228 784 4301 igitur
806 4223 885 4283 illam
910 4227 952 4283 24
975 4222 1055 4283 horis
1077 4226 1216 4283 oourertl.
1263 4224 1360 4299 Atque
1389 4223 1445 4283 boo
1468 4225 1563 4301 ipsum
1584 4241 1706 4299 respon·

354 4316 428 4389 deo,
462 4308 520 4389 qu'o
552 4313 589 4373 do
623 4312 710 4373 modo
741 4312 818 4371 dixi:
852 4318 949 4371 motus
981 4310 1101 4371 diurnus
1132 4328 1206 4389 opus
1233 4320 1277 4369 est
1305 4309 1480 4369 ordinarium
1509 4317 1538 4370 et
1570 4327 1705 4385 perenne,

254 4404 259 4445 ῑ
356 4403 582 4476 effervescentia
615 4400 666 4459 illa
697 4399 955 4473 extraordinarium
979 4407 1024 4459 est
1046 4409 1074 4457 et
1096 4402 1126 4457 in
1148 4400 1294 4456 montanis
1316 4398 1436 4468 sallem,
1467 4406 1500 4456 ul
1529 4400 1554 4453 ai
1578 4398 1706 4457 camelus

358 4494 443 4548 riam
474 4502 558 4547 suam
588 4494 691 4563 pergat
719 4502 776 4545 non
800 4489 970 4545 intermissis
1000 4488 1152 4564 passibus,
1183 4486 1295 4545 interim
1326 4501 1395 4543 vero
1425 4501 1502 4541 nune
1531 4484 1608 4543 bario
1629 4500 1707 4545 narnc

354 4578 441 4637 illam
469 4572 582 4652 partem
611 4578 686 4633 cutis
717 4581 850 4649 corruget
879 4572 918 4632 ad
949 4573 1112 4649 enecandos
1140 4572 1256 4631 culices.
1302 4570 1375 4630 Cam
1406 4570 1499 4631 multa
1528 4572 1612 4641 siena
1634 4589 1704 4647 pro·

252 4654 253 4664 ¹
353 4666 463 4725 ferrens
486 4664 566 4739 eltae
588 4662 617 4719 ln
641 4662 740 4734 Terra,
764 4670 853 4737 tuque
876 4663 938 4736 lpse
961 4663 1061 4720 rivere
1083 4660 1164 4718 illam
1180 4658 1322 4718 concedas
1344 4666 1461 4733 propter
1479 4661 1585 4726 obrem,
1608 4667 1705 4719 umen

252 4760 254 4793 ³
352 4760 388 4813 ut
413 4748 527 4812 oidelae
550 4766 625 4825 quae
648 4757 741 4825 potes,
765 4748 864 4807 inania
885 4750 970 4822 signa
992 4756 1088 4806 cetera
1109 4745 1191 4815 dicis,
1214 4762 1268 4804 nee
1289 4745 1414 4822 probast
1437 4761 1527 4802 unum
1549 4764 1607 4803 non
1630 4746 1706 4806 lide·

352 4842 423 4899 liter
447 4837 548 4910 selem,
571 4853 630 4895 non
653 4835 719 4897 ideo
742 4834 779 4895 do
802 4834 909 4895 Terrae
932 4833 1074 4911 auditum,
1098 4833 1167 4908 qula
1190 4829 1308 4907 lapillus
1331 4834 1359 4887 in
1383 4831 1447 4906 ejus
1470 4829 1599 4891 hiatibus
1622 4838 1705 4891 soni-

355 4938 422 4987 tum
445 4922 514 4995 edlt,
538 4922 590 4982 sed
613 4922 690 4997 ideo,
715 4926 785 4998 quia
807 4920 899 4999 lapilli
914 4921 1047 4996 conjectu
1063 4925 1250 4993 tempestates
1265 4919 1404 4977 oriuntur.
1450 4918 1511 4977 Nee
1529 4922 1703 4995 nesciebam,

352 5016 421 5073 sine
445 5016 512 5071 alise
535 5026 592 5071 non
614 5026 702 5087 posse
724 5028 790 5069 esse
812 5010 955 5087 sonitum,
986 5014 1017 5064 al
1038 5008 1117 5065 oe‘rie
1138 5006 1253 5065 uomitu
1277 5008 1388 5065 virtute
1410 5005 1479 5081 quid
1504 5024 1577 5083 opus
1601 5017 1645 5071 est
1666 5008 1704 5068 ad

354 5102 416 5163 has
438 5104 628 5177 tempestates
650 5096 786 5172 alendas,
808 5100 833 5156 el
856 5096 955 5155 anima
975 5094 1120 5172 suppetit,
1142 5108 1231 5170 quam
1252 5093 1413 5157 manifestis
1438 5092 1618 5156 documentis
1640 5104 1704 5157 sta-
