4467 6192
872 681 956 739 Iubet
971 683 1018 740 tv.
1036 680 1176 754 capurv.
1456 648 1459 659 Ι
1639 661 1715 755 241x

346 857 420 905 uum
437 851 551 923 ductus,
575 855 628 923 ¹qui
644 869 723 911 meus
741 857 824 911 servit
845 858 1016 929 inscriptioni
1037 859 1167 915 centralis
1189 859 1293 931 figurae
1319 860 1348 917 ln
1366 861 1504 919 clrculum.
1539 864 1609 921 Nam
1627 864 1702 936 erdo,

346 932 393 998 qui
413 938 457 986 est
480 931 510 986 iu
526 932 748 1003 ratiocinatione,
771 936 844 992 idem
862 938 944 992 etiam
966 938 994 993 in
1015 938 1146 993 instinctu
1171 942 1235 994 est'
1258 940 1376 995 Rursum
1403 940 1485 1009 igitur
1503 942 1704 1001 demonstratur

345 1009 388 1063 ria
414 1010 452 1063 ad
475 1011 679 1081 perceptionem
702 1014 806 1083 figurae
829 1018 958 1072 centralis
984 1017 1093 1086 longior
1115 1024 1143 1071 et
1168 1018 1207 1073 sic
1231 1019 1313 1073 etiam
1341 1019 1376 1074 ad
1403 1021 1461 1089 ejus
1487 1022 1701 1091 congruentiam.
1759 1054 1763 1059 -

346 1087 439 1156 Quare
458 1104 488 1143 se
506 1088 593 1157 ipsam
611 1091 708 1146 evertit
726 1093 856 1164 objectio,
875 1112 945 1165 quae
963 1096 1190 1166 praepollentium
1209 1097 1361 1153 collocabat
1378 1100 1406 1153 in
1418 1101 1594 1169 perceptione
1612 1098 1704 1169 priori.

434 1168 480 1222 Ad
497 1169 618 1223 rationes
636 1188 687 1239 pro
705 1172 792 1227 altero
809 1178 929 1230 membro
948 1176 988 1230 sic
1001 1174 1234 1244 respondendum:
1254 1192 1316 1231 vere
1329 1177 1436 1246 quidem
1449 1179 1529 1233 etiam
1547 1180 1575 1233 in
1593 1180 1704 1235 circum·

344 1245 483 1302 ferentiali
501 1245 589 1316 figura
607 1250 724 1316 priorem
742 1266 803 1306 esse
821 1251 995 1308 seibilitatem
1011 1252 1106 1309 lateris
1125 1258 1301 1324 congruentia
1324 1258 1427 1325 figurae
1446 1260 1543 1329 totius,
1572 1262 1606 1316 ob
1625 1277 1704 1328 argu·

344 1333 440 1379 menta
459 1323 545 1395 dicta,
572 1342 643 1395 quae
661 1328 706 1384 hic
723 1330 805 1384 etiarn
822 1332 921 1387 valent.
957 1335 995 1388 At
1011 1346 1067 1386 non
1085 1336 1220 1405 sequitur,
1247 1344 1277 1391 ut
1296 1354 1330 1390 ex
1349 1336 1453 1392 duabus
1472 1338 1567 1407 rebus,
1590 1354 1705 1407 quarum

345 1403 436 1456 altera
453 1404 566 1458 alterius
583 1412 626 1458 est
645 1422 744 1472 causa,
762 1408 811 1463 illa
828 1426 898 1480 quae
916 1426 1000 1466 causa
1025 1420 1067 1465 est
1084 1430 1167 1482 porro
1190 1416 1271 1471 etiam
1289 1416 1386 1473 fortius
1404 1426 1511 1473 moveat
1527 1419 1638 1473 tertium
1657 1418 1705 1471 eli-
1753 1414 1760 1435 ¹

344 1482 421 1552 quid.
459 1482 530 1537 Nam
547 1498 597 1552 pro
616 1493 698 1553 captu
717 1488 830 1557 animae,
849 1506 919 1560 quac
937 1492 1019 1551 debet
1036 1496 1150 1563 moveri,
1175 1510 1257 1563 saepe
1274 1494 1363 1549 miuus
1381 1496 1409 1548 in
1427 1496 1502 1551 illam
1523 1496 1595 1549 valet
1613 1511 1704 1565 causa,

344 1578 428 1630 quam
447 1562 574 1632 effectum
599 1570 630 1618 ut
647 1566 692 1620 bic
709 1568 825 1622 animam
843 1571 1035 1648 sublunarem,
1059 1576 1087 1630 in
1106 1582 1238 1644 quantum
1256 1572 1365 1643 quidem
1383 1574 1539 1643 perceptiva
1558 1582 1613 1645 est,
1642 1572 1704 1642 plus

346 1649 441 1695 movet
459 1641 591 1696 seibilitas
610 1642 714 1711 figurae
732 1648 869 1718 centralis,
887 1652 915 1703 in
935 1662 1066 1719 quantum
1084 1670 1148 1709 varo
1161 1653 1309 1722 operativa,
1328 1651 1390 1721 plus
1409 1652 1585 1721 congruentia
1601 1650 1705 1721 figurae

341 1719 604 1777 circumferentialis.
964 1734 967 1738 ’

432 1801 603 1883 Argumenta
619 1818 683 1857 vero
700 1820 761 1859 mea
778 1810 889 1878 propria
906 1808 941 1865 ad
959 1812 1174 1882 propositionem
1190 1808 1357 1881 probandam
1370 1816 1433 1864 sunt
1444 1810 1512 1865 ista:
1539 1809 1615 1879 prius
1634 1809 1705 1863 enim

344 1889 538 1959 usurpavimus
562 1904 639 1957 prop.
660 1889 690 1956 6,
715 1898 837 1943 centrum
856 1906 916 1945 esse
942 1893 1079 1961 quandam
1097 1892 1186 1946 ideam
1212 1890 1310 1964 mentis
1328 1889 1495 1945 theoreticae
1518 1887 1705 1944 seu‘intellec·

344 1976 400 2037 tus,
420 1966 665 2022 circumferentiam
683 1966 821 2024 facultatis
839 1970 976 2039 practicae
994 1979 1043 2027 'seu
1062 1972 1217 2043 operativae
1223 1992 1234 2040 ,-
1251 1969 1315 2040 quia
1332 1976 1363 2023 ut
1381 1976 1503 2024 centrum
1522 1970 1613 2025 circuli
1631 1972 1705 2029 basis

345 2061 389 2109 est
409 2061 438 2107 et
456 2051 540 2119 origo,
560 2048 598 2104 sic
616 2050 755 2105 meditatio
773 2049 896 2105 actionIs.
932 2050 1034 2120 Figura
1051 2052 1142 2121 igitur,
1162 2065 1231 2120 quae
1250 2047 1364 2118 porrigit
1377 2047 1506 2119 angulum
1523 2050 1558 2106 ad
1575 2059 1705 2129 centrum,

345 2151 375 2189 ae
405 2130 440 2184 ad
460 2130 586 2195 Terram,
605 2128 652 2181 ubi
670 2128 761 2183 anima
778 2127 856 2182 sedet
872 2130 976 2199 figurae
993 2130 1158 2200 perceptrix,
1169 2126 1299 2197 porrigit
1316 2141 1345 2181 se
1366 2128 1445 2195 quasi
1467 2127 1501 2182 ad
1521 2128 1659 2185 sciendum
1678 2138 1706 2185 et

344 2208 566 2280 dijudicandum,
591 2222 652 2261 cum
670 2215 792 2262 centrum
810 2207 929 2262 tribunal
948 2209 1077 2267 scientiae
1102 2212 1298 2276 repraesentet.
1334 2204 1421 2273 Igitur
1438 2204 1467 2259 in
1487 2207 1599 2262 centruli
1617 2210 1705 2279 figura

344 2293 439 2362 potius
459 2287 579 2356 spectari
598 2284 679 2341 debet
698 2285 818 2356 scientia,
837 2287 1051 2357 nonobstante,
1075 2287 1149 2357 quod
1167 2286 1214 2340 illa
1231 2300 1281 2355 per
1305 2285 1434 2341 circulum
1458 2294 1586 2357 tanquam
1605 2290 1704 2345 instru-

343 2375 470 2424 mentum
488 2373 674 2435 comparetur,
693 2372 724 2421 ut
740 2367 823 2435 paulo
841 2377 905 2422 ante
923 2366 1033 2421 dictum.
1071 2366 1173 2421 Contra
1192 2364 1293 2433 figura,
1321 2380 1391 2435 quae
1414 2364 1521 2420 ordinat
1539 2368 1653 2435 angulos
1678 2369 1705 2424 in

343 2445 582 2512 circumferentia,
610 2445 694 2511 magis
713 2461 743 2500 se
761 2446 883 2516 applicat
906 2446 941 2501 ad
964 2445 1126 2500 Imitandum
1149 2440 1407 2513 exprimendumque
1430 2442 1458 2496 in
1483 2460 1565 2514 opere
1592 2446 1705 2517 animae,

343 2527 432 2582 veluti
452 2526 488 2580 ad
506 2524 596 2578 ideam
614 2540 726 2592 operum
745 2540 916 2581 concurrens.
952 2526 1034 2596 Atqui
1059 2524 1150 2594 potius
1169 2522 1345 2590 congruentia
1369 2536 1450 2590 quam
1474 2523 1708 2582 seibilitas'habet

344 2625 463 2680 operum
480 2606 620 2661 sensilium
638 2604 907 2675 aedificationemque
925 2605 1022 2672 ideam,
1042 2604 1106 2675 quio
1124 2602 1249 2673 sequitur
1265 2600 1367 2669 figures
1378 2608 1458 2671 totas,
1477 2618 1538 2667 curu
1550 2604 1631 2672 latus,
1650 2620 1705 2673 quo

343 2689 436 2758 figura
454 2687 549 2751 scitur,
569 2690 604 2743 sit
621 2682 681 2749 ejus
700 2682 796 2738 saltem
811 2682 983 2739 elementum.
1020 2683 1110 2753 Quare
1128 2683 1156 2737 in
1174 2682 1263 2751 figura
1276 2680 1513 2737 citcumferentiali
1531 2684 1623 2753 potius
1641 2700 1706 2739 ceu·

343 2766 474 2837 gruentia
493 2775 535 2822 cst
551 2763 733 2836 respicienda,
753 2779 834 2831 quam
853 2763 993 2819 seibilitas.

433 2844 563 2900 Alterum
581 2847 768 2911 argumentum
786 2858 835 2909 pro
853 2842 905 2897 hac
918 2842 1038 2897 secunda
1049 2847 1128 2911 parte
1140 2839 1236 2894 nititur
1249 2838 1345 2894 eadem
1357 2838 1574 2897 consideratione
1592 2843 1705 2909 animae,

342 2933 473 2995 praestet
490 2924 528 2992 id,
552 2931 664 2995 prepter
682 2920 754 2992 quod
772 2929 837 2976 suut
854 2930 960 2990 cetera3
986 2929 1014 2977 at
1037 2927 1149 2992 propter
1170 2934 1239 2989 opus
1263 2926 1377 2972 naturae
1401 2918 1557 2975 sublunaris
1583 2921 1706 2993 adeoque

342 3006 429 3058 etiam
448 3004 556 3058 animae
574 3004 708 3057 humanae
725 2992 1063 3055 facultatumiuferiorum
1081 2998 1270 3067 percipiuntur
1288 2994 1531 3068 configurationes,
1557 2998 1661 3053 scilicet
1678 3000 1707 3055 in

341 3085 371 3138 id
388 3084 591 3153 percipiuntur,
609 3088 639 3137 nt
658 3094 740 3148 opere
759 3081 955 3149 exprimentum
975 3080 1061 3148 major
1079 3084 1122 3132 est
1139 3076 1358 3146 igitur-dignitas
1375 3075 1513 3132 facultatis
1530 3078 1662 3133 motoriee
1679 3079 1708 3133 in

341 3162 399 3216 boc
423 3160 545 3229 negotIo.
583 3159 637 3214 Sed
660 3156 791 3211 seibilitas
820 3157 924 3225 figurae
942 3156 1192 3216 circumferentiaIIs
1219 3155 1388 3224 perceptioni
1411 3156 1506 3225 servit,
1531 3159 1708 3225 congruentia

256 3232 260 3250 '
342 3240 511 3310 operationi,
530 3248 560 3295 ut
577 3240 720 3303 hactenus3
746 3234 830 3303 igitur
847 3246 875 3292 et
893 3238 1069 3308 congruentia
1091 3237 1195 3306 figurae
1220 3233 1471 3290 circumferentialia
1494 3242 1617 3304 praestat
1636 3235 1707 3305 ejus-

342 3319 408 3374 dem
426 3319 656 3471 sppprpagpfflo
679 3394 764 3456 VIII.
811 3396 905 3455 Arcus
938 3393 1057 3467 carcub,
1089 3392 1141 3468 qui
1155 3380 1348 3451 'constituitur
1379 3387 1513 3465 afigura
1535 3391 1706 3467 incongrua,

341 3482 462 3542 nullam
485 3482 624 3542 conelliat
646 3478 806 3543 efficacium
828 3482 1042 3542 radiationibus
1058 3479 1200 3541 'binorum
1222 3477 1417 3555 planetarum,
1447 3495 1546 3538 arcum
1569 3477 1707 3539 determi-

342 3574 494 3629 uaufium.
1100 3613 1104 3619 ,

434 3654 510 3707 Nam
527 3652 550 3706 si
569 3651 744 3721 congruentia
768 3660 810 3707 est
828 3668 911 3708 causa
928 3649 1070 3722 potissIma
1098 3646 1252 3719 efficacIae,
1289 3662 1339 3717 per
1356 3662 1434 3717 prop.
1454 3647 1485 3715 3,
1509 3648 1526 3702 l
1551 3654 1579 3702 et
1601 3652 1630 3717 7,
1657 3648 1709 3705 hac

342 3730 430 3798 igitur
451 3728 597 3785 deficIente
619 3748 674 3786 uon
697 3733 750 3787 erit
775 3733 915 3789 sufficiens
933 3747 1017 3787 causa
1042 3728 1095 3783 boc
1113 3728 1174 3783 loco
1193 3728 1271 3782 vilior
1297 3726 1436 3781 seibilitas.
1472 3726 1534 3782 Etsi
1553 3728 1710 3793 enimhaec

340 3808 505 3879 praepollet
522 3810 716 3882 congruentiae
733 3811 761 3865 in
779 3810 893 3866 eenueli
912 3810 1012 3879 figura,
1036 3822 1086 3878 per
1103 3806 1218 3863 alteram
1238 3811 1344 3875 partem
1363 3822 1404 3875 pr.
1423 3804 1448 3873 7,
1474 3814 1502 3862 at
1522 3808 1639 3865 vicissim
1658 3810 1708 3864 cir·

341 3886 563 3943 cumfereutialis
581 3889 668 3959 figura
686 3897 730 3946 est
747 3891 861 3947 centrali
878 3892 976 3961 potior,
995 3904 1045 3958 per
1063 3888 1093 3955 fi,
1112 3893 1140 3941 et
1159 3886 1186 3939 in
1205 3886 1252 3939 illa
1268 3884 1360 3956 potior
1381 3888 1566 3960 congruentia,
1585 3904 1635 3959 per
1652 3890 1706 3963 pri·

342 3984 419 4021 mam
436 3976 548 4036 partem
566 3985 607 4037 pr.
625 3970 651 4024 7.
687 3970 784 4031 Adbuc
802 3970 884 4039 igitur
900 3965 1076 4039 congruentIa
1093 3966 1198 4034 figurae
1216 3963 1467 4025 circumferentialie
1486 3968 1637 4036 praepollet
1655 3970 1708 4026 sci·

343 4046 452 4101 bilitati
469 4046 575 4116 figurae
593 4048 729 4104 centralis.
1561 4062 1564 4069 ’

437 4122 486 4181 Eu
505 4140 643 4198 musam,
678 4142 737 4198 cor,
768 4142 835 4184 curn
856 4124 965 4202 figurae
988 4121 1106 4183 scibiles
1129 4124 1187 4181 sint
1209 4119 1354 4194 infinitae,
1386 4117 1567 4185 diversorum
1591 4123 1708 4203 quidem

340 4209 515 4286 graduum,
538 4220 674 4288 aspectus
697 4220 795 4272 tamen
817 4213 905 4290 pauci
927 4212 994 4269 sint

437 4299 599 4358 axioma
620 4297 675 4357 111.
731 4301 824 4359 Arcus
855 4298 971 4370 circuli,
1011 4312 1135 4375 quorum
1168 4295 1280 4372 figurae
1314 4293 1446 4372 pluribus
1486 4298 1707 4374 potioribusque

340 4387 560 4461 congrucufiae
582 4386 807 4464 seibilitatisque
829 4385 972 4464 gradIbus
991 4386 1121 4463 pollent,
1153 4384 1332 4444 efficaciores
1356 4386 1444 4445 etiam
1467 4387 1610 4461 recipiunt
1632 4403 1705 4446 con-

407 4475 552 4532 rationes.

340 4472 407 4550 flgu
438 4554 471 4609 Si
488 4554 543 4610 duo
560 4555 648 4624 prima
664 4554 803 4611 axiomata
820 4565 885 4613 sunt
902 4561 1086 4612 censentanea
1104 4568 1181 4623 vero,
1202 4554 1254 4609 erit
1272 4560 1300 4609 et
1317 4553 1384 4623 hoc,
1403 4555 1480 4624 quia,
1505 4559 1617 4623 propter
1635 4555 1708 4625 quod

339 4632 566 4701 unumquodque
583 4643 626 4688 est
644 4632 707 4694 talc,
725 4634 772 4688 illo
790 4635 913 4704 intenso,
938 4634 1011 4690 istud
1029 4635 1112 4689 etiam
1131 4634 1217 4703 magis
1236 4633 1291 4688 erit
1305 4633 1369 4688 tale.
1406 4632 1451 4686 Sic
1469 4640 1558 4687 autem
1577 4632 1705 4705 intellige,

340 4712 421 4782 quod
441 4712 472 4764 in
490 4709 579 4780 figura
596 4711 831 4768 circumferentiali
848 4712 924 4783 prior
940 4714 976 4769 sit
994 4714 1161 4784 comparatio
1180 4714 1313 4781 graduum
1331 4709 1532 4781 congruentiae,
1550 4710 1579 4767 in
1594 4714 1709 4769 neutrali

339 4791 423 4860 prior
441 4788 577 4858 medeam
595 4788 755 4859 seibilitatis,
774 4791 891 4859 denique
908 4792 1031 4862 potIores
1049 4801 1142 4862 partes
1160 4790 1409 4847 clrcumferentialis
1428 4790 1538 4857 figurae.

435 4864 662 4941 Propositio
684 4864 743 4924 IX.
789 4866 1040 4944 configurationes
1065 4867 1199 4927 efficaces
1221 4874 1305 4939 aurit,
1329 4883 1404 4942 quae
1422 4866 1608 4943 intercipiunt
1622 4884 1708 4929 arcus

341 4954 451 5014 circuli
480 4952 595 5012 zodiaci
623 4954 708 5013 istos:
738 4952 788 5012 Gr.
816 4955 877 5014 180
906 4955 1070 5029 oppositio,
1101 4972 1138 5014 ex
1166 4953 1307 5014 diametro
1331 4952 1448 5028 circuli,
1477 4961 1509 5013 ut
1538 4957 1567 5012 in
1590 4952 1638 5031 fig.
1656 4958 1707 5015 Μ.

342 5040 399 5102 Gr.
432 5042 476 5100 90
505 5040 683 5116 quadratus,
711 5058 747 5101 ax
776 5051 946 5119 tetragono,
972 5046 1006 5098 ut
1032 5043 1062 5100 in
1092 5038 1140 5118 fig.
1173 5042 1224 5101 25.
1276 5039 1327 5101 Gr.
1358 5044 1420 5103 120
1451 5044 1555 5116 mnus,
1587 5049 1616 5103 et
1647 5039 1710 5103 60⁰

399 5151 501 5203 aspum
515 5149 633 5202 oper-v.
1513 5146 1551 5205 16
