4467 6192
882 678 1184 749 mnsacspurrv.
1640 687 1706 750 πει

441 859 561 920 Nullius
582 864 671 939 igitur
691 860 830 938 plmatas
850 862 939 920 nnius
968 860 1124 921 intervalla
1153 865 1281 921 exhema
1311 859 1349 920 ad
1370 859 1539 923 harmonias
1561 861 1706 936 alludunt,

350 953 470 1022 praeter
491 947 596 1009 Martis
619 956 648 1009 et
669 948 814 1008 Mercurii.
830 943 876 1030 ²¹)
1338 959 1340 964 '
1503 976 1505 984 ·
1677 970 1680 983 ·

442 1034 485 1093 At
507 1039 532 1095 si
555 1036 735 1098 diversorum
758 1035 941 1114 planetarum
956 1034 1119 1095 intervalla
1148 1042 1277 1094 extrema
1299 1038 1374 1095 iuter
1395 1054 1426 1096 se
1449 1053 1616 1113 compares,
1644 1037 1707 1113 jam

350 1119 497 1197 affulgere
525 1125 627 1201 incipit
656 1120 757 1199 aliqua
784 1122 834 1182 lux
863 1122 1055 1182 harmonicen.
1099 1121 1174 1181 Nam
1207 1131 1336 1182 extrema
1363 1119 1383 1200 15
1414 1132 1443 1183 et
1472 1123 1708 1200 ildirergentia

351 1201 577 1287 iaciunt'paulo
599 1211 667 1288 plus
689 1229 778 1286 quam
801 1211 953 1287 diapason,
975 1212 1183 1286 converg'eutia
1197 1209 1325 1278 medium
1349 1212 1542 1280 intersertas
1564 1212 1705 1286 majorem

350 1303 381 1354 et
404 1299 558 1358 minorem
603 1298 653 1359 Sic
675 1306 804 1358 extrema
826 1299 857 1372 ii
879 1303 909 1358 st
930 1296 1152 1374 &divergenba
1175 1297 1404 1374 complectuntur
1425 1298 1484 1358 iare
1507 1297 1705 1375 disdiapason,

352 1389 565 1461 convergentia
585 1386 645 1446 lere
667 1385 803 1461 diapente
826 1401 892 1444 cum
914 1384 1064 1467 diapason.
1097 1383 1224 1443 Telluris
1246 1402 1316 1445 vero
1340 1394 1369 1445 et
1390 1392 1415 1454 ό
1437 1385 1618 1462 divergentia
1640 1387 1706 1464 plus

352 1470 510 1548 aliquanto
549 1480 617 1532 sunt
644 1472 795 1551 complexa
830 1488 919 1548 quam
952 1480 1065 1532 sertam
1094 1473 1252 1547 majorem,
1288 1475 1494 1549 convergentia
1527 1472 1707 1534 diatessaron

352 1558 544 1640 abundans.x
566 1560 600 1618 In
628 1562 763 1636 sequenti
791 1559 897 1638 copula
926 1558 1052 1619 Telluris
1081 1566 1111 1618 et
1135 1555 1161 1639 ῼ
1184 1577 1296 1618 rursum
1331 1563 1405 1620 inter
1433 1563 1640 1636 eonvergentia
1662 1572 1707 1622 est

353 1645 435 1706 idem
458 1646 640 1708 diatessaron
662 1646 831 1720 abundans,
866 1655 898 1706 at
928 1649 1003 1708 inter
1032 1646 1213 1722 divergentia
1242 1646 1424 1706 destituimur
1446 1647 1615 1714 harmonica
1635 1665 1706 1725 pro·

353 1736 507 1810 portione:
537 1738 631 1794 mibor
662 1738 738 1794 euim
765 1742 810 1794 est
838 1752 926 1810 quarn
959 1732 1181 1810 hemidiupasou
1210 1731 1251 1815 (si
1280 1737 1322 1793 ita
1344 1734 1412 1794 licet
1434 1731 1548 1816 loqui),
1578 1735 1634 1793 boc
1663 1744 1706 1795 est

353 1823 451 1879 minor
474 1839 563 1897 qnam
584 1822 758 1899 semidupia.
780 1822 915 1898 Denique
938 1823 1012 1881 inter
1034 1819 1060 1902 Ω
1084 1831 1113 1881 et
1137 1815 1163 1902 Q
1186 1819 1366 1896 divergentia
1388 1821 1477 1900 paulo
1499 1825 1594 1881 miuus
1616 1824 1707 1894 inter·

354 1915 401 1967 est
424 1911 589 1985 composita
611 1927 647 1969 ax
669 1909 811 1986 diapason
834 1900 870 1969 'et
899 1912 986 1970 tertia
1007 1911 1138 1984 minore;
1169 1911 1243 1969 iuter
1271 1912 1477 1990 convergentia
1503 1919 1549 1970 est
1570 1909 1705 1987 diapente

354 1995 523 2071 abundans,
545 1996 634 2073 paulo
655 1996 732 2073 plus.

442 2084 507 2142 Etsi
529 2087 618 2161 igitur
632 2093 721 2142 unum
743 2081 928 2143 intervallum
951 2082 1040 2160 paulo
1063 2083 1179 2157 longius
1196 2083 1257 2141 abit
1273 2083 1310 2141 ab
1325 2083 1509 2153 harmonin's,
1532 2085 1587 2144 luit
1609 2091 1706 2145 tamen

303 2237 305 2241 ¹
353 2169 402 2228 bic
425 2187 579 2231 successus
601 2174 824 2231 inritamentum
846 2171 884 2230 ad
905 2169 1149 2248 progrediendum
1165 2169 1295 2252 ulterius.
1319 2171 1522 2235 Erantautem
1545 2172 1599 2231 liae
1623 2190 1705 2231 meae

354 2257 606 2320 ratiocinationes.
651 2260 781 2318 Primum
812 2257 967 2329 intervalla
996 2259 1083 2331 baec,
1114 2260 1143 2315 in
1167 2266 1309 2333 quantum
1331 2265 1398 2316 sunt
1420 2258 1617 2334 longitudines
1640 2263 1703 2319 sine

353 2353 455 2420 motu,
490 2364 548 2405 uon
570 2355 638 2424 apte
660 2347 698 2405 ad
729 2347 898 2406 harmonica
921 2347 1135 2417 examinantur,
1169 2347 1238 2420 quia
1269 2345 1426 2405 harmoniis
1449 2349 1543 2422 magis
1565 2347 1705 2407 familiare

354 2432 523 2508 subjectum
545 2444 589 2492 est
611 2432 722 2507 motus,
751 2451 842 2493 causa
872 2433 1027 2492 celeritatis
1058 2441 1088 2492 et
1119 2431 1271 2491 tarditatis.
1317 2431 1430 2492 Deinde
1462 2436 1491 2495 in
1525 2435 1645 2507 iisdem,
1675 2437 1704 2494 in

355 2528 500 2594 qnantum
523 2530 591 2580 sunt
614 2521 746 2580 diametri
771 2522 892 2594 orbium,
917 2519 1054 2580 credibile
1077 2528 1122 2580 est
1148 2522 1290 2596 potiorem
1323 2537 1387 2579 esse
1409 2518 1546 2580 habitam
1563 2524 1706 2586 rationem

355 2622 512 2683 corporum
534 2608 710 2685 regularium
735 2611 864 2684 quinique
886 2625 922 2667 ex
938 2605 1092 2684 analogia,
1117 2609 1187 2682 quia
1210 2623 1284 2682 quae
1308 2609 1381 2666 ratio
1398 2616 1443 2666 est
1458 2625 1610 2685 corporum
1632 2627 1707 2686 gao-

352 2697 543 2754 metricorum
565 2696 725 2754 solidorum
747 2695 786 2754 ad
809 2694 951 2754 coelestes
975 2696 1068 2768 orbes,
1093 2694 1281 2770 undiquaque
1297 2694 1344 2752 vel
1360 2694 1475 2754 clausos
1498 2695 1617 2757 coelesti
1641 2715 1707 2756 ma-

354 2784 446 2856 teria,
481 2791 515 2842 ut
536 2783 604 2850 vult,
622 2785 794 2859 antiquitas,
821 2782 869 2842 vel
900 2781 1079 2841 claudendas
1108 2784 1273 2841 successive
1301 2781 1489 2857 plurimarum
1520 2787 1707 2860 gyrationum
1760 2831 1768 2846 .

355 2868 624 2944 agglomeratione,
654 2871 755 2930 eadem
779 2877 824 2929 est
847 2877 876 2928 et
898 2869 1051 2947 planarum
1073 2868 1239 2945 figurarum,
1264 2869 1371 2929 circulo
1394 2870 1596 2947 inscriptilium
1619 2869 1707 2950 (quae

355 2954 470 3031 ligurae
493 2957 659 3017 harmonias
681 2953 830 3038 gignunt),
855 2956 893 3015 ad
915 2956 1038 3016 circulos
1054 2958 1196 3016 coelestes
1218 2964 1349 3015 motuum
1372 2965 1525 3033 ceteraque
1548 2961 1653 3035 spatia,
1675 2961 1705 3018 iu
1740 2973 1746 2982 ·
1770 2965 1777 2985 '
1854 2957 1856 2964 '

354 3044 467 3117 quibus
489 3043 564 3103 liunt
584 3053 692 3104 motus.
729 3045 807 3121 Ergo
830 3045 855 3101 si
879 3046 1046 3120 quaerimus
1060 3043 1236 3118 harmonias,
1260 3057 1433 3119 quaeramus
1456 3058 1506 3104 eas
1528 3061 1585 3103 nou
1609 3048 1637 3102 in
1661 3045 1706 3104 his
1854 3033 1858 3050 ’

354 3129 536 3207 intervallis,
566 3139 600 3190 ut
622 3139 691 3190 sunt
713 3131 920 3191 semidiametri
943 3131 1070 3204 orbium,
1099 3131 1151 3189 sed
1174 3133 1203 3190 in
1226 3130 1297 3204 illis,
1322 3139 1354 3189 ut
1376 3139 1443 3190 sunt
1465 3149 1618 3192 mensurae
1640 3148 1706 3190 rno-

353 3225 450 3290 tunm,
475 3217 531 3277 hoc
553 3227 598 3277 est
620 3221 649 3276 in
671 3220 744 3295 ipsis
767 3222 864 3297 potius
887 3219 1024 3280 motibus.
1064 3217 1148 3278 ¹Sene
1171 3218 1326 3278 intervalla
1347 3235 1405 3277 nou
1428 3219 1487 3278 alia
1507 3229 1631 3295 possunt
1653 3234 1706 3279 ao'·

353 3305 414 3382 cipi
445 3321 498 3380 pro
527 3305 750 3365 semidiametris
777 3307 906 3380 orbium,
938 3320 1026 3383 quam
1053 3305 1227 3378 mediocria,
1260 3321 1314 3365 uos
1337 3323 1406 3366 vero
1437 3306 1483 3365 hic
1512 3305 1548 3367 da
1571 3309 1706 3367 extremis

353 3394 474 3468 agimus
495 3393 667 3452 intervallis.
711 3393 778 3453 Non
800 3396 915 3470 agimus
937 3395 1026 3470 igitur
1048 3394 1085 3454 de
1106 3392 1269 3476 intervallis
1285 3399 1418 3470 respectu
1441 3410 1559 3453 suorum
1582 3395 1705 3470 orbium,

353 3478 409 3538 sed
433 3488 567 3555 respectu
588 3487 729 3540 motuum.

443 3565 500 3626 His
522 3569 610 3644 igitur
632 3568 669 3628 de
691 3569 788 3627 causis
812 3584 876 3626 cum
901 3567 938 3626 ad
961 3575 1093 3626 motuum
1115 3576 1308 3628 extremorum
1332 3571 1577 3646 comparationem
1598 3571 1707 3628 transi-

352 3655 485 3727 vissem,
517 3657 642 3730 primum
664 3665 835 3714 manserunt
856 3655 1058 3731 magnitudine
1081 3654 1202 3715 eaedem
1224 3663 1356 3714 motuum
1378 3659 1597 3734 proportiones,
1630 3673 1706 3733 quac

352 3743 438 3818 prius
460 3750 542 3800 erant
565 3743 803 3813 intervallorum,
827 3742 1029 3802 tantummodo
1053 3758 1191 3818 eversae3
1222 3760 1311 3820 qnare
1335 3746 1422 3803 etiarn
1445 3747 1519 3802 inter
1536 3754 1637 3803 motus
1659 3747 1706 3802 in·
1742 3777 1747 3786 ·

351 3829 465 3888 reniae
480 3837 547 3887 sunt
563 3833 764 3907 proportiones
780 3830 906 3906 aliquae,
930 3839 961 3888 nt
977 3832 1065 3905 prius,
1089 3833 1280 3890 inconcinnae
1304 3841 1332 3890 et
1348 3833 1385 3891 ab
1408 3831 1565 3890 harmoniis
1582 3833 1705 3891 alienae.

351 3911 390 3973 Id
414 3932 486 3976 vero
507 3935 621 3976 rursum
643 3926 725 3976 ratus
747 3935 812 3977 snm
834 3921 937 3977 merito
969 3917 1039 3976 mihi
1063 3921 1194 3992 evenire,
1230 3921 1338 3995 quippe
1366 3921 1415 3996 qui
1446 3935 1610 3996 comparem
1630 3919 1707 3978 inter

352 3999 496 4062 aeiareus
517 4007 680 4083 eceenhici,
703 4008 753 4081 qui
776 4022 871 4081 neque
893 4008 951 4064 sint
973 4007 1102 4081 expressi
1125 4013 1154 4064 st
1169 4009 1317 4068 ,numerati
1341 4023 1476 4066 mensura
1498 4005 1707 4083 magnitudinis

354 4090 505 4166 ejusdem,
533 4092 585 4151 ssd
608 4101 794 4152 numerentur
815 4092 954 4170 gradibus
977 4101 1006 4153 ct
1028 4095 1163 4165 minutis,
1195 4104 1270 4168 qnae
1294 4102 1361 4153 sunt
1383 4095 1412 4152 in
1435 4093 1561 4170 planetis
1584 4093 1707 4168 dirersis

351 4178 566 4254 magnitudinis
589 4180 732 4254 diversae,
754 4197 850 4256 neque
865 4183 954 4239 etiarn
968 4181 1078 4239 saciant
1093 4182 1293 4256 apparentiam
1316 4181 1400 4240 ullibi
1422 4187 1542 4266 tautam,
1566 4189 1706 4258 quantum

353 4264 429 4324 dicit
450 4279 588 4326 numerus
610 4269 761 4344 cujusque,
784 4270 841 4326 nisi
863 4275 976 4326 tantum
999 4269 1028 4325 in
1052 4277 1151 4328 centro
1175 4271 1325 4328 eceentrici
1349 4269 1498 4346 cujusque,
1523 4268 1609 4346 quod·
1624 4267 1706 4326 nullo

353 4369 478 4430 corpore
500 4363 545 4414 est
566 4354 725 4427 suffultum,
749 4372 784 4414 ae
806 4348 927 4431 proinde
950 4357 1039 4416 etiamr
1062 4353 1232 4416 incredibile
1255 4365 1308 4431 est,
1332 4373 1448 4416 sensum
1470 4356 1518 4417 vel
1540 4357 1707 4414 instinctum

352 4439 523 4500 naturalem
542 4445 572 4500 in
594 4442 646 4501 illo
667 4441 769 4502 mundi
793 4443 858 4501 loco
881 4441 972 4502 ullum
996 4459 1076 4518 esse,
1100 4445 1289 4520 apparentiae
1311 4442 1398 4520 hujus
1421 4439 1572 4522 capacem,
1596 4443 1654 4499 imo
1678 4447 1707 4502 et

352 4528 555 4604 impossibile,
590 4529 734 4606 siqnidem
765 4531 970 4607 comparabam
999 4531 1180 4590 diversorum
1212 4530 1394 4607 planetarum
1423 4546 1506 4590 arcus
1529 4531 1706 4590 eceentricos

353 4633 450 4675 ansa
472 4633 541 4676 suae
563 4617 754 4694 apparentiae
776 4620 806 4675 ln
829 4621 935 4678 centris
958 4620 1028 4691 suis,
1052 4635 1129 4694 quae
1152 4618 1260 4678 diversi
1283 4619 1415 4678 obtinent
1430 4616 1562 4692 dirersa3
1586 4632 1708 4695 compa-

352 4710 440 4762 ratae
464 4691 689 4764 r'erodi‘rersao
712 4711 885 4782 apparentes
916 4705 1133 4782 magnitudines
1155 4709 1184 4763 in
1206 4721 1265 4764 uno
1288 4705 1433 4764 debebant
1453 4704 1553 4764 mundi
1577 4703 1642 4764 loeo
1665 4706 1708 4764 sic
1790 4745 1800 4764 .
1884 4701 1888 4716 ’

353 4805 509 4867 apparere,
532 4800 565 4850 nt
585 4792 631 4866 id,
655 4792 741 4868 quod·
757 4792 926 4853 laenitatem
947 4793 1037 4852 habet
1058 4791 1245 4868 comparandi
1269 4792 1335 4864 illa,
1359 4794 1397 4850 sit
1419 4790 1522 4876 inillo
1546 4795 1707 4852 communis

353 4879 554 4955 apparentiae
570 4879 637 4939 loco
660 4894 809 4958 praesens.
854 4879 915 4938 Ant
936 4883 1030 4956 igitur
1046 4877 1254 4939 removendam
1276 4896 1311 4938 er
1335 4881 1432 4938 animo
1447 4882 1546 4939 censui
1561 4897 1707 4957 apparen-

353 4967 431 5024 tiam
454 4965 555 5025 horum
579 4983 697 5027 arcuum
721 4969 954 5042 eceentrlcorum,
978 4974 1030 5025 aut
1044 4965 1129 5026 aliter
1144 4965 1362 5026 informandam.
1402 4965 1514 5044 Quodsi
1529 4961 1706 5028 removerem

355 5056 561 5130 apparentiam
583 5062 613 5114 et
634 5062 760 5115 mentem
789 5054 829 5115 'ad
856 5056 922 5133 ipsa
944 5055 1047 5114 diurna
1074 5053 1258 5130 planetarum
1286 5055 1391 5114 itinera
1419 5055 1612 5129 attenderem,
1645 5053 1707 5114 ridi

354 5141 500 5201 utendum
521 5159 585 5203 esse
607 5151 764 5222 praecepto
786 5142 849 5219 illo,
872 5143 951 5220 quod
972 5142 1114 5219 superiori
1139 5143 1234 5222 capito
1254 5155 1375 5204 numero
1391 5145 1419 5205 9.
1441 5142 1557 5204 tradidi.
1601 5141 1706 5203 Multi·
1753 5183 1756 5190 ,
