4467 6192
947 669 980 748 de
998 671 1154 773 Harmonia
1275 731 1290 742 a
1321 686 1323 695 '
1676 673 1716 746 113

461 851 695 936 Quindeeangnll
718 813 787 919 nero
809 855 1014 922 demonstratio
1036 859 1123 938 longe
1145 867 1189 921 est
1204 859 1271 921 alia.
1313 859 1476 924 Nambaee
1491 875 1549 920 non
1562 874 1660 934 44444
1674 857 1719 918 illl

371 941 514 1018 obvenit,
549 943 601 1004 sed
629 947 714 1021 quasi
737 963 789 1022 per
811 945 954 1008 accidens.
994 945 1133 1006 Scribitnr
1156 951 1232 1007 enirn
1254 945 1330 1007 letus
1359 945 1494 1028 trianguli
1518 945 1569 1004 tlt-3
1591 947 1719 1024 partium
1814 969 1823 990 =

374 1031 452 1104 120,
484 1038 515 1090 et
535 1032 675 1092 subtensa
706 1030 819 1092 duabus
843 1035 950 1110 quintis
975 1033 1041 1108 AF,
1069 1037 1194 1112 partium
1222 1037 1295 1108 144,
1326 1034 1489 1096 abeodem
1517 1032 1717 1112 principioA.

370 1111 551 1180 Differentia
572 1119 621 1178 EF
644 1129 690 1186 est
711 1123 836 1198 partium
860 1123 909 1193 24,
934 1137 1009 1200 quae
1034 1131 1078 1180 est
1100 1121 1282 1198 quindecima
1304 1139 1372 1198 pars
1388 1121 1494 1182 circuli.
1532 1120 1624 1180 Vides
1646 1123 1718 1180 mis-

371 1209 431 1266 ceri
455 1207 654 1266 trisectionern
678 1215 706 1266 et
729 1207 975 1282 quinisectionem.
1022 1207 1124 1285 ltaque
1146 1208 1223 1270 latua
1246 1207 1469 1286 qrrindeeangnli
1495 1207 1585 1269 habet
1606 1225 1719 1284 aequa-

371 1294 483 1352 tionem
507 1309 573 1352 cum
596 1294 736 1354 diametro
768 1293 934 1399 longissime
956 1296 1086 1372 petitam
1133 1294 1256 1374 Oportet
1278 1297 1353 1356 enim
1384 1295 1520 1374 trianguli
1547 1294 1719 1372 aequilateri

371 1395 487 1439 sumere
511 1380 778 1460 perpendicularem
802 1381 872 1456 AR,
896 1384 938 1442 sie
961 1383 1096 1462 trianguli
1121 1382 1378 1460 quinquangnlaris
1395 1376 1473 1442 411Ρ
1495 1382 1719 1460 perpendicula-

372 1484 434 1526 rem
460 1465 524 1542 AS,
550 1485 706 1544 eorumque
730 1465 921 1528 differentiam
944 1467 990 1529 RS
1015 1469 1061 1530 vel
1083 1469 1152 1546 Tr3
1190 1488 1303 1530 rursum
1325 1469 1476 1529 semilatus
1505 1469 1641 1548 trianguli
1667 1467 1719 1528 ER

362 1550 401 1612 'et
423 1551 580 1614 semileter
604 1553 814 1634 quinquangnli
837 1555 884 1616 FS
912 1574 1067 1634 eorumque
1091 1557 1279 1619 differentiam
1302 1554 1362 1616 ΕΤ.
1408 1557 1451 1616 Ex
1480 1558 1610 1656 potentia
1632 1558 1720 1636 igitur

373 1639 426 1698 ET
450 1649 481 1701 et
504 1641 556 1702 Tr
580 1645 761 1720 componitur
784 1643 913 1720 potentia
937 1643 993 1706 ER

319 1776 323 1791 ,
460 1725 501 1792 (14
518 1726 605 1792 marg.)
641 1725 706 1780 cnm
725 1731 840 1780 ceterae
847 1735 939 1816 partes
958 1743 974 1782 a
991 1727 1105 1796 primum
1124 1725 1192 1797 dato,
1206 1733 1306 1795 puncto
1324 1725 1347 1779 lt
1365 1725 1455 1794 144414
1473 1724 1587 1781 describi
1604 1726 1720 1796 possint,

372 1801 585 1870 quiadeeanguli
602 1801 733 1860 latuerat
752 1819 831 1863 arcus
849 1805 956 1860 minime
974 1813 1073 1873 potest.
1101 1805 1208 1874 Scripta
1225 1805 1298 1860 enim
1309 1805 1445 1875 tmangrrlo
1458 1814 1491 1860 -44
1508 1803 1719 1875 quinquennale,

373 1895 453 1936 44444
472 1882 684 1952 qmndeeangnli
701 1897 750 1952 per
767 1882 893 1939 accidens
911 1883 981 1938 ultro
999 1883 1113 1938 resultat
1130 1889 1159 1938 et
1174 1884 1203 1938 14
1213 1891 1307 1952 partes
1323 1883 1418 1938 4144411
1439 1883 1520 1953 longe
1537 1883 1604 1938 alias
1622 1881 1719 1938 444414.

374 1961 441 2014 item
459 1967 614 2017 ceterarum
630 1963 747 2030 partium
758 1967 849 2016 rectae
866 1960 941 2031 prius
959 1962 1094 2018 habentur
1112 1978 1193 2032 quam
1210 1976 1298 2016 orons.
1328 1963 1416 2017 44444
1434 1959 1505 2016 enirn
1522 1976 1557 2016 44
1573 1969 1655 2018 recta
1685 1961 1722 2022 a:

374 2037 588 2108 qoindeeanguli
606 2047 683 2094 recta
701 2039 833 2096 subtensa
847 2039 964 2096 babetur
981 2057 1016 2098 44
1034 2058 1099 2098 arcu
1124 2050 1151 2096 44
1167 2049 1317 2111 postcom.
1353 2043 1385 2095 14
1402 2057 1519 2096 summa:
1542 2055 1621 2094 44444
1641 2042 1672 2096 ib
1690 2039 1722 2096 44

374 2117 391 2172 a
409 2159 417 2171 .
434 2119 461 2171 b.
501 2117 598 2185 Itaque
616 2117 861 2186 quindecaugulum
878 2133 932 2171 non
951 2126 993 2172 est
1011 2119 1172 2188 suiipsius,
1190 2120 1240 2176 444
1256 2121 1355 2190 partim
1372 2111 1511 2189 4414444411,
1530 2119 1627 2188 partim
1645 2117 1721 2186 4414·

375 2193 515 2266 44444411.
553 2197 657 2266 Scitur,
676 2211 732 2250 non
749 2203 882 2266 44444444
900 2196 988 2266 ipsum
1007 2205 1049 2252 ert
1065 2198 1157 2267 aliqua
1175 2199 1271 2270 figura,
1296 2191 1344 2254 se'd
1360 2206 1494 2267 quatenns
1511 2203 1554 2252 ast
1571 2193 1722 2251 differentia

376 2273 494 2329 duarum
512 2273 668 2342 figurarum.

465 2349 511 2408 114
535 2348 592 2408 bac
615 2351 700 2409 unica
721 2348 887 2424 obiectione
909 2349 1030 2427 ejusque
1053 2349 1199 2412 solutione
1220 2357 1310 2429 patet,
1334 2349 1392 2411 duo
1409 2352 1559 2429 superiora
1573 2349 1721 2409 44144444

374 2435 464 2512 4441ο
489 2435 640 2495 limitatius
661 2435 852 2511 informanda,
876 2435 992 2512 adJ‘eeta
1015 2437 1340 2516 particulaproprie,
1364 2455 1440 2514 quae
1455 2441 1529 2498 inter
1544 2437 1626 2495 initia
1650 2432 1723 2494 eon-⁴

376 2525 522 2584 lusionem
544 2531 608 2583 erat
628 2527 768 2600 paritura,
792 2527 892 2600 itaque
914 2526 1046 2584 omittere
1069 2524 1149 2585 illam
1164 2527 1253 2602 volui,
1277 2527 1446 2603 praesertim
1466 2544 1532 2586 cum
1547 2526 1633 2583 unica
1649 2523 1722 2582 baec

376 2613 413 2668 sit
434 2611 574 2686 objectio.
619 2609 653 2669 ln
671 2611 782 2670 'ceteris
806 2611 939 2672 omnibus
962 2609 1062 2671 valent
1083 2616 1235 2690 oppositae
1252 2631 1339 2674 voees
1361 2615 1566 2692 geometricum
1582 2620 1612 2671 et
1632 2606 1720 2690 dyen-

376 2719 527 2776 perporo:
572 2695 737 2758 Notandum
767 2714 836 2757 vero
865 2707 923 2772 cst,
945 2716 993 2776 ge
1003 2703 1154 2760 metricum
1184 2718 1250 2763 esse
1277 2701 1325 2760 irie
1352 2719 1408 2760 non
1439 2707 1551 2761 tentum
1579 2722 1612 2760 rc
1635 2693 1722 2779 ῥητοι
1761 2714 1766 2728 ’

378 2807 456 2860 pnes:
481 2784 529 2844 vel
552 2791 683 2860 durana,
713 2783 765 2845 sed
788 2788 876 2844 etiam
907 2807 940 2846 ro
962 2783 1067 2866 dloyor
1090 2787 1211 2863 ejusque
1235 2787 1360 2848 infinitas
1389 2791 1503 2864 speeies
1524 2804 1559 2846 er
1582 2784 1655 2845 libro
1678 2783 1720 2844 X.

380 2870 509 2930 Euclidis
537 2870 752 2949 propagandas
798 2871 922 2946 Contra,
953 2875 1007 2933 etsi
1031 2891 1105 2950 quac
1136 2882 1203 2935 sunt
1224 2869 1439 2955 (1444444444,
1472 2892 1507 2935 44
1535 2880 1603 2933 4444
1632 2873 1721 2933 etiam

378 2954 485 3038 diepa,
508 2967 606 3018 444444
628 2957 721 3041 dloyc
751 2961 805 3017 nisi
828 2961 857 3034 14
879 2957 942 3018 1444
964 2960 1129 3037 significatu
1157 2961 1214 3022 diei
1237 2979 1295 3021 non
1318 2961 1488 3023 debuerunt.
1531 2959 1606 3019 Nam
1633 2956 1722 3036 plane
1750 3034 1754 3048 μ

378 3043 460 3106 44114
482 3053 527 3105 est
549 3067 606 3106 ror:
626 3043 850 3125 dyempcrpncus
871 3042 915 3127 (ut
937 3047 1035 3108 lateris
1058 3047 1232 3127 septanguli,
1255 3046 1422 3126 nonangu'li,
1442 3046 1645 3124 undecanguli,
1661 3055 1722 3108 tra-

379 3130 546 3210 dceanguli)
567 3135 702 3212 seientia,
734 3149 793 3193 non
820 3141 932 3192 tanturn
963 3133 1079 3196 delectu
1106 3145 1222 3197 nostrae
1245 3137 1381 3218 notitiaef,
1413 3135 1577 3196 sedetiam
1607 3133 1722 3194 delectu

378 3221 475 3296 ipsius
497 3228 619 3281 naturae
641 3235 734 3281 rernm
756 3224 1004 3297 geometricorum.

466 3306 505 3366 Et
526 3307 693 3380 notandum,
717 3305 804 3384 quod
818 3308 890 3367 baec
911 3304 1110 3388 4144444444
1135 3309 1310 3370 insolidum
1336 3317 1508 3388 respuantur
1530 3309 1568 3370 ab
1590 3309 1718 3383 auribus,

380 3393 566 3470 quindecima
596 3409 663 3455 vero
691 3413 758 3471 pars
787 3394 883 3454 circuli
908 3413 965 3456 non
995 3399 1023 3456 14
1046 3396 1186 3470 solidum,
1218 3400 1287 3474 quia
1313 3413 1407 3475 44444
1430 3395 1644 3476 ἀγεωμετρηπος
1665 3405 1719 3470 ott,
1786 3401 1792 3417 '

379 3480 432 3540 sed
454 3485 662 3558 geometricam
685 3479 765 3558 (lieet
788 3485 972 3560 impropriam
994 3492 1024 3543 et
1039 3483 1207 3560 longissima
1221 3487 1357 3562 petitam)
1378 3486 1599 3561 descriptionem
1622 3483 1720 3543 babet.

380 3567 446 3627 Hoc
469 3579 568 3628 autem
590 3570 721 3645 probabo
744 3586 778 3628 ex
802 3571 970 3647 anticipato.
1014 3570 1093 3630 Intra
1116 3573 1193 3631 enim
1215 3572 1392 3646 ostendetur,
1416 3582 1528 3649 partem
1545 3570 1720 3631 sedecimam

380 3671 447 3714 cum
470 3663 534 3714 toto
557 3659 731 3718 constituere
755 3663 880 3732 quatuor
903 3665 1032 3732 octavas,
1055 3661 1117 3718 sive
1139 3681 1270 3737 4444444
1288 3665 1336 3720 dre
1355 3681 1464 3721 acroma.
1504 3657 1563 3719 Sed
1586 3655 1628 3743 {5¹}
1649 3674 1721 3735 pro·

382 3742 986 3826 4441444444444114414414411144444,
1010 3745 1192 3830 et¹3sunt
1218 3747 1496 3823 quatuoroctavee.
1540 3745 1617 3822 Ergo
1648 3745 1740 3824 sub-¹

380 3815 523 3889 tinctione
545 3833 702 3904 (eternam)
721 3829 855 3910 iacta,¹
828 3871 870 3916 Π
900 3840 945 3893 444
967 3833 1151 3893 intervalium
1182 3855 1312 3912 terpora
1338 3838 1385 3895 dra
1407 3852 1507 3896 neom:
1539 3834 1635 3893 minua
1661 3848 1720 3892 uno

380 3917 546 3977 semitonio.
591 3915 682 3989 Porro
705 3924 817 3978 tantum
839 3919 931 3992 abest,
956 3927 992 3979 nt
1002 3919 1226 3980 discordantiam
1248 3923 1334 3981 unius
1349 3923 1494 3982 semitonii
1511 3919 1625 4000 lugiant
1639 3936 1721 4002 conr·

380 4007 525 4082 poniatac,
548 4009 588 4063 nt
597 4007 708 4082 potius,
732 4007 756 4064 si
778 4005 884 4066 hane·
875 4007 947 4083 rpsis
962 4005 1187 4100 discordantiam
1203 4010 1317 4086 eripias,
1341 4025 1455 4072 omnem
1472 4016 1573 4070 cantus
1587 3993 1720 4086 gratiam,

380 4093 553 4170 praesertim
575 4091 727 4168 pathetici,
751 4100 900 4170 erepturus
922 4095 970 4155 sis.

468 4179 545 4240 Ecce
567 4196 655 4257 quem
676 4192 810 4241 accurate
834 4181 949 4258 depicta
971 4183 1009 4241 sit
1030 4181 1163 4248 14444444
1186 4183 1216 4242 in
1237 4183 1461 4260 quindecangull
1475 4149 1721 4244 demonstratione

382 4265 579 4326 accidentaria
600 4275 688 4343 44444
710 4268 947 4329 extraordinaria.
993 4269 1029 4328 Et
1049 4269 1123 4330 haee
1144 4268 1183 4329 ad
1205 4271 1427 4347 explicationem
1449 4271 1488 4338 Il
1514 4269 1618 4332 44111
1636 4271 1721 4330 axio·

382 4356 479 4413 11114114.

468 4439 522 4500 1v.
546 4441 704 4500 Axloma
727 4440 842 4500 videtur
857 4461 875 4501 a
890 4407 1034 4502 communi
1048 4423 1151 4502 notitia
1167 4443 1382 4505 accersendum.
1419 4442 1554 4505 Nondum
1575 4443 1651 4502 enim
1676 4445 1722 4502 vi-

381 4527 449 4588 dere
474 4529 574 4604 potui,
596 4529 646 4604 441
680 4526 869 4588 demonstrari
892 4531 997 4608 possit:
1031 4534 1057 4588 si
1079 4539 1158 4590 totus
1186 4531 1340 4592 circulus·
1332 4551 1361 4590 :n
1383 4530 1440 4594 duo
1463 4531 1550 4590 abeat
1571 4539 1723 4605 segmenta

383 4616 509 4675 indicem
533 4614 746 4688 concordantia,
769 4632 890 4692 quorum
912 4634 1002 4677 unum
1024 4616 1183 4688 concordet
1203 4623 1268 4695 com
1290 4627 1361 4694 toto,
1384 4619 1526 4695 reliquum
1547 4619 1635 4676 etiam
1658 4634 1724 4678 oum

381 4711 446 4763 toto
470 4702 657 4761 consonabit:
681 4710 711 4762 et
733 4705 756 4761 si
780 4719 848 4780 ergo
872 4707 960 4765 totius
983 4713 1135 4782 segmenta
1156 4722 1221 4766 cum
1243 4715 1305 4768 toto
1320 4705 1437 4784 singula
1452 4703 1636 4781 corrcordant,
1659 4707 1726 4782 ipsa

384 4793 461 4850 inter
482 4807 515 4850 se
538 4790 723 4852 conomosnt.

472 4875 564 4936 Parce
585 4875 697 4954 144444,
720 4871 930 4956 stepponem:
953 4895 1011 4937 non
1034 4877 1108 4952 dieo,
1133 4894 1323 4955 4444444444
1339 4876 1397 4939 444
1420 4895 1486 4938 enm
1500 4882 1585 4939 tertlo
1602 4895 1724 4938 coneor-

384 4963 465 5034 4441,
488 4966 564 5024 14444
585 4981 616 5024 44
639 4962 830 5024 concordant:
852 4965 905 5024 sed
926 4965 1002 5026 addo
1025 4969 1198 5037 cautionem,
1221 4973 1255 5024 ut
1276 4967 1419 5025 extribus
1443 4967 1501 5025 dno
1516 4975 1641 5043 aequent
1664 4973 1724 5024 ter-

384 5057 468 5125 tium,
497 5067 551 5128 nce
574 5046 686 5112 tant'mn
715 5059 856 5128 aequent,
887 5052 940 5114 sed
962 5061 995 5112 nt
1015 5055 1131 5111 tertium
1163 5054 1256 5130 ipsum
1287 5060 1458 5114 constater
1482 5054 1604 5114 duobus.
1649 5051 1725 5114 Nam

385 5155 479 5219 acque
501 5140 530 5197 in
554 5137 619 5199 aliis
641 5140 769 5200 scientiis
792 5137 880 5214 valet,
902 5143 984 5202 utin
1004 5140 1086 5217 jure:
1114 5137 1258 5201 Henricns
1280 5142 1368 5204 irater
1389 5159 1471 5203 meus
1493 5147 1552 5216 cst,
1580 5130 1725 5200 Sabnldnr

439 5249 533 5304 tepor:
545 5247 619 5302 04444
632 5249 681 5308 11.Κ
1555 5239 1571 5297 3
