4467 6192
555 656 618 718 soa
938 639 1309 708 cenomanniam
1326 641 1503 700 rumonus

554 825 595 882 aio
612 823 694 880 etiam
710 821 756 878 bie
776 817 809 892 ¹1,
825 816 1030 887 estmultiplsa
1046 815 1222 888 semiduplae,
1240 816 1299 886 eins
1318 817 1422 874 scilicet
1439 815 1480 872 bis
1498 816 1589 888 dupla,
1607 816 1660 874 hoe
1677 829 1721 877 eat
1738 817 1889 888 qudrapia

555 903 646 970 Quare
662 901 688 957 si
707 898 738 970 ’1,
756 897 850 956 debuit
875 897 934 954 lieri
959 895 1046 964 maior
1070 896 1213 954 bmmonia
1230 895 1309 966 cubi,
1335 913 1385 968 per
1401 914 1480 969 prop.
1499 898 1532 965 7,
1559 895 1640 952 debet
1666 896 1749 967 igitur
1766 897 1844 952 etiam
1862 897 1891 967 ¹1,

555 980 614 1038 lieri
630 978 716 1048 maior
732 975 874 1033 barmosm
891 971 1011 1031 octatdri
1028 975 1078 1030 sui.

640 1071 857 1150 Propositio
881 1067 970 1130 xm.
1015 1066 1103 1125 Josis
1136 1076 1165 1126 et
1187 1067 1290 1130 llartis
1320 1070 1456 1130 extremis
1478 1070 1606 1129 ructibus
1630 1067 1809 1128 debebantur
1829 1065 1894 1126 bar·

554 1161 679 1232 mentae,
701 1160 796 1235 major
816 1155 934 1235 quidem
960 1149 1007 1234 ¹1„
1030 1154 1227 1233 trisdlapasou
1249 1158 1376 1231 circiter,
1400 1159 1493 1218 minor
1514 1173 1585 1217 vero
1608 1151 1677 1238 *lw
1699 1157 1787 1216 cerus
1806 1156 1894 1213 mium

555 1263 644 1327 supra
666 1245 863 1324 disdiapason.

641 1337 711 1394 lium
729 1337 794 1406 quia
811 1333 895 1390 cubus
913 1329 1025 1388 sortitus
1043 1338 1085 1386 est
1106 1330 1137 1404 ¹1,
1158 1339 1186 1388 ct
1205 1330 1249 1402 ¹1„
1275 1334 1415 1402 proportio
1441 1349 1504 1388 uero
1530 1331 1636 1388 mbium
1661 1331 1803 1394 tetrsedri,
1828 1329 1895 1402 quod

556 1421 599 1471 eet
622 1416 703 1472 situm
726 1416 798 1471 inter
819 1403 855 1492 ‘li
882 1419 910 1467 et
936 1412 979 1477 d,
1004 1411 1143 1466 nominata
1160 1411 1255 1482 tripla,
1273 1419 1316 1468 cet
1333 1412 1417 1481 dupla
1433 1413 1618 1484 proportionis
1637 1411 1739 1466 orbium
1758 1410 1833 1479 cubi,
1852 1424 1895 1464 no·

555 1495 672 1551 minatae
690 1491 869 1562 semitriplae:
896 1504 959 1559 erqo
977 1488 1228 1558 conveniensem,
1247 1497 1278 1546 u't
1296 1491 1378 1547 etiam
1396 1491 1533 1548 tetraedro
1552 1489 1821 1547 accommodarentur
1838 1505 1896 1559 pro·

556 1576 694 1646 portiones
712 1581 833 1631 motuum
851 1569 951 1640 duplae
968 1567 1175 1640 proportionum
1198 1569 1363 1624 cubicorum.
1398 1569 1468 1624 Sunt
1493 1576 1584 1625 autem
1601 1571 1719 1640 ipsarum
1737 1568 1846 1638 quidem
1866 1567 1894 1637 Ἰ,

556 1660 585 1710 ει
604 1654 636 1727 ’1,
654 1653 755 1725 duptsc
771 1649 960 1724 proportiones
977 1648 1043 1702 bac:
1073 1648 1104 1719 ⁸1,
1122 1655 1151 1703 ει
1171 1647 1211 1719 ¹1..
1246 1648 1407 1722 nt¹1,n0n
1425 1656 1467 1703 εει
1494 1649 1662 1718 harmonion,
1691 1656 1719 1704 ει
1738 1649 1771 1722 Ἰ,
1784 1645 1841 1718 jam
1859 1657 1899 1702 εει

557 1735 681 1791 absumta
697 1733 726 1788 in
743 1730 897 1786 octaidron.
914 1726 1027 1783 Vicinus
1043 1726 1128 1797 ipitur
1144 1727 1300 1784 barmoniae
1318 1729 1362 1783 bis
1379 1727 1601 1798 proportionibus
1618 1727 1729 1784 luerunt
1745 1726 1897 1796 suendae

556 1827 607 1883 per
622 1827 667 1868 aa.
687 1815 709 1868 1.
746 1810 815 1865 Sunt
831 1822 896 1863 raro
913 1808 1028 1878 primurn
1046 1806 1099 1875 ipsi
1120 1807 1151 1878 ¹1,
1169 1807 1288 1863 vicinae:
1307 1808 1394 1862 minor
1414 1808 1448 1880 ¹1,
1466 1815 1494 1862 et
1511 1806 1597 1875 major
1617 1806 1671 1875 ¹1„
1695 1808 1770 1863 Inter
1787 1806 1838 1861 bas
1856 1805 1898 1860 de·

556 1887 656 1947 lectum
672 1890 741 1946 iacit
755 1888 881 1957 counrado
899 1902 961 1943 eum
976 1885 1132 1956 mansore,
1149 1885 1194 1942 cui
1211 1886 1280 1942 nibil
1297 1894 1341 1942 cst
1358 1901 1499 1943 commuue
1516 1901 1579 1941 oum
1595 1892 1756 1954 pentagono,
1775 1900 1836 1940 eum
1857 1884 1899 1954 ¹1„
1975 1903 1976 1916 ι

558 1969 594 2024 sit
611 1977 702 2024 sectae
719 1966 929 2038 pentagonicac,
954 1964 1041 2032 major
1059 1978 1123 2019 vero
1141 1965 1279 2020 tctraedro
1297 1967 1423 2034 cognatio
1441 1971 1484 2021 εει
1500 1981 1561 2021 curn
1583 1964 1615 2037 ¹1,
1632 1965 1722 2022 multia
1741 1965 1899 2032 nominibus,
1975 1989 1976 2000 ι

557 2063 628 2116 quaa
645 2046 754 2115 requiro
771 2060 806 2099 ex
822 2057 883 2112 cap.
901 2041 925 2098 2
961 2041 1101 2111 Amplius:
1119 2059 1169 2112 pro
1190 2043 1222 2115 Ἰ,
1239 2042 1306 2098 lacit
1329 2051 1357 2098 st
1375 2043 1435 2110 boc,
1455 2043 1542 2113 quod,
1568 2044 1793 2116 quemadmodum
1815 2045 1844 2116 ¹1,
1862 2053 1898 2098 εει

556 2126 644 2195 major
661 2125 725 2182 aubi
740 2132 769 2182 et
789 2122 822 2195 Ἰ,
839 2122 925 2191 maior
938 2121 1075 2192 ,octaedri,
1093 2123 1159 2191 quia
1176 2128 1241 2179 aunt
1258 2123 1465 2193 proportionum
1481 2125 1552 2180 inter
1573 2124 1654 2184 orbes
1670 2123 1798 2194 figurales
1816 2124 1899 2178 multi

557 2204 658 2276 plicae,
686 2204 822 2260 siendum
844 2200 953 2273 ιΙ,1ἰει·ἰ
974 2200 1068 2255 debuit
1090 2201 1176 2269 major
1199 2201 1342 2270 tetraidri,
1370 2199 1434 2272 quia
1450 2209 1482 2256 ut
1505 2202 1589 2270 brrjus
1606 2217 1708 2275 eorpus,
1722 2211 1764 2256 est
1781 2201 1899 2270 inscripti

556 2283 612 2340 ribi
631 2281 752 2341 aotaddri
769 2281 889 2351 duplum,
907 2287 939 2335 ut
956 2278 1057 2336 dictum
1076 2295 1136 2351 cap·
1154 2282 1178 2349 1,
1197 2280 1236 2340 tic
1254 2281 1337 2338 ctiam
1354 2279 1537 2352 proportionis
1556 2283 1639 2352 hrq’ua
1656 2278 1834 2336 tetretdricae
1851 2287 1900 2331 ter·

556 2362 645 2416 minus
662 2362 679 2417 8
697 2365 740 2415 εει
757 2357 926 2416 octatdrime
943 2359 1126 2428 proportionis
1144 2359 1250 2414 termini
1268 2359 1285 2414 4
1304 2359 1413 2430 duplus.
1432 2360 1565 2430 Amplius,
1584 2361 1655 2418 sicut
1672 2359 1711 2429 ⁸12,
1728 2359 1816 2414 minor
1833 2355 1900 2422 cubi,

556 2450 599 2495 est
616 2456 704 2507 unum,
717 2441 861 2510 diapason,
880 2444 908 2493 ει
928 2437 969 2509 ¹1„
985 2435 1073 2505 major
1090 2436 1216 2506 octaedri,
1236 2443 1279 2492 εει
1297 2435 1352 2492 duo
1370 2435 1509 2508 diapason,
1528 2437 1568 2494 sio
1581 2437 1639 2508 jam
1662 2437 1701 2508 ¹1„
1719 2437 1806 2508 major
1822 2441 1900 2490 tetra·

558 2517 624 2590 sort,
642 2518 736 2574 debuit
751 2518 811 2574 lieri
828 2517 880 2573 tris
906 2515 1046 2588 diapason.
1081 2515 1166 2572 Plura
1190 2523 1280 2572 autem
1303 2517 1435 2588 diapason
1456 2515 1625 2574 debebantur
1650 2517 1714 2572 buia
1740 2531 1821 2587 quam
1844 2515 1901 2580 illis,

558 2597 620 2668 quia
638 2614 699 2652 cum
716 2597 855 2654 harmonia
872 2594 960 2650 minor
976 2595 1138 2650 tetraddrioa
1155 2596 1309 2652 necessario
1334 2597 1370 2651 sit
1389 2597 1506 2652 omnium
1525 2597 1656 2652 minorum
1679 2597 1707 2651 in
1725 2595 1821 2651 ceteris
1839 2593 1901 2666 dnn·
1975 2591 1976 2654 ]

556 2675 594 2731 ris
619 2676 736 2730 maxima
762 2677 872 2748 (quippe
899 2683 926 2731 ct
952 2671 1056 2730 orbium
1079 2676 1305 2733 tetreedrioorum
1327 2674 1466 2747 proportio
1486 2683 1528 2732 est
1546 2675 1663 2730 omnium
1682 2673 1836 2746 figuralium
1851 2687 1901 2726 ma·
1975 2681 1976 2738 i

556 2756 653 2825 ximat:
678 2755 819 2816 harmonia
836 2755 918 2811 etiam
936 2754 1023 2823 maior
1039 2754 1203 2810 tetrsedrica
1230 2753 1323 2811 debuit
1344 2756 1459 2825 majores
1478 2765 1629 2812 ceterorum
1648 2767 1777 2823 superare
1795 2767 1901 2807 numero
1974 2783 1976 2838 4

556 2834 677 2904 ipsarum
694 2833 833 2903 diapason.
866 2833 957 2890 llubct
974 2833 1091 2903 denique
1107 2834 1242 2888 ternarius
1259 2833 1462 2890 intervallorum
1474 2835 1605 2903 diapason
1624 2831 1833 2887 familiaritatem
1846 2846 1901 2886 eum
1974 2839 1976 2886 l

556 2912 691 2984 trigonies
709 2913 801 2982 specie
817 2913 955 2982 tetratdri,
972 2915 1057 2970 babet
1073 2914 1268 2984 perfectionem
1281 2913 1427 2987 quandam,
1446 2914 1595 2970 secuudum
1613 2912 1695 2968 illud:
1714 2927 1794 2967 omne
1808 2911 1901 2966 trium
1975 2907 1976 2962 ὲ

560 2989 728 3062 perlectum
757 3007 819 3047 cum
837 2993 918 3048 etlam
936 2994 1104 3064 octonarius,
1131 2994 1190 3062 ejus
1215 2993 1359 3062 temnimus,
1385 2995 1420 3051 sit
1438 2994 1540 3064 primns
1558 2992 1715 3048 cubicorum
1734 3004 1901 3046 numerorum
1974 2965 1976 3067 i

559 3070 723 3142 quantitatis
739 3070 886 3141 perlectae,
903 3071 984 3127 mun
1002 3086 1039 3127 sc.
1056 3073 1264 3129 dimensionum.
1974 3127 1975 3132 ,

645 3149 703 3221 ipsi
722 3148 756 3219 ¹1,
773 3164 823 3205 sen
839 3150 892 3222 ⁰1„
908 3151 1011 3205 mdnse
1028 3159 1094 3207 suut
1109 3150 1275 3216 barmoniae,
1291 3151 1380 3221 mutor
1396 3150 1504 3220 quidem
1523 3150 1584 3222 ⁵12„
1602 3150 1691 3205 minor
1707 3165 1771 3205 vero
1791 3148 1842 3220 ⁸1„
1857 3163 1901 3202 ssa
1974 3207 1975 3214 ,

557 3229 615 3300 0,,
649 3229 769 3284 Rursum
786 3235 879 3285 numm
897 3228 946 3300 ³1„
964 3235 1008 3285 est
1023 3238 1114 3287 εεειεε
1132 3232 1340 3302 pentaponloue,
1368 3231 1412 3287 oui
1437 3247 1499 3286 enm
1516 3229 1655 3286 tstrsbdro
1681 3227 1749 3284 nibil
1767 3241 1902 3284 commune

557 3317 608 3363 ssa
645 3309 687 3363 Aa
700 3306 748 3378 ⁵1„
765 3314 878 3377 propter
894 3323 1021 3364 numeros
1038 3310 1056 3364 3
1074 3317 1103 3364 ca
1119 3311 1137 3373 l
1154 3318 1279 3379 (quornm
1297 3308 1406 3366 soboles
1425 3307 1677 3378 suntnumer112‚
1703 3307 1748 3371 14)
1769 3306 1900 3364 antimi

556 3395 642 3444 tatem
659 3387 745 3442 babet
840 3387 987 3444 tetraedro.
1004 3388 1074 3445 liam
1092 3389 1194 3446 alteros
1212 3389 1343 3444 terminos
1360 3389 1488 3460 minores,
1506 3391 1571 3445 soi
1589 3395 1618 3443 et
1634 3387 1660 3456 3,
1676 3386 1720 3440 bic
1737 3385 1901 3455 negligimus,

557 3466 623 3537 quia
640 3480 734 3521 eorum
751 3464 902 3520 larissinma
927 3466 1097 3537 cognationis
1114 3468 1216 3539 pradtm
1233 3477 1278 3525 est
1294 3485 1356 3524 cum
1373 3467 1476 3536 figuris,
1493 3475 1524 3522 ut
1540 3467 1632 3522 uidere
1649 3471 1693 3521 est
1710 3481 1770 3534 cap.
1784 3463 1808 3520 2.
1826 3464 1901 3518 rna

556 3553 635 3600 terea
651 3544 756 3600 orbiu
773 3545 904 3601 temssdri
919 3547 1060 3617 proportio
1076 3547 1160 3616 tripla
1178 3555 1233 3619 est;
1258 3553 1336 3603 tanta
1353 3563 1417 3602 uero
1435 3547 1518 3621 dpbet
1542 3561 1606 3602 essa
1631 3552 1659 3599 et
1685 3542 1899 3616 converguntinm

556 3624 763 3680 intervallorum
778 3625 918 3694 proportio
934 3624 1050 3696 circiter,
1068 3640 1118 3696 par
1134 3643 1178 3682 sm
1197 3629 1221 3683 2.
1258 3627 1343 3697 atqui
1360 3643 1410 3698 per
1427 3643 1486 3696 aap.
1503 3628 1529 3683 3.
1547 3625 1688 3695 proportio
1706 3631 1827 3678 motuum
1844 3637 1902 3676 cou-

557 3703 727 3773 rarpentinrn
744 3701 945 3773 appropinquat
959 3717 1070 3758 mersae
1087 3703 1283 3774 sesquialterae
1300 3704 1513 3771 intervallorum,
1532 3703 1712 3773 sesquialtera
1728 3717 1794 3757 raro
1811 3699 1902 3769 triplae

557 3791 603 3838 est
618 3783 692 3837 inter
707 3783 779 3838 1000
795 3787 825 3835 ct
841 3781 892 3836 190
910 3782 1027 3844 circiter.
1062 3782 1190 3851 Qualia
1217 3784 1300 3852 igitur
1324 3785 1448 3855 aphelins
1465 3785 1563 3840 Martis
1581 3791 1671 3838 motus
1689 3786 1732 3836 cat
1751 3781 1831 3849 1000,
1856 3776 1903 3834 erit

557 3858 635 3916 doris
652 3860 741 3930 maior
756 3875 838 3930 qnam
855 3861 907 3916 103
922 3858 1023 3932 pauld,
1039 3862 1129 3918 minor
1145 3877 1227 3932 qnam
1245 3864 1310 3931 3³³,
1336 3864 1419 3920 tertia
1435 3863 1509 3919 illius
1526 3879 1600 3934 pars,
1618 3861 1713 3918 multo.
1748 3859 1810 3916 Non
1826 3859 1903 3928 igitar

557 3937 699 3996 barmonla
718 3940 779 4012 ²⁰1„
805 3940 859 3998 boc
875 3949 920 3997 eet
939 3940 1048 4012 mim,
1066 3941 1115 3998 sad
1130 3940 1273 3998 barmonia
1291 3941 1351 4015 ²⁴1„
1377 3942 1430 3999 hoc
1447 3950 1491 3999 est
1512 3943 1611 4016 ml„
1629 3941 1720 4010 locum
1736 3937 1820 3994 habet
1836 3937 1903 3992 inter

557 4025 755 4088 maroneum
771 4020 848 4077 doris
866 4029 895 4077 et
911 4021 1016 4080 biantis.

644 4111 856 4192 Propositlo
871 4113 958 4174 XIV.
1003 4113 1137 4174 blotuum
1153 4113 1257 4174 Martis
1279 4123 1472 4178 extremorum
1495 4116 1612 4194 propria
1635 4113 1786 4193 proportio
1809 4107 1902 4170 debuit

557 4197 622 4258 deri
642 4199 738 4278 major
759 4218 848 4280 quum
872 4200 1052 4263 diatessaron
1077 4197 1131 4283 ³l4,
1155 4209 1184 4262 et
1206 4203 1319 4265 circiter
1341 4199 1420 4286 ¹⁸12„

629 4281 690 4338 Sint
708 4283 778 4339 enim
797 4284 936 4354 praecisus
950 4283 1007 4354 jam
1025 4282 1181 4339 barmoniae
1202 4283 1248 4356 ll„
1268 4293 1295 4342 et
1318 4286 1349 4359 ¹1,
1367 4301 1416 4344 scu
1433 4285 1495 4360 ³12„
1514 4285 1576 4340 Jovi
1593 4289 1621 4340 ει
1632 4283 1716 4338 Marti
1734 4283 1903 4336 communiter

555 4362 705 4418 attributae
723 4365 870 4435 (propib).
886 4360 982 4420 'Aufer
998 4361 1127 4418 minorem
1146 4363 1194 4436 ³1„
1212 4379 1228 4418 a
1245 4365 1348 4436 maiore
1367 4365 1423 4438 ³12„
1447 4371 1534 4421 restat
1552 4364 1595 4436 ³1„
1613 4377 1720 4418 summa
1736 4361 1901 4432 propriarum

559 4439 710 4511 utriusque.
746 4440 782 4498 At
798 4439 875 4498 iovis
893 4443 977 4499 solius
994 4441 1117 4513 propria,
1145 4457 1228 4512 supra
1247 4443 1358 4514 quidem
1384 4461 1462 4516 prop.
1481 4446 1524 4500 11.
1541 4443 1661 4509 inventa,
1691 4446 1734 4494 εει
1752 4440 1796 4512 ⁵1,
1829 4437 1902 4492 Hanc

558 4517 641 4589 igitur
659 4520 738 4578 aufer
755 4537 772 4576 a
789 4537 895 4578 summa
910 4521 1079 4592 propriarum
1098 4519 1145 4594 ⁸1„
1165 4521 1217 4578 boe
1235 4531 1278 4578 eet
1303 4523 1380 4579 aufer
1400 4523 1459 4596 “1³0
1477 4524 1512 4581 ab
1534 4521 1605 4591 'ls„‚
1627 4525 1715 4574 restat
1731 4515 1827 4574 Martis
1843 4527 1902 4584 prt-

558 4598 619 4668 pria
638 4597 710 4673 ¹⁸l„‚
739 4615 810 4670 quae
829 4606 872 4656 εει
894 4599 981 4668 major
1007 4613 1086 4670 quam
1107 4597 1292 4672 ¹⁸124scu³!,.
1327 4601 1389 4658 Fiet
1406 4610 1498 4658 autem
1524 4600 1614 4657 adhuc
1630 4597 1731 4668 major,
1758 4598 1847 4666 siper
1864 4609 1902 4648 ee·

558 4684 674 4746 quantes
691 4679 811 4735 rationes
828 4677 978 4757 communis
995 4679 1081 4749 major
1100 4677 1134 4753 ¹1,
1152 4689 1291 4750 augentur.

646 4765 865 4848 Propositio
887 4768 958 4834 XV.
1002 4767 1082 4832 Inter
1104 4779 1315 4849 converguntes
1337 4781 1434 4834 motus
1448 4733 1606 4835 Mertis'et
1619 4769 1757 4846 Telluris,
1781 4765 1901 4830 'l'elluris

560 4863 590 4916 et
611 4851 752 4932 Veneris,
781 4855 905 4919 Veneris
934 4866 964 4920 et
984 4857 1136 4934 ldercmii,
1167 4858 1381 4938 dispertiendae
1407 4859 1523 4922 fuerunt
1550 4858 1719 4920 barmoniae
1752 4850 1808 4940 ²1„
1840 4853 1901 4914 dlu-

562 4947 658 5021 pente,
681 4937 737 5025 ⁵10,
760 4952 844 5005 serta
866 4944 972 5022 mollis,
998 4941 1052 5029 ⁸1„
1075 4955 1160 5007 serta
1182 4945 1263 5022 dura,
1286 4965 1398 5025 eaequc
1420 4946 1477 5008 hoe
1499 4949 1565 5024 ipso
1589 4946 1700 5006 ordine.

566 5052 573 5060 ·
648 5035 719 5092 Nam
746 5034 933 5094 dodacabdron
959 5044 988 5093 et
1001 5037 1175 5108 lcosnedron,
1201 5038 1305 5110 figurae
1322 5039 1394 5094 inter
1410 5039 1539 5110 Martem,
1565 5037 1703 5094 Tedumm
1729 5041 1764 5092 et
1773 5033 1898 5091 vermem

560 5112 751 5185 interlucatae,
778 5112 914 5172 minimam
937 5113 1039 5173 babent
1053 5117 1258 5189 proportionem
1280 5118 1352 5175 inter
1375 5133 1439 5175 suos
1462 5115 1550 5189 orbos,
1573 5115 1803 5186 circumscriptum
1820 5120 1847 5168 et
1863 5111 1899 5168 iu·
