4467 6192
887 733 893 741 .
937 689 1080 761 Apologia.
1197 731 1200 740 .
1616 696 1678 755 tol

333 871 475 942 lloherle,
504 891 582 950 quae
608 872 685 932 hanc
706 873 794 931 nobis
822 870 1035 931 conlcsaionem
1063 876 1227 946 extorquet.
1267 867 1355 942 Quod
1378 885 1529 947 corporum
1553 871 1681 947 quinque

333 959 483 1035 quodlibet
503 969 647 1020 mammos·
668 978 705 1019 ca
725 960 805 1030 ullo,
834 965 985 1035 tunquam
1005 958 1086 1034 filius
1107 975 1144 1016 cc
1165 965 1266 1033 petre,
1297 957 1344 1015 vel
1364 960 1468 1015 minus
1499 975 1536 1016 ax
1557 961 1680 1031 melori,

332 1065 391 1114 uec
415 1051 596 1124 geometriae
617 1047 759 1124 figuratae
780 1056 1013 1106 consentaneum
1038 1053 1097 1117 eat,
1130 1061 1184 1104 nac
1214 1046 1286 1103 meis
1317 1045 1560 1104 enarrationibus.
1604 1044 1682 1105 Nam

333 1135 498 1194 muridron
521 1153 557 1194 er
580 1136 657 1195 cubo
679 1135 754 1194 sumi
778 1135 838 1192 dixi
861 1135 1052 1209 geometrice,
1083 1141 1224 1207 tanquam
1249 1132 1341 1191 Eram
1371 1149 1408 1190 er·
1431 1130 1562 1206 Adamo;
1594 1134 1682 1196 intel-

332 1222 397 1297 ligit
419 1222 653 1301 similitudinem,
676 1225 727 1299 qul
749 1223 893 1281 rationem
916 1219 1208 1296 inscriptionieillius
1225 1220 1265 1276 in'
1286 1219 1342 1278 hoc
1357 1218 1505 1295 intelligit.
1543 1219 1683 1283 Dodcca·

333 1309 422 1370 idrou
453 1327 524 1369 vcro
552 1329 589 1370 cx
617 1310 676 1369 illie
700 1309 834 1382 duobus,
865 1316 900 1368 ut
921 1307 1015 1366 lilium
1036 1324 1073 1366 cr
1096 1314 1221 1381 utruque
1253 1315 1373 1382 parente
1402 1309 1470 1364 oriri
1492 1306 1617 1383 largior,
1651 1317 1683 1368 ut
1808 1351 1813 1367 r

333 1414 390 1456 nou
423 1404 457 1455 ut
484 1400 588 1456 merua
618 1415 655 1458 ac
680 1399 804 1470 melori.
847 1395 923 1456 Nam
953 1396 1066 1453 ratione
1088 1394 1286 1468 figurationis,
1315 1393 1372 1452 hoc
1402 1402 1445 1452 cst
1476 1391 1681 1471 inscriptionis,

332 1484 428 1558 majna
456 1493 502 1542 cst
534 1484 735 1545 dodccaidron
757 1483 863 1556 .cuho,
896 1484 1046 1558 quantitas
1077 1497 1146 1539 vcro
1169 1480 1327 1558 figurarum
1359 1483 1388 1538 in
1411 1481 1519 1540 mundo
1544 1499 1607 1541 ⁴non
1638 1495 1682 1544 cst

333 1590 368 1630 cx
395 1570 586 1645 figuratione,
616 1571 669 1631 aed
698 1590 735 1631 cr
757 1572 933 1631 necessitate
963 1571 1059 1644 spatii.
1105 1566 1233 1626 Rursum
1265 1567 1421 1627 oclaiidron
1452 1574 1482 1626 et
1511 1571 1682 1630 lcoaaiidron

333 1660 447 1717 leminis
471 1662 566 1735 magia
587 1659 785 1720 assimilantur
807 1658 874 1718 cubi
897 1669 928 1717 ct
950 1654 1143 1728 dodecatdri,
1173 1655 1262 1731 quani
1284 1653 1378 1715 tillia·
1407 1654 1469 1714 Nec
1498 1662 1681 1733 propositum

332 1762 430 1805 mcum
459 1746 518 1804 luit
548 1764 726 1822 componere
755 1747 952 1805 bonnoniam
979 1761 1000 1801 u
1025 1744 1275 1818 proportionibus
1303 1759 1466 1818 munorum
1492 1748 1683 1820 regularium

334 1832 378 1891 od
399 1836 539 1892 invicem.
583 1833 776 1893 Harmoniam
798 1836 878 1894 enim
900 1839 1093 1906 componunt,
1121 1829 1178 1888 hoc
1201 1839 1246 1891 est
1274 1833 1455 1890 constituunt
1484 1830 1682 1892 biuitermiui

334 1923 534 1996 proportionis
557 1923 710 1997 probatae.
756 1922 797 1980 At
819 1922 1022 1996 proportiones
1045 1933 1198 1993 corporum
1219 1920 1460 1992 geometricorum
1483 1919 1608 1980 invicem
1625 1939 1682 1981 non

332 2008 409 2066 liunt
429 2009 501 2067 mihi
524 2012 639 2068 termini
661 2009 808 2068 ulterioris
830 2007 970 2081 alicujus,
1000 2007 1135 2062 nimirum
1158 2005 1345 2064 harmonicae
1367 2009 1580 2082 proportionis,
1613 2013 1683 2086 quia
1755 2021 1766 2030 ·

333 2098 408 2154 inter
430 2097 571 2154 terminos
592 2097 682 2156 hoece
703 2113 763 2154 nou
784 2097 894 2172 recipio
918 2096 972 2150 nisi
996 2101 1093 2150 motus
1124 2092 1218 2150 reales
1241 2093 1425 2169 planetarum
1448 2095 1576 2170 ipsorum
1600 2095 1682 2156 diur-

336 2199 401 2241 nos.
447 2182 506 2242 Sed
528 2182 585 2242 hoo
607 2184 754 2243 selamin
777 2200 808 2241 rc
830 2185 914 2249 ineat,
937 2179 1016 2256 quod
1035 2180 1098 2254 jam
1112 2196 1202 2254 supra
1217 2182 1325 2254 monui,
1351 2178 1510 2255 quodcum
1527 2193 1556 2242 et
1572 2183 1683 2258 figurae

334 2268 450 2328 aolidae
472 2259 606 2344 'singulae
629 2273 769 2330 interesse
791 2269 944 2328 debuerint
972 2269 1046 2325 inter
1068 2267 1152 2326 binos
1175 2268 1260 2327 orbes
1290 2275 1320 2326 et
1342 2267 1528 2330 harmonicae
1558 2288 1683 2348 propor-

336 2360 433 2416 tiouca
454 2357 589 2433 singulae
611 2360 686 2418 iuter
709 2358 794 2417 binos
815 2365 912 2416 motus
935 2357 965 2412 in
989 2353 1048 2415 illie
1069 2353 1204 2426 orbibus,
1237 2363 1378 2431 utraeque
1406 2358 1468 2415 suis
1489 2357 1620 2433 juribus,
1650 2368 1681 2420 ut

338 2446 428 2520 igitur
452 2445 527 2504 hauc
549 2445 608 2504 illia
630 2463 690 2505 una
712 2445 913 2504 habitantibus
935 2444 1011 2501 inter
1031 2457 1064 2500 se
1086 2444 1266 2516 conveniret,
1289 2445 1432 2519 principio
1452 2444 1518 2502 libri
1535 2445 1572 2506 V.
1596 2448 1683 2507 lami·

338 2530 453 2591 liariter
476 2530 579 2609 aliqua
600 2531 757 2593 conciliata
784 2534 840 2590 luit
860 2534 936 2588 inter
958 2528 1187 2588 cohabitaturaa.
1233 2527 1269 2589 Et
1297 2531 1373 2588 cubo
1404 2531 1522 2606 quidem
1553 2544 1684 2596 assertae

338 2628 408 2677 aunt
436 2616 473 2702 Ἰ,
496 2628 527 2679 et
554 2615 608 2702 7„
638 2638 696 2680 non
719 2618 800 2696 quod
823 2619 916 2679 cubus
945 2616 1011 2675 illua
1033 2623 1064 2674 et
1085 2618 1182 2690 pariat
1212 2625 1241 2676 at
1264 2617 1448 2678 harmonicae
1476 2621 1598 2694 alliciet,
1631 2623 1683 2683 aed

335 2709 407 2781 quia
429 2707 478 2765 rel
501 2709 585 2782 origo
608 2711 740 2784 utrisque
763 2715 899 2782 cognata,
923 2703 971 2762 vel
987 2705 1137 2780 quantitas
1158 2719 1211 2782 pro
1234 2721 1289 2764 usu
1304 2705 1400 2764 tuturo
1423 2712 1612 2783 conveniens,
1636 2712 1684 2770 vel

335 2793 490 2868 dignitatis
518 2799 725 2872 praerogative
752 2797 888 2869 utrinque
920 2809 995 2867 pene
1022 2789 1135 2856 cadem.
1181 2790 1284 2868 Neque
1310 2795 1444 2852 varietur
1471 2803 1610 2856 motuum
1636 2816 1684 2858 ac-

334 2883 538 2940 earrtrr‘corum
560 2883 831 2957 proportionaliter
851 2883 951 2940 entur
973 2895 1010 2937 cc
1027 2879 1278 2952 proportionibus
1297 2881 1488 2956 repulerimus
1503 2901 1682 2962 corporum

336 2967 505 3027 distinctius
533 2970 591 3028 iate
611 2982 681 3029 aunt
712 2967 872 3030 ell'creuda:
904 2967 995 3025 oritur
1024 2981 1095 3022 sane
1120 2968 1247 3025 varietas
1275 2967 1376 3043 aliqua
1403 2976 1534 3028 motuum
1558 2989 1683 3048 propor-

337 3055 488 3114 tionaliter
517 3073 552 3114 cr
581 3060 770 3134 proportione
798 3070 953 3131 corporum
977 3051 1154 3126 regularium
1182 3049 1252 3133 (non
1282 3054 1361 3127 sola,
1394 3055 1447 3115 aad
1477 3061 1589 3118 sociate
1617 3077 1683 3119 cum

337 3142 405 3202 aliia
429 3144 544 3215 caesia,
575 3145 742 3221 dequibus
769 3148 797 3202 in
822 3141 950 3218 Physica
972 3137 1102 3198 (loclesti
1130 3157 1183 3198 seu
1205 3141 1284 3217 Epit.
1308 3142 1426 3202 Astron.
1453 3142 1516 3203 libr.
1540 3146 1621 3226 Ν),
1653 3158 1684 3207 at

335 3229 410 3289 hacc
439 3231 568 3300 variatae
597 3236 704 3292 attinet
732 3240 829 3290 motus
857 3231 992 3288 hinorum
1020 3226 1204 3304 planetarum
1234 3231 1310 3288 inter
1332 3246 1364 3289 sc
1392 3241 1594 3308 comparatos,
1625 3251 1683 3294 non

335 3319 441 3376 attinet
463 3328 560 3375 motus
585 3318 718 3379 diversos
740 3320 826 3377 unius
850 3315 985 3393 planetae
1008 3315 1248 3386 accentricoqin
1271 3325 1411 3392 quantum
1435 3323 1597 3381 ecccntrici.

424 3403 562 3464 Vicissim
584 3406 637 3465 illa
660 3410 803 3476 varietas,
833 3421 909 3479 quus
933 3409 978 3461 eat
998 3403 1029 3458 ln
1050 3403 1180 3462 motibus
1203 3402 1327 3462 diversis
1351 3406 1437 3463 unius
1459 3406 1605 3484 planetae,
1630 3427 1684 3470 ne·

337 3508 488 3567 quaquam
509 3495 601 3551 oritur
623 3512 659 3552 ex
681 3495 869 3571 proportione
892 3505 1044 3568 corporum
1066 3489 1252 3566 regularium,
1276 3489 1328 3550 aad
1343 3494 1434 3552 oritur
1453 3512 1487 3552 er
1504 3497 1568 3572 ipsa
1582 3499 1685 3574 cnjus·

337 3596 395 3654 qua
431 3577 568 3656 planetae
600 3585 823 3642 ccceotricitate.
876 3577 940 3637 Nec
969 3591 1116 3652 compono
1148 3577 1326 3638 hermoniae
1354 3588 1482 3655 propter
1510 3583 1686 3654 huiuamodi

336 3668 534 3740 ceremon,
557 3665 609 3726 aed
633 3687 669 3728 ex
692 3668 748 3728 hac
771 3669 929 3738 varietata,
952 3663 982 3722 id
1006 3673 1110 3723 estex
1132 3667 1274 3737 motibus,
1308 3673 1431 3742 utraque
1454 3669 1490 3729 de
1514 3688 1604 3732 causa
1628 3673 1685 3732 dil-

334 3753 499 3812 lcrentibua
523 3757 552 3812 in
575 3755 738 3827 celeritate,
768 3764 967 3829 tanquamcx
988 3751 1120 3809 terminis
1143 3754 1357 3812 constituuntur
1381 3754 1427 3814 vel
1450 3757 1593 3818 resultant
1614 3777 1686 3836 pro·

335 3842 490 3917 portiones
513 3843 641 3917 eaedem,
666 3861 743 3919 quae
764 3849 833 3901 eunt
847 3847 885 3913 ,ct
907 3841 1164 3899 consonantiarum
1187 3843 1217 3897 in
1240 3840 1369 3901 humana
1384 3845 1503 3904 musica.
1551 3847 1685 3923 lienique

335 3930 426 3988 eliam
456 3927 505 3986 hic
534 3929 663 4004 lellcria,
695 3929 775 4006 quod
807 3927 942 4005 quamvis
973 3924 1047 3983 llbro
1069 3924 1124 3983 IV.
1145 3930 1357 4004 'proportiones
1387 3930 1456 3990 illae
1487 3933 1683 4007 harmonicae,

333 4032 414 4090 quae
444 4016 560 4090 augulis
589 4017 737 4077 radiorum
769 4015 929 4076 conciliant
958 4011 1136 4085 efficaciam,
1166 4015 1284 4073 omuino
1315 4015 1505 4079 desumuntur
1536 4039 1554 4080 a
1583 4021 1684 4098 liguria

333 4103 449 4178 plania,
472 4119 530 4160 non
555 4114 651 4165 teman
675 4108 738 4181 pari
760 4121 851 4180 passu
875 4100 1090 4178 proportiones,
1115 4117 1190 4176 quas
1214 4103 1288 4162 inter
1311 4103 1494 4181 planetarum
1516 4117 1613 4168 motus
1635 4111 1685 4168 in·

336 4191 417 4262 reni,
441 4189 592 4251 desumtac
614 4203 683 4251 aunt
705 4208 724 4251 a
746 4191 847 4266 liguria
868 4186 990 4259 solidia3
1019 4199 1118 4248 eaacut
1140 4191 1217 4248 enim
1240 4189 1315 4250 aliae
1346 4194 1410 4268 ipso
1434 4201 1499 4256 ortu
1523 4205 1552 4254 et
1574 4197 1685 4272 ligura-

333 4280 432 4348 tione,
461 4293 528 4335 cum
556 4287 654 4338 tamen
685 4280 822 4340 omnibus
852 4277 945 4335 tribua
968 4275 1003 4344 3,
1035 4277 1107 4337 4ct
1132 4278 1377 4353 bproportionca
1407 4279 1594 4342 harmonicae
1626 4287 1684 4342 sint

332 4363 459 4424 eaedem
480 4374 544 4423 ortu
569 4376 599 4426 et
621 4368 809 4437 formatione,
841 4366 897 4424 nisi
920 4359 1000 4438 quod
1029 4361 1089 4422 alia
1117 4362 1223 4424 deinde
1246 4368 1299 4424 sit.
1314 4367 1447 4441 supellex
1478 4372 1686 4430 coricinnorurn

332 4455 364 4510 iu
391 4453 431 4523 4,
463 4453 575 4517 aliarin
599 4456 618 4513 3
642 4463 672 4515 at
696 4456 724 4513 b.
772 4454 869 4528 Atque
897 4451 944 4508 hia
973 4449 1079 4509 iisdem
1108 4453 1336 4513 correctionibus
1368 4457 1440 4513 meis
1470 4460 1619 4516 summarii
1643 4461 1687 4517 tui

330 4539 431 4598 multa
451 4541 571 4616 iusuper
598 4540 664 4602 loca
686 4540 912 4616 comparationis
935 4543 1018 4610 luae,
1050 4555 1128 4614 quae
1158 4542 1290 4615 sequitur
1319 4559 1385 4616 pag.
1411 4543 1469 4615 38,
1502 4543 1597 4604 diluta
1620 4550 1684 4604 cri·

328 4627 435 4689 atimo.
480 4626 556 4686 Nam
579 4645 645 4688 cum
668 4631 796 4706 epitome
818 4635 887 4687 tuae
902 4624 1072 4686 harmoniae
1086 4625 1261 4699 mundanae,
1284 4637 1487 4703 praeterquam
1509 4630 1589 4707 quod
1606 4634 1687 4693 illam

328 4731 403 4774 cum
428 4712 561 4773 doctrina
584 4733 651 4775 mea
674 4716 856 4792 comparari,
879 4710 953 4772 nihil
976 4714 1046 4771 mihi
1070 4730 1155 4789 porro
1178 4723 1312 4789 superest
1333 4714 1452 4791 negotii.

426 4800 482 4862 Ad
505 4806 830 4878 comparationem
853 4809 918 4860 etc.
943 4813 1021 4874 pag.
1046 4795 1145 4878 38:⁵⁸)

424 4889 547 4949 Praeter
565 4890 629 4964 jam
652 4889 809 4967 dissipatas
830 4894 898 4947 tuas
922 4883 1125 4945 oblocutiones
1148 4886 1195 4944 hic
1218 4885 1306 4944 etlam
1329 4888 1588 4952 contradictionem
1612 4892 1683 4954 mihi

325 4977 508 5054 exprobras,
532 4977 611 5052 quod
634 4995 693 5036 uno
714 4978 783 5037 loco
805 4975 871 5034 libri
891 4979 952 5033 mei
970 4978 1023 5043 (iol.
1041 4977 1086 5043 82)
1113 4987 1252 5032 recenseo
1267 4977 1443 5036 sententium
1460 4978 1685 5057 Pythagoricae-

324 5083 402 5124 rum
422 5063 461 5124 de
485 5065 693 5141 hcorporlbua
713 5082 749 5127 er
764 5063 879 5139 vulgari
894 5061 1060 5135 traditione,
1082 5058 1143 5118 elio
1168 5059 1233 5119 lodo
1257 5065 1309 5134 (tol
1331 5067 1390 5134 121)
1419 5065 1510 5127 dubia
1532 5085 1603 5128 usus
1617 5087 1687 5130 ora.
