4467 6192
543 626 607 687 246
664 628 671 654 ¹
956 622 998 676 Da
1017 620 1282 692 configurationibus
1300 621 1478 680 Hemonicis.

543 800 690 877 diapente,
711 800 889 877 sesquadrus
910 809 1012 860 sextae
1034 800 1125 873 molli,
1149 799 1312 877 biqulntilis
1325 806 1426 859 sextas
1443 798 1543 873 durae,
1567 803 1720 877 oppositus
1734 800 1888 877 diapason;

542 891 613 963 quia
635 890 661 947 si
683 889 799 948 auleras
822 907 840 946 a
862 887 971 948 chorda
994 896 1056 948 tota
1078 895 1191 947 tantam
1214 890 1395 963 portionem,
1426 894 1567 962 quantam
1589 891 1755 964 portionem
1779 889 1815 949 de
1837 892 1891 948 cir-

543 976 609 1035 culo
632 975 727 1035 aufert
749 976 873 1051 quilibet
894 982 1047 1052 aspectus,
1078 975 1228 1035 residuum
1252 973 1378 1035 murdac
1407 975 1476 1032 iacit
1500 990 1564 1033 cum
1588 984 1651 1033 tota
1682 975 1766 1035 illam
1788 993 1890 1034 conso-

542 1064 687 1134 nantiam,
718 1080 796 1139 quae
817 1062 865 1121 hic
886 1062 1006 1122 cuilibet
1029 1060 1162 1139 aspectui
1186 1072 1231 1121 est
1253 1061 1410 1139 adscripta.
1457 1060 1530 1120 Cum
1560 1064 1648 1137 igitur
1679 1080 1819 1122 numerus
1843 1066 1891 1122 iste

541 1152 723 1227 septenarius
746 1146 1035 1224 concordantiaium,
1067 1169 1120 1210 seu
1143 1152 1242 1227 potius
1265 1152 1430 1207 sectionum
1453 1148 1703 1223 harmonicorum,
1734 1168 1811 1227 quas
1834 1154 1891 1209 sin-

542 1239 627 1314 gulas
649 1237 782 1315 singulae
805 1238 1030 1297 concordantiae
1053 1239 1127 1297 inira
1150 1238 1293 1314 diapason
1318 1238 1522 1311 insequuntur,
1545 1245 1640 1296 certos
1657 1242 1696 1296 sit
1719 1248 1748 1297 et
1771 1240 1891 1299 demon-

542 1326 693 1399 strativus,
715 1343 774 1384 uon
796 1328 894 1383 minua
915 1343 1004 1402 quam
1028 1332 1073 1385 cst
1088 1329 1117 1383 iu
1135 1327 1295 1399 geometria
1311 1339 1450 1383 numerus
1467 1326 1620 1400 quinarius
1636 1342 1789 1402 corporum
1808 1342 1893 1403 regu-

541 1413 655 1486 larium,
680 1422 712 1471 ιιι
732 1412 806 1471 libro
828 1412 883 1471 Ill.
908 1431 972 1489 cap.
997 1416 1027 1471 2.
1050 1417 1161 1490 patuit:
1188 1420 1268 1471 esset
1289 1413 1379 1486 igitur
1401 1413 1477 1470 ratio
1501 1410 1718 1471 demonstrandi
1743 1432 1892 1473 numerum

491 1508 497 1520 ⁶
542 1506 713 1578 aspectuum
741 1500 836 1560 lucilia
867 1507 898 1559 st
926 1500 1063 1577 expedita
1090 1519 1143 1578 per
1165 1509 1331 1577 susceptum
1362 1497 1418 1557 boo
1445 1502 1579 1573 axioma,
1612 1518 1665 1567 pcc
1694 1500 1799 1561 luisset
1822 1520 1892 1579 opus

531 1590 666 1664 ‘operoso
688 1591 746 1647 isto
768 1604 911 1647 uovorum
934 1591 1114 1647 axiomatum
1137 1588 1202 1647 libri
1225 1587 1278 1646 lV.
1301 1592 1456 1663 apparatu,

524 1694 528 1701 ·
627 1675 665 1735 Et
686 1692 758 1735 sanc
779 1677 805 1733 si
826 1676 1048 1734 observationes
1070 1674 1316 1751 meteorologicae
1339 1674 1409 1732 huic
1430 1674 1595 1748 septenario
1624 1683 1797 1749 aspectuum
1821 1677 1892 1737 luis-

541 1770 609 1820 seut
628 1763 805 1839 astipulatus
827 1781 863 1822 ex
886 1781 968 1835 asse,
991 1765 1206 1839 acquievissem
1230 1778 1285 1837 ego
1309 1764 1338 1817 in
1360 1778 1450 1836 supra
1472 1763 1568 1835 posito
1591 1763 1753 1836 axiomata,
1781 1782 1837 1823 nec
1859 1764 1892 1825 de

542 1851 592 1920 iis,
624 1867 700 1924 quac
732 1852 935 1909 sanationum
962 1851 1196 1909 harmonicarum
1227 1858 1291 1908 ortu
1323 1864 1419 1924 esque
1448 1848 1668 1924 motsrpbypicae
1690 1868 1799 1911 causae
1824 1870 1893 1911 con-

480 2000 483 2009 ,
542 1935 719 1996 sideratione
741 1945 878 2014 poterant
901 1938 1003 2014 objici,
1036 1937 1122 1997 valde
1145 1938 1265 1995 fuissem
1287 1935 1440 1994 sollicitae.
1486 1934 1545 1995 Sed
1568 1938 1639 2012 quia
1662 1940 1762 1997 crabro
1790 1939 1893 2017 depre-

541 2024 665 2085 hensum
689 2032 742 2096 est,
766 2033 898 2083 naturam
922 2026 1109 2085 sublunarem
1133 2024 1277 2085 stimulari
1300 2025 1419 2081 etiams
1434 2024 1598 2095 semisexto,
1624 2028 1673 2099 qui
1689 2025 1892 2086 duodecimam

541 2119 653 2188 partem
686 2112 784 2171 circuli
813 2114 972 2187 intercipit,
1006 2130 1072 2171 cum
1094 2121 1202 2186 tamen,
1227 2111 1327 2170 ablata
1349 2112 1483 2185 portione
1508 2109 1681 2171 duodecima
1713 2113 1748 2171 de
1775 2114 1891 2187 chorda,

541 2198 695 2261 residuum
720 2201 846 2277 partium
877 2198 1010 2260 undecim
1039 2218 1098 2260 nou
1131 2206 1272 2259 consonet
1300 2214 1367 2256 cum
1399 2204 1480 2269 tota,
1510 2206 1540 2257 et
1561 2201 1633 2275 quia
1655 2199 1762 2261 inlidae
1786 2202 1892 2279 depre-

540 2285 650 2345 bensae
672 2296 739 2345 sunt
764 2285 1013 2347 exstimulationca
1037 2296 1243 2365 tempestatum
1272 2302 1322 2363 par
1345 2283 1552 2361 sesquadrum,
1585 2288 1635 2363 qui
1659 2287 1813 2365 dispungit
1837 2298 1892 2347 tres

542 2380 663 2433 octavas
687 2373 800 2444 circuli,
825 2391 890 2432 cuns
914 2383 1019 2443 tameo,
1044 2375 1152 2434 ablatis
1175 2376 1268 2434 tribus
1291 2374 1412 2431 octavis.
1428 2371 1465 2431 de
1487 2372 1605 2445 chorda,
1628 2375 1777 2434 residuum
1803 2378 1822 2435 5
1846 2395 1894 2435 ou·

540 2469 674 2519 tanarum
699 2464 817 2520 omnino
840 2472 979 2521 consonet
1002 2480 1069 2521 cum
1091 2469 1155 2521 tota
1179 2464 1213 2535 8,
1238 2462 1307 2519 hino
1330 2466 1395 2518 orta
1417 2458 1488 2517 milri
1510 2459 1565 2518 luit
1587 2464 1765 2533 necessitas,
1790 2480 1893 2523 caussa

542 2545 692 2607 (ὶίιιιιιιιιι
715 2556 746 2607 ιι
767 2548 945 2608 diversitatis
974 2550 1063 2626 hujus
1091 2551 1149 2609 hoc
1171 2549 1225 2607 lV.
1248 2547 1322 2605 libro
1345 2545 1471 2605 rimandi
1503 2548 1682 2623 profundius.
1729 2548 1820 2623 Quod
1843 2554 1893 2611 atsi

542 2641 619 2695 recte
645 2643 796 2712 peractum
826 2645 856 2694 et
887 2654 992 2696 causas
1023 2639 1200 2697 clarissimas
1225 2642 1327 2695 'erutm
1351 2637 1499 2705 existimo,
1532 2652 1675 2694 summam
1698 2645 1799 2696 tamen
1832 2638 1895 2697 dis-

531 2724 703 2805 putationis
726 2726 817 2781 totins
838 2725 943 2783 iterato
966 2725 1114 2786 inculcare
1138 2741 1196 2783 non
1219 2724 1365 2793 nocuerit,
1387 2738 1454 2780 cum
1476 2720 1506 2779 id
1530 2724 1657 2797 requirat
1681 2726 1818 2785 instituta
1842 2726 1896 2785 hoo

459 2822 462 2831 ·
543 2809 609 2868 loco
632 2809 790 2887 explicatio
813 2828 929 2885 eorum,
952 2828 1030 2887 quse
1052 2815 1082 2869 in
1104 2810 1296 2889 praeambulo
1321 2808 1521 2883 Ephemeridis
1544 2812 1688 2869 concisius
1711 2820 1782 2870 suut
1808 2812 1894 2873 dicta.

629 2898 728 2958 Causa
750 2899 848 2975 igitur,
872 2914 922 2957 cur
936 2916 1004 2971 uon,
1029 2908 1102 2975 quot
1124 2909 1193 2959 sunt
1213 2901 1243 2957 in
1258 2898 1371 2955 musica
1386 2898 1530 2957 sectiones
1552 2894 1748 2967 harmonicae,
1774 2900 1895 2961 totidem

543 2984 632 3043 etiam
655 2988 713 3044 sint
735 2994 887 3062 aspectus,
921 2990 963 3045 uti
986 3004 1080 3063 usquc
1102 2987 1142 3047 ad
1164 3002 1274 3047 annum
1300 2982 1393 3041 1608.
1417 2982 1610 3057 credideram,
1635 2994 1679 3044 est
1701 2986 1791 3065 haee,
1823 2991 1896 3063 quic

541 3074 659 3131 musico
682 3076 846 3148 septenarii
867 3076 916 3132 sui
936 3078 1096 3151 principio
1116 3074 1271 3135 nonnulla
1294 3089 1330 3130 cx
1352 3073 1420 3145 ipsu
1441 3072 1619 3131 rectitudine
1641 3072 1771 3133 chordae
1793 3075 1895 3147 tradit,

542 3174 611 3218 οιιιιι
633 3162 778 3233 circulus,
808 3163 842 3219 ιἰι
865 3180 925 3236 quo
946 3171 1090 3223 notamus
1111 3171 1262 3239 aspectus,
1289 3162 1323 3217 in
1351 3174 1382 3215 se
1402 3161 1503 3233 ipsum
1525 3159 1641 3233 redeat,
1671 3178 1726 3219 uec
1745 3166 1844 3236 possit
1863 3170 1897 3221 ut

542 3263 579 3305 ea
603 3247 734 3308 chmdm
761 3250 803 3307 sic
835 3251 927 3307 edam
956 3269 992 3309 cu
1022 3250 1140 3311 zodiaci
1168 3248 1288 3309 auidus
1318 3246 1383 3322 ficri
1412 3246 1543 3305 circulus
1570 3248 1659 3310 odas.
1706 3248 1807 3307 Verba
1829 3258 1897 3308 sunt

542 3333 686 3393 dictorum
707 3333 935 3412 prolegomenon
963 3337 1014 3396 iol.
1039 3339 1098 3416 35,
1128 3354 1204 3413 quse
1233 3338 1276 3394 sic
1299 3331 1473 3409 explicanda
1499 3340 1576 3391 sunt.
1620 3334 1696 3395 Nam
1719 3344 1753 3393 ut
1775 3354 1842 3412 cap.
1867 3340 1895 3397 4.

543 3421 631 3495 hujus
653 3422 779 3495 dictum,
811 3422 897 3482 aliter
920 3426 1050 3483 emuntur
1073 3430 1219 3487 sectiones
1241 3422 1443 3493 harmonicae,
1474 3420 1558 3480 aliter
1585 3432 1738 3498 aspectus,
1768 3424 1838 3483 licet
1861 3442 1896 3482 ex

544 3507 647 3568 eodem
670 3510 779 3569 circulo
803 3511 934 3569 oriamur
954 3514 1079 3588 utrique.
1125 3512 1201 3571 Nam
1222 3510 1297 3569 libro
1313 3506 1368 3567 ΙΙΙ.
1391 3511 1433 3567 sio
1451 3516 1624 3584 comparata
1645 3518 1714 3569 sant
1736 3514 1895 3583 axiomata,
1918 3512 1920 3517 '

504 3638 508 3645 1
544 3604 577 3654 ut
598 3597 748 3671 quaelibet
770 3596 880 3656 chorda
901 3599 1086 3675 chordasque
1108 3618 1185 3675 pars,
1209 3615 1262 3657 seu
1277 3598 1367 3671 longa
1381 3612 1432 3655 scu
1448 3596 1555 3667 brevis,
1577 3598 1671 3673 possit
1686 3600 1791 3656 iterum
1816 3616 1896 3657 com·

542 3686 638 3759 parari
663 3686 716 3742 toti
739 3685 857 3758 circulo,
880 3703 939 3745 non
961 3690 1057 3746 minus
1080 3705 1169 3762 quam
1193 3694 1257 3745 tota
1279 3701 1329 3745 seu
1353 3684 1525 3763 longissima
1543 3683 1652 3743 chorda
1675 3684 1770 3744 eidem
1788 3686 1896 3745 circulo

544 3772 784 3846 comparabatur3
807 3782 838 3830 at
860 3773 916 3832 boo
937 3772 1012 3832 libro
1035 3774 1089 3832 IV.
1112 3792 1171 3834 non
1196 3772 1293 3850 potuit
1314 3788 1400 3831 arcus
1422 3771 1539 3841 circuli,
1571 3787 1623 3831 seu
1646 3772 1740 3847 major
1763 3776 1896 3832 semicir-

544 3857 611 3917 culo
634 3875 687 3917 seu
708 3862 819 3937 minor,
850 3864 1011 3937 comparari
1040 3866 1104 3921 toti.
1150 3863 1256 3921 Dicam
1286 3858 1408 3919 clarius:
1432 3864 1619 3934 quotcunque
1646 3860 1741 3919 modis
1770 3859 1897 3921 circulus

545 3943 685 4003 dividitur
709 3946 952 4022 demonstrativa,
982 3966 1082 4007 omnes
1104 3949 1150 4008 illi
1173 3948 1252 4008 modi
1274 3952 1399 4025 possunt
1420 3947 1567 4005 uanslcrri
1596 3949 1624 4003 in
1647 3946 1754 4007 lineam
1778 3958 1895 4017 rectam,

545 4030 603 4091 hoc
632 4044 678 4092 est
704 4034 842 4092 chordam
874 4037 999 4113 ejusque
1029 4045 1143 4113 partem
1175 4052 1390 4113 quamcunque.
1437 4035 1477 4091 At
1504 4049 1563 4092 non
1592 4036 1635 4093 sic
1657 4034 1765 4093 divisio
1797 4035 1897 4095 circuli

544 4120 635 4178 tonus
658 4119 903 4196 demonstrativa,
936 4125 1019 4183 uerbi
1042 4127 1184 4184 causalo
1207 4127 1264 4183 tria
1293 4130 1345 4181 sut
1367 4124 1398 4179 in
1420 4123 1566 4196 quinque,
1596 4128 1694 4197 potest
1716 4122 1785 4183 ideo
1809 4126 1896 4183 etiarn

545 4209 575 4265 in
597 4222 696 4267 arcum
724 4208 790 4283 ejus
813 4228 1016 4286 quemcunque
1045 4215 1211 4285 bassiani,
1237 4210 1317 4285 qued
1344 4210 1418 4268 satis
1445 4217 1490 4266 ost
1512 4207 1740 4268 demonstratum
1773 4212 1802 4268 in
1827 4228 1897 4285 pro·

544 4296 742 4371 positionibus
765 4297 875 4355 ultimis
897 4297 965 4356 libri
988 4300 1081 4375 primi.
1127 4302 1226 4360 Causa
1248 4306 1293 4359 est
1314 4298 1345 4353 iu
1367 4296 1472 4383 figura:
1497 4304 1576 4354 rocta
1592 4298 1669 4355 enim
1691 4302 1792 4357 manet
1807 4306 1894 4371 recta

543 4386 607 4442 sive
639 4390 787 4443 truncetur
807 4383 876 4443 'sive
905 4384 1112 4462 prolongatur,
1146 4396 1177 4448 at
1207 4385 1331 4447 circulus
1360 4392 1511 4441 uuucatus
1542 4388 1599 4441 non
1630 4394 1729 4443 maaet
1760 4384 1894 4444 circulus

542 4470 639 4528 Datur
661 4474 749 4547 igitur
769 4473 861 4531 sectio
885 4475 1110 4548 proportionalis
1140 4477 1275 4535 binarum
1304 4474 1542 4548 quarumcunque
1572 4478 1729 4541 rectarum,
1758 4472 1846 4531 datur
1867 4477 1896 4531 ct

544 4558 678 4616 binorum
701 4576 943 4635 quorumcunque
964 4559 1147 4638 circulomm,
1171 4561 1222 4621 ssd
1246 4578 1302 4620 non
1320 4558 1406 4617 datur
1428 4559 1560 4615 binorum
1583 4574 1823 4637 quorumcunque
1847 4577 1895 4617 ar·

544 4661 631 4704 cunm
660 4648 745 4705 unius
775 4646 883 4707 circuli.
929 4646 1012 4707 Haec
1039 4650 1082 4710 sic
1113 4652 1152 4710 ad
1180 4648 1363 4727 propositum
1392 4636 1662 4707 accommodantur:
1694 4649 1718 4705 si
1747 4646 1894 4705 dividatur

545 4731 656 4791 chorda
676 4733 706 4790 in
729 4743 828 4810 partes
850 4743 926 4808 octo,
950 4734 1096 4798 divisione
1119 4756 1159 4798 sc.
1176 4737 1275 4797 circuli
1293 4733 1530 4804 demonstrativa,
1554 4750 1614 4793 una
1630 4740 1736 4793 oolam
1752 4740 1896 4793 consonat

545 4837 611 4879 eum
634 4828 711 4890 tota,
742 4830 905 4881 consonant
927 4833 957 4882 et
977 4832 1036 4885 tres
1059 4835 1192 4897 octavae,
1215 4830 1382 4900 propterea,
1412 4823 1482 4895 quia
1505 4837 1563 4879 ona
1586 4828 1693 4880 octava
1720 4822 1819 4881 circuli
1843 4820 1895 4880 de-

545 4908 738 4967 monstrativa
760 4910 885 4969 rescindi
907 4919 1020 4986 potest,
1043 4922 1076 4972 nt
1098 4924 1129 4973 et
1150 4926 1210 4973 tres
1233 4919 1366 4971 octavae.
1412 4907 1520 4965 Eadem
1545 4908 1774 4969 demonstrativa
1797 4908 1894 4967 deter-
1951 4974 1955 4985 ,

545 4995 667 5053 minatio
689 5003 734 5053 ast
757 4999 845 5055 etiam
867 5001 943 5057 inter
964 5015 1079 5074 causas,
1112 5018 1164 5059 cur
1187 5000 1284 5060 octilie
1307 5004 1336 5055 et
1359 4996 1492 5054 trioctilis
1514 4998 1574 5055 sint
1587 4996 1730 5055 ellicaces.
1777 4996 1815 5055 Ar
1840 4997 1895 5055 boe

547 5090 592 5144 est
613 5081 783 5158 discrimen,
814 5084 893 5159 quod
917 5086 977 5148 illic
998 5088 1128 5149 noudum
1150 5096 1197 5151 eet
1219 5086 1378 5149 constituta
1399 5085 1490 5145 sectio
1514 5082 1696 5157 harmonica,
1727 5084 1783 5143 uisi
1804 5086 1893 5143 etiam
