4467 6192
548 710 587 769 96
983 705 1025 760 De
1041 704 1199 776 ligatorum
1215 701 1435 760 Harmoniam

632 878 715 934 Porro
733 878 800 934 haec
816 877 902 934 latera
919 877 975 948 SQ,
993 877 1041 948 ΩΤ
1061 894 1116 934 non
1138 880 1198 950 ipra
1221 881 1286 934 aunt
1308 880 1414 932 tantum
1437 874 1526 930 miaon
1550 879 1579 932 et
1599 873 1721 945 elaeton,
1746 871 1796 931 sed
1812 877 1876 928 aunt

546 957 627 1013 etiam
643 958 712 1014 talea
728 956 824 1028 lineae,
841 973 876 1014 ex
893 958 990 1029 quihus
1007 959 1077 1014 aliae
1094 958 1163 1014 tales
1181 958 1250 1012 liunt
1267 952 1390 1011 addendo
1401 953 1444 1008 rel
1460 953 1652 1010 subtrahendo.
1668 952 1787 1010 Primum
1806 953 1876 1008 enim

546 1043 610 1091 aunt
626 1037 697 1092 inter
714 1052 744 1093 se
762 1038 1047 1104 incommensurabiles,
1065 1038 1183 1095 secundo
1202 1034 1333 1106 quadrata
1348 1033 1465 1102 ipsarum
1482 1032 1538 1105 To,
1558 1031 1600 1102 QS
1615 1033 1711 1103 juncta
1727 1037 1876 1103 aequantur

546 1115 677 1185 quadrato
695 1117 796 1172 effabili
812 1118 897 1188 ipsius
915 1119 971 1189 Ta,
989 1120 1070 1175 tertio
1085 1116 1273 1187 reetangulum
1291 1116 1341 1170 auh
1358 1111 1419 1182 sit),
1438 1111 1480 1180 QS
1499 1119 1541 1168 eat
1553 1129 1663 1180 meson,
1685 1113 1817 1168 ostentm
1833 1127 1875 1166 ae·

546 1193 625 1262 quale
641 1197 798 1266 rectangulo
816 1197 866 1252 snb
884 1197 938 1266 dnn
955 1197 1107 1254 semilatere
1124 1194 1270 1266 tetragoni,
1293 1193 1351 1250 sola
1367 1190 1490 1261 potentia
1507 1191 1620 1258 effabili,
1640 1197 1668 1246 et
1683 1192 1733 1248 auh
1751 1191 1795 1246 ΤΒ
1814 1188 1876 1244 effa·

545 1269 592 1326 hili
609 1272 787 1344 longitudine:
806 1293 886 1348 quam
903 1277 938 1333 oh
955 1294 1064 1334 causam
1081 1283 1145 1333 sunt
1162 1276 1242 1331 etium
1263 1273 1359 1343 juncta
1376 1270 1405 1324 in
1422 1269 1507 1342 gradu
1524 1269 1650 1350 scientiae
1668 1275 1753 1324 serto.
1789 1269 1877 1338 Quare

545 1368 595 1421 per
611 1354 645 1410 X
665 1355 698 1411 39
716 1359 881 1425 compositae
897 1355 925 1410 iu
943 1373 1021 1413 unam
1039 1355 1107 1425 Tus
1125 1354 1194 1411 dunt
1219 1352 1318 1423 mizon,
1342 1359 1370 1406 ει
1385 1365 1435 1420 per
1451 1350 1484 1406 X.
1503 1352 1537 1407 76
1555 1349 1618 1421 TQ,
1638 1348 1690 1405 hoe
1707 1355 1748 1404 eat
1766 1349 1813 1418 Qz
1831 1349 1876 1406 ah

546 1430 601 1491 lata
622 1447 640 1486 a
663 1432 719 1501 QS,
746 1434 874 1506 relinquit
893 1435 935 1490 ZS
958 1434 1115 1490 elassouem.
1150 1433 1246 1502 Itaque
1270 1429 1328 1489 fieri
1351 1435 1454 1499 potest,
1477 1437 1508 1486 ut
1526 1429 1632 1488 almeon
1650 1436 1678 1484 at
1694 1428 1781 1486 mizon
1799 1427 1877 1482 unius

546 1511 625 1580 bigae
641 1510 709 1566 fiant
726 1512 858 1569 elementa
874 1512 985 1569 alterius
1003 1513 1093 1584 bigae,
1116 1520 1145 1568 et
1166 1512 1285 1582 elaeson,
1308 1508 1397 1566 ablata
1421 1508 1634 1576 ammoneant,
1660 1505 1794 1579 relinqunt
1811 1505 1877 1562 elau

547 1607 613 1648 sona
630 1590 749 1648 alterius.

633 1669 711 1740 Quod
734 1687 824 1726 aream
846 1669 971 1741 octogoni
995 1670 1106 1738 attinet,
1127 1669 1174 1728 illa
1197 1676 1305 1728 constat
1326 1682 1361 1723 ex
1378 1679 1439 1730 oete
1464 1666 1562 1725 talibus
1579 1667 1704 1739 trigonio,
1732 1663 1821 1736 qualia
1839 1673 1879 1724 eat

547 1747 627 1818 LQT.
662 1748 716 1804 Sed
739 1755 845 1804 constat
865 1750 1050 1819 reotungulum
1069 1751 1160 1821 QTRS
1184 1767 1217 1808 ex
1241 1750 1340 1808 talibus
1358 1760 1485 1826 quatuor,
1507 1756 1550 1804 est
1567 1765 1630 1820 argu
1654 1745 1773 1804 semitrio
1790 1755 1878 1809 meua,

547 1836 575 1883 et
592 1837 633 1884 est
650 1844 756 1898 meaou,
775 1835 807 1884 ut
822 1829 903 1900 paulo
922 1837 1001 1886 antea
1017 1829 1174 1902 probatum;
1201 1848 1264 1900 ergo
1282 1835 1364 1892 etiam
1381 1832 1490 1904 duplum
1508 1829 1578 1906 ejus,
1605 1828 1708 1887 scilicet
1725 1839 1789 1880 area
1806 1829 1878 1880 octa·

546 1908 622 1976 goni,
647 1922 740 1961 meson
763 1913 818 1977 eat,
844 1922 894 1976 per
916 1909 1034 1976 porisma
1054 1927 1132 1982 prop.
1151 1910 1229 1969 Eucl.
1248 1913 1282 1970 X.
1301 1916 1344 1974 24.
1379 1917 1450 1971 ilinc
1469 1910 1575 1968 GlarIns
1594 1908 1684 1964 Geom.
1704 1907 1791 1962 Pract.
1810 1899 1878 1954 libro

546 1988 619 2043 VIII.
655 1988 735 2056 Prop.
749 1989 780 2043 31
801 1987 973 2055 demonstrat,
990 2004 1080 2044 aream
1098 1990 1156 2060 ejna
1175 2007 1234 2048 esse
1249 1993 1366 2050 medinm
1383 1991 1583 2066 proportionale
1601 1988 1671 2044 inter
1688 1999 1778 2042 aream
1796 1986 1879 2034 tetra·

546 2067 611 2138 goni
626 2067 748 2136 inscripti
765 2075 794 2122 et
810 2083 900 2121 aream
918 2067 1111 2140 circumscripti
1129 2072 1270 2142 comageni,
1297 2089 1366 2145 quae
1383 2072 1497 2130 suntad
1513 2072 1627 2127 Invicem
1644 2067 1699 2124 utt
1719 2062 1790 2134 adl,
1809 2071 1879 2130 quae

546 2146 732 2202 determinatio
750 2146 907 2214 quantitatis
925 2154 1015 2202 certae
1032 2148 1114 2206 infert
1132 2151 1243 2207 eandem
1260 2153 1418 2222 qualitatem
1434 2151 1508 2208 meai

631 2220 800 2282 XXXVII.
837 2221 1071 2300 Propositio.
1122 2225 1400 2307 Ilehhaedecagoni‘
1426 2230 1503 2290 latua
1540 2223 1630 2284 hahet
1671 2215 1879 2296 geometricam

548 2308 771 2386 descriptionem
794 2328 830 2370 ex
851 2311 975 2387 angulis,
999 2312 1052 2373 sed
1074 2312 1174 2374 lateris
1197 2307 1318 2377 scientia
1339 2316 1454 2396 longius
1470 2319 1611 2390 evagetur
1625 2309 1655 2366 in
1670 2303 1777 2386 gradus
1792 2304 1878 2380 igno·

532 2396 664 2480 ¹hiltores
688 2397 820 2458 omnihus
841 2400 1023 2475 praemissis,
1051 2400 1201 2479 multoque
1223 2406 1316 2488 magle
1338 2405 1402 2482 eJ‘ue
1423 2402 1574 2466 stellarum
1595 2397 1700 2469 latera,
1732 2409 1786 2452 seu
1807 2388 1895 2450 auh-·

547 2491 649 2544 tensae
671 2486 772 2561 trihus,
796 2488 932 2563 quinque,
956 2495 1068 2563 septem
1089 2489 1250 2551 aedeeimie.

632 2567 702 2635 Quia
718 2567 760 2623 hia
778 2575 919 2626 octouunt
936 2569 1066 2642 sedecim,
1091 2567 1151 2626 idei
1168 2589 1217 2644 per
1233 2574 1304 2630 latus
1323 2574 1447 2644 octogoni
1469 2571 1556 2642 figura
1572 2569 1640 2623 haec
1657 2577 1690 2621 ex
1707 2560 1802 2617 iisdem
1820 2555 1880 2612 Iun·

549 2645 679 2701 dementia
697 2645 864 2717 deacmhitur,
882 2647 980 2716 quibua
997 2655 1078 2705 antea
1094 2657 1243 2723 octogonus
1260 2669 1310 2723 per
1326 2653 1396 2710 latua
1414 2650 1554 2722 tetragoni.
1826 2717 1833 2730 ·

632 2724 701 2778 Esto
718 2722 765 2793 αθ
786 2727 847 2788 (lig.
865 2726 906 2787 10)
922 2724 994 2782 latus
1011 2743 1066 2783 non
1079 2729 1137 2799 J‘am
1153 2732 1300 2804 teuagoni,
1313 2732 1361 2788 sed
1380 2731 1520 2804 octogoni,
1538 2735 1566 2786 et
1583 2727 1638 2797 Qu,
1656 2721 1703 2779 ΤΟ
1720 2721 1807 2776 latera
1820 2732 1878 2808 Jffm

548 2801 727 2872 aedeeanguli,
745 2803 908 2872 etQPlatua
925 2807 1019 2863 stetim
1036 2811 1195 2879 octangulae
1214 2819 1285 2868 esto:
1304 2812 1332 2867 id
1349 2813 1407 2868 fuit*
1418 2815 1492 2884 prius
1510 2810 1605 2877 mizon,
1623 2817 1686 2874 ergo
1704 2807 1733 2859 ει
1748 2801 1803 2856 ΒΜ
1822 2811 1879 2866 tili

548 2881 657 2939 dimidia
668 2888 726 2938 erat
737 2881 832 2936 mizon.
850 2883 939 2952 Quare
950 2888 1136 2956 rectangalnm
1148 2890 1198 2946 auh
1212 2891 1254 2947 ST
1271 2890 1372 2948 effabili
1389 2897 1417 2948 et
1432 2893 1486 2946 LII
1502 2890 1605 2944 mirone
1626 2890 1669 2940 eat
1686 2879 1784 2951 speciei
1801 2876 1881 2949 plane

548 2976 645 3033 norae,
664 2961 740 3031 cuiue
756 2962 827 3018 iuter
844 2964 943 3032 gradm
961 2968 1084 3036 superius
1102 2969 1266 3038 eprIcatos,
1292 2977 1323 3026 nt
1340 2969 1501 3041 nobiliores,
1523 2965 1598 3023 nulla
1621 2962 1653 3018 fit
1669 2959 1778 3016 mentio.
1813 2954 1881 3011 Tale

547 3055 611 3097 vero
629 3057 727 3097 norum
745 3040 864 3098 ablatum
881 3045 915 3100 ah
933 3059 974 3116 eo,
993 3045 1065 3116 quod
1082 3048 1134 3103 suh
1150 3048 1206 3120 LT,
1225 3047 1276 3119 ΤΒ,
1295 3047 1448 3105 ahahihhus
1467 3043 1641 3118 longitudine,
1660 3038 1823 3107 continetur,
1840 3049 1882 3091 ro·

547 3119 644 3191 linquit
660 3119 757 3175 iterum
773 3121 943 3177 remotiorem
960 3123 1077 3194 aliquam
1091 3128 1215 3199 speeiem,
1233 3128 1420 3200 rectanguluiu
1437 3127 1539 3185 seilicet
1556 3121 1605 3181 auh
1615 3119 1681 3202 III,
1700 3117 1751 3186 Ta,
1769 3113 1883 3187 aequale

549 3200 679 3269 reduto
698 3198 758 3268 Τιι,
781 3198 874 3256 ocur
891 3201 1137 3275 ιιιιιιιιιιςοιι.
1172 3207 1260 3264 uua
1282 3209 1366 3278 magis
1383 3210 1411 3266 ιι
1428 3221 1520 3264 verm
1545 3203 1579 3260 ue
1605 3194 1881 3273 praemandatum

549 3277 660 3334 classii:
680 3285 711 3333 ut
728 3279 770 3350 32,
789 3280 831 3349 64,
850 3280 900 3337 128
917 3283 1076 3354 angulorum
1093 3290 1144 3340 etc.
1461 3305 1463 3310 ’

634 3353 708 3413 Cum
729 3356 772 3414 sic
794 3355 901 3416 haheat
922 3375 988 3419 curu
1007 3360 1098 3421 latere
1125 3379 1183 3423 uno
1206 3379 1258 3423 seu
1280 3364 1418 3424 subtanaa
1440 3364 1491 3440 uni
1512 3359 1690 3433 sedecimas,
1718 3354 1781 3430 jam
1803 3349 1883 3409 illius

478 3454 485 3472 ‘
547 3443 678 3518 potentia
700 3441 799 3502 ablata
819 3462 838 3502 a
859 3450 991 3522 potentia
1013 3444 1154 3526 diametri,
1177 3449 1314 3528 relinquit
1335 3452 1502 3512 subtenaam
1524 3455 1634 3528 septem
1653 3441 1814 3515 sedecimis,
1839 3445 1885 3498 ast

549 3530 637 3604 igitur
658 3528 709 3587 Illa
730 3529 837 3608 gredau
858 3535 1029 3599 remotioris.
1072 3535 1144 3597 Tres
1166 3554 1236 3600 vero
1256 3538 1419 3601 sedecimae
1441 3541 1608 3600 auhtensam
1634 3532 1743 3594 hahent
1763 3528 1884 3590 deriva-

549 3625 610 3674 tam
631 3632 650 3675 a
670 3617 812 3678 subteneo
832 3620 924 3681 trihus
946 3624 1057 3683 oetavis
1078 3642 1131 3702 per
1152 3621 1362 3699 hinectionemz‘,
1378 3636 1445 3688 eunt
1459 3629 1546 3706 igitur
1566 3628 1597 3684 iu
1614 3618 1759 3683 remotiori
1780 3613 1883 3692 gradu,

550 3720 638 3779 quam
659 3703 719 3765 tha.
763 3705 801 3765 Et
822 3712 954 3784 potentia
974 3711 1131 3781 auhtensae
1154 3715 1246 3776 tribua
1268 3716 1420 3778 sedecImis
1442 3716 1541 3777 ablata
1561 3709 1725 3790 epotantia
1740 3703 1885 3777 dtameut,

549 3791 686 3938 ¹⁰¹¹&qu
706 3796 867 3938 Ρθὲθῦιίεω
887 3799 1043 3860 auhtensaa
1065 3805 1193 3886 quinqua
1214 3803 1377 3866 sedacImia
1422 3805 1474 3866 list
1495 3805 1582 3880 igitur
1607 3800 1680 3859 haec
1700 3809 1814 3856 rursum
1836 3807 1885 3852 re-

551 3896 788 3957 mmmm

635 3965 820 4050 XXXVIII.
842 3970 1069 4050 Propoattio.
1105 3978 1226 4056 ‘IrIgoni
1245 3985 1275 4040 et
1287 3979 1432 4058 hexagoni
1445 3973 1754 4056 laterageometricam
1775 3967 1887 4030 hahent

551 4054 773 4133 descriptionem
795 4075 831 4117 0¹
851 4060 966 4137 *intulit
986 4061 1150 4143 figurarum,
1174 4074 1203 4127 et
1224 4070 1254 4126 ln
1267 4067 1405 4128 circulum
1419 4070 1564 4145 inscripta,
1587 4071 1654 4125 sunt
1668 4057 1790 4132 scibilia,
1813 4051 1888 4112 illud

552 4145 652 4223 tertio,
680 4143 736 4204 hoc
757 4145 883 4208 secundo
904 4149 1012 4230 gradu3
1041 4154 1130 4232 plana
1151 4171 1221 4215 raro
1243 4173 1297 4216 eeu
1319 4173 1403 4218 areae
1424 4155 1579 4233 figurarum
1601 4157 1669 4214 sunt
1689 4163 1783 4220 matt,
1815 4157 1886 4221 1³¹⁰·

550 4233 691 4310 portionis
712 4233 787 4293 iuter
807 4252 838 4296 se
861 4235 975 4315 duplae.

709 4352 758 4404 rig.
772 4351 805 4396 ¹1.
1048 4321 1157 4391 Trigoni
1174 4324 1339 4382 constructio
1356 4331 1433 4380 extra
1450 4295 1579 4382 circulum
1596 4326 1638 4377 eat
1654 4311 1780 4374 facillima
1796 4305 1886 4382 (Euri.

961 4399 1037 4465 I.·1).
1071 4402 1215 4473 Inscriptio
1232 4404 1259 4458 in
1271 4402 1406 4470 ,cheulum
1426 4403 1636 4476 expeditIsaima,
1660 4405 1691 4456 ut
1708 4403 1811 4453 eeteros
1829 4407 1886 4448 mo·

958 4480 1008 4536 dou
1030 4486 1146 4553 taceam
1169 4483 1201 4540 Iit
1226 4484 1357 4556 beneficio
1378 4483 1537 4554 hexagonici
1557 4482 1661 4550 lateris,
1693 4476 1758 4548 quia
1780 4475 1815 4532 da
1837 4483 1887 4530 ⁸0¹

961 4559 1041 4616 semis
1062 4568 1127 4616 sunt
1142 4563 1201 4618 tria
1237 4563 1275 4619 Et
1291 4563 1425 4634 hexagoni
1442 4563 1549 4634 quidem
1567 4557 1709 4630 descriptio
1730 4560 1757 4611 et
1773 4550 1887 4623 inscrip·

959 4637 998 4694 tio
1016 4643 1080 4695 aunt
1095 4641 1174 4698 Euol
1185 4641 1231 4699 IV.
1245 4643 1285 4699 15.
1321 4641 1373 4698 Sed
1390 4643 1556 4700 ostendenda
1574 4647 1615 4700 est
1630 4634 1783 4697 consecuh'o
1802 4645 1888 4705 quan·

960 4716 1045 4775 titatia
1062 4719 1155 4776 lateris
1173 4736 1207 4776 ex
1223 4722 1382 4793 angulorum
1398 4723 1554 4781 rationibus.

1047 4799 1089 4857 sit
1109 4798 1268 4871 hexagonus
1289 4797 1441 4860 BHCGDI’.
1477 4801 1543 4856 Cum
1564 4797 1646 4872 igitur
1669 4793 1723 4856 aiut
1746 4789 1888 4882 angulifi,

961 4877 1072 4948 planum
1094 4881 1175 4936 etiam
1191 4880 1326 4952 hexagoni
1343 4881 1475 4938 dividetur
1497 4879 1525 4934 in
1541 4877 1677 4952 triangula
1697 4891 1758 4945 aex,
1780 4877 1889 4930 verho-

891 4979 916 5030 ῃ
961 4961 1013 5016 hus
1031 4959 1059 5015 in
1077 4959 1205 5016 centron
1221 4958 1352 5032 coeuntia,
1371 4959 1449 5032 quale
1467 4975 1549 5014 unum
1567 4967 1609 5016 est
1621 4958 1698 5016 cdd.
1716 4955 1804 5024 Quare
1822 4964 1889 5020 qut·

960 5045 1023 5095 tuor
1044 5047 1192 5112 rectorum,
1218 5047 1340 5097 centrum
1362 5039 1388 5098 h
1412 5037 1654 5106 circumstantium,
1678 5049 1781 5092 summa
1802 5027 1890 5086 divit&

958 5122 988 5178 iu
1006 5135 1054 5177 aex
1071 5120 1199 5192 uertices,
1222 5119 1269 5175 dat
1286 5119 1332 5176 uui
1348 5116 1468 5174 vertitali
1485 5115 1582 5188 angulo
1595 5115 1665 5174 oua
1688 5121 1803 5187 quatuor
1826 5121 1889 5166 sex·

957 5205 1015 5271 tae,
1046 5216 1096 5260 seu
1119 5201 1186 5270 duaa
1208 5198 1303 5257 tertiae
1328 5197 1407 5256 unius
1434 5195 1511 5256 recti.
1554 5194 1637 5266 atqu
1664 5189 1789 5264 hinnguli
1816 5179 1890 5244 (Ἀθ
