4467 6192
613 723 656 782 De
671 727 832 823 figurarum
848 723 1072 794 Harmoufccrunr
1090 741 1283 813 congruentia.
1318 751 1400 810 liber
1417 755 1451 812 ll.
1649 771 1709 831 11⁶

611 1019 679 1092 ile
705 1021 908 1112 ¹figurarum
935 991 1164 1120 Regularium
1190 1006 1434 1130 congruentia.
1481 997 1504 1032 ⁸
1569 1107 1572 1122 .
1640 1039 1645 1051 ’

442 1160 467 1222 1.
492 1162 694 1231 Definitio.
737 1163 934 1254 congrueniia
956 1179 1015 1241 alia
1036 1183 1170 1261 planitiei
1193 1197 1254 1266 est,
1280 1191 1340 1254 ulia
1361 1198 1391 1256 in
1412 1197 1517 1262 solido.
1562 1203 1596 1262 ln
1618 1205 1708 1284 plano

364 1254 548 1326 congruentia
572 1263 631 1332 est,
663 1276 728 1319 cum
750 1263 852 1340 auguli
873 1266 1032 1344 figurarum
1054 1272 1182 1348 plurium
1202 1279 1311 1360 singuli
1330 1285 1376 1346 sio
1397 1280 1436 1346 ad
1457 1296 1597 1366 puuctum
1619 1311 1709 1356 unum
1800 1352 1806 1368 ,

363 1346 540 1413 concurrunt,
562 1349 596 1402 ut
617 1343 716 1406 nullus
737 1349 918 1433 relinquatur
941 1355 1050 1418 hiatus.
1089 1401 1092 1406 -
1199 1413 1203 1424 .
1641 1404 1642 1414 ¹

440 1424 483 1484 lc
507 1426 737 1496 Definitio..
758 1437 843 1501 Haec
857 1443 1115 1523 perfectadieitur,
1138 1466 1205 1512 eum
1217 1452 1328 1530 figurae
1348 1460 1490 1539 cnjusque
1506 1476 1710 1530 concurrentes
1749 1545 1754 1548 ,

361 1511 456 1588 anguli
482 1530 583 1576 omnes
606 1519 710 1582 ecdem
730 1528 829 1602 specie
850 1541 1033 1608 concurrunt,
1056 1543 1089 1594 ut
1110 1538 1153 1598 ita
1167 1545 1271 1614 omn'es,
1283 1561 1440 1610 concursus
1454 1553 1529 1614 inter
1544 1571 1577 1614 se
1598 1558 1710 1620 slmiles

361 1599 415 1656 sint
435 1608 466 1659 et
488 1618 680 1668 concursurum
703 1613 774 1672 ordo
797 1616 828 1672 iu
849 1617 994 1680 infinitum
1016 1624 1302 1706 continuarilpossit
1501 1713 1505 1722 1
1655 1636 1658 1644 ’

439 1687 497 1758 1.ss
520 1687 722 1784 Definitio
767 1701 993 1782 Perfectissinra,
1016 1715 1191 1780 comeciam
1209 1715 1320 1793 figura‘e
1344 1733 1545 1788 concurrentes
1567 1726 1597 1788 in
1619 1731 1709 1810 pleno

361 1781 422 1832 eunt
444 1776 577 1852 ejusdem
598 1787 717 1858 speciei.
930 1849 934 1860 ,
1166 1813 1180 1860 3
1201 1867 1205 1876 ‚
1463 1881 1468 1886 ¹

440 1859 494 1922 1v.
518 1866 596 1928 Dei
602 1869 612 1926 i
619 1872 693 1946 niti
706 1889 732 1932 o.
776 1873 968 1956 Inperfecta,
991 1899 1057 1944 cum
1079 1887 1174 1962 major
1196 1890 1313 1966 quidem
1335 1895 1429 1974 ligura
1452 1893 1581 1980 undique
1601 1908 1709 1968 simili·
1748 1909 1751 1912 ’

362 1946 410 2006 bus
431 1956 622 2016 concursibus
644 1962 762 2038 sepitur,
786 1975 1003 2042 nequetameu
1018 1971 1103 2032 datur
1118 1979 1299 2040 continuatio
1322 1984 1351 2044 iu
1375 1985 1527 2065 infinitum,
1551 1987 1603 2053 aut
1625 1995 1710 2056 datur

361 2032 487 2111 quidem,
518 2041 573 2102 scd
599 2059 657 2104 non
685 2048 749 2109 sine
769 2047 955 2115 'admixtione
985 2055 1165 2138 diversarum
1195 2081 1352 2130 concursus
1381 2069 1557 2151 specierum
1578 2067 1708 2166 'Imper-

359 2121 429 2182 fecta
451 2126 604 2192 deterioris
623 2133 747 2211 gradus,
777 2156 844 2198 cnm
873 2144 967 2220 major
996 2144 1089 2225 figura
1109 2166 1169 2209 non
1192 2155 1327 2216 omnibus
1355 2161 1470 2238 augulis
1490 2168 1581 2228 simili
1596 2189 1598 2196 ’
1611 2173 1708 2250 speeie

361 2225 525 2276 concurrere
547 2225 619 2295 apta
641 2228 695 2282 est.
1092 2243 1097 2250 '
1399 2255 1407 2266 ‘
1578 2284 1581 2292 ·

437 2319 475 2379 V.
500 2314 708 2401 Definitio.
753 2329 855 2394 Solida
870 2338 1059 2419 congruentia
1079 2348 1125 2400 est
1147 2351 1176 2402 et
1198 2343 1292 2424 figura
1312 2348 1417 2428 solida,
1441 2371 1507 2418 cum
1522 2359 1707 2438 anguillula-

358 2403 412 2480 guli
431 2406 561 2486 plurium
581 2412 735 2489 planarum
750 2417 906 2497 figurarum
928 2425 1069 2501 angulum
1084 2433 1264 2492 constituunt
1283 2434 1419 2516 solidum,
1442 2448 1609 2524 aptatisque
1630 2449 1709 2533 figu-

357 2493 392 2549 rie
411 2494 593 2572 regularibus
617 2501 666 2562 vel
687 2508 944 2586 semiregularibus
977 2511 1077 2575 nuilus
1096 2524 1188 2578 restat
1209 2519 1307 2584 hiatus
1328 2525 1402 2588 iuter
1433 2524 1527 2594 latera
1542 2532 1707 2613 'figurarum

359 2579 504 2644 obviantia
526 2586 583 2646 sibi
604 2589 635 2647 iu
658 2591 794 2668 opposite
815 2595 929 2677 solidae
950 2598 1061 2676 liguree
1082 2613 1178 2680 pute,
1212 2610 1262 2684 qui
1291 2627 1349 2672 non
1373 2613 1470 2676 claudi
1499 2625 1594 2706 possit
1614 2626 1713 2704 ligura·

358 2670 458 2743 speuei
481 2675 571 2734 unius
592 2692 629 2736 ex
650 2677 791 2742 adhibitis
812 2681 861 2744 vel
883 2686 989 2755 saltem
1010 2689 1203 2764 regularibus.
1291 2721 1312 2775 '.
1343 2698 1347 2706 '
1445 2703 1447 2710 ’
1668 2725 1671 2735 ’

436 2752 519 2824 Nota,
538 2757 666 2826 occisit
682 2759 737 2845 plia
753 2770 936 2839 congruentia,
949 2784 1009 2824 non
1025 2769 1169 2839 planarum
1181 2777 1329 2854 figurarum
1347 2781 1382 2837 au
1394 2783 1510 2852 figuram
1522 2791 1634 2852 solidam
1653 2797 1706 2852 for·

357 2832 485 2903 mandam,
508 2834 559 2891 ced
584 2838 709 2907 ipsarum
724 2843 875 2905 subdurum
897 2847 1045 2922 figurarem
1067 2851 1140 2906 inter
1158 2865 1201 2922 se,
1223 2855 1258 2909 ael
1275 2855 1366 2913 locum
1389 2863 1506 2922 solidum
1528 2871 1600 2928 circa
1623 2890 1706 2932 uuum

357 2919 481 2978 mactum
498 2915 676 2984 explendum:
695 2918 852 2991 huiuamodi
868 2924 973 2994 figurae
989 2941 1137 2998 corporeae
1155 2938 1221 2988 suut
1238 2940 1345 2990 tantm
1359 2937 1447 3013 clune,
1466 2946 1552 3004 cubus
1570 2957 1598 3005 et
1614 2953 1704 3010 rhom-

358 2989 404 3047 bus
426 2992 645 3053 dodecaedrlcne.
679 2998 750 3054 illam
775 3008 837 3058 octo
860 3003 954 3074 auguli
980 3006 1042 3062 cubi
1055 3017 1230 3067 ,concurrunt
1251 3013 1287 3070 od
1309 3031 1392 3072 uuum
1417 3023 1547 3092 punctum
1571 3037 1599 3092 et
1622 3047 1705 3088 unum

357 3070 471 3141 nudique
494 3071 586 3132 locutu
612 3077 730 3145 explent.
772 3079 924 3151 lihombue¹
944 3098 1008 3138 vero
1032 3084 1116 3148 habet
1140 3085 1194 3151 duo
1224 3105 1325 3160 genera
1350 3099 1525 3176 angulorum,
1554 3107 1705 3168 trilineurus

357 3147 463 3204 obtusos
486 3160 565 3222 octo,
598 3160 626 3210 et
649 3155 986 3226 quaoulinsnrestucueoe
1016 3180 1074 3220 sex.
1114 3166 1202 3236 lgitur
1227 3170 1319 3228 obtusi
1347 3183 1465 3258 quatuor
1494 3196 1646 3256 congruunt
1670 3193 1705 3247 ad

356 3221 439 3282 locum
457 3230 630 3303 explendum,
656 3235 729 3291 acuti
747 3252 811 3300 vero
830 3254 901 3310 sexu
916 3239 996 3319 quale
1014 3249 1124 3300 struunt
1142 3245 1293 3304 aedificium
1312 3267 1390 3326 apes,
1409 3257 1484 3316 cellis
1503 3264 1650 3334 contiguis,
1676 3279 1706 3328 ut

357 3319 432 3360 uuam
449 3300 626 3366 circumstent
643 3327 659 3366 a
676 3312 760 3368 inuclo
778 3322 835 3372 tres
853 3316 1100 3390 circuiremus,
1125 3338 1142 3379 a
1160 3325 1290 3384 lateribus
1310 3329 1358 3386 eci
1382 3341 1410 3390 et
1426 3348 1540 3406 possent
1558 3345 1640 3402 etiam
1658 3361 1704 3404 an·

356 3383 435 3443 lelius
452 3391 510 3445 tres
528 3386 599 3447 aliae
616 3389 791 3449 circumstare
808 3393 843 3450 ad
861 3393 1202 3470 liguram'absolucnuiam‚
1226 3406 1279 3459 uisi
1297 3405 1368 3464 fores
1387 3418 1553 3484 oportuisset
1578 3438 1640 3481 esse
1656 3443 1704 3497 pc·

355 3471 448 3522 tentes.
483 3467 526 3524 De
543 3465 679 3526 huc'vero
698 3471 846 3528 solidarum
864 3473 1012 3544 figurarum
1030 3483 1209 3547 congruentia
1226 3500 1277 3539 uos
1294 3484 1410 3546 hicnon
1429 3495 1542 3563 aponus.
1659 3565 1662 3575 Ι
1713 3539 1720 3556 1

436 3562 715 3632 VL‘Definitio.
759 3559 976 3645 Perfectlssima
1004 3568 1099 3636 solida
1129 3579 1318 3652 congruentia
1346 3582 1499 3666 solidaque
1526 3592 1620 3672 ligura
1649 3608 1702 3676 est,

357 3656 417 3714 cum
438 3655 527 3714 etiam
547 3651 638 3730 plana
661 3655 938 3731 congruentia'eunl
960 3655 1090 3742 ejusdem
1112 3659 1223 3738 figurae
1247 3667 1355 3730 omnia

432 3759 502 3822 VII.
524 3750 736 3841 Definitio.
780 3755 926 3828 Haecvel
942 3768 986 3820 cst
1007 3762 1148 3841 regularis
1163 3773 1235 3842 tota,
1259 3780 1435 3857 umplona
1455 3796 1528 3850 aunt
1545 3779 1700 3872 regularia,
1733 3837 1739 3844 .

351 3845 494 3924 mbetoue
517 3861 619 3906 omues
640 3845 816 3925 angruloa'iu
838 3845 940 3908 eadem
964 3848 1119 3932 sphaerica
1139 3857 1291 3952 superficie
1314 3873 1344 3926 ct
1365 3871 1440 3932 iuter
1461 3893 1492 3938 se
1513 3879 1634 3946 eimilce.

431 3951 516 4012 vm.
538 3951 743 4013 Definitio.
786 3950 842 4012 Vel
865 3959 911 4012 est
931 3955 1162 4036 semircgularis‚
1191 3979 1259 4027 eum
1280 3969 1370 4045 plana
1385 3986 1459 4041 ‚sunt
1481 3986 1702 4064 semiregularia

350 4035 424 4116 (ride
445 4041 511 4103 libr.
534 4041 559 4099 1.
575 4035 706 4118 oete.)
735 4038 884 4116 bobetque
906 4040 1029 4118 angulos
1050 4043 1307 4128 solidosnnmero
1328 4058 1474 4142 lineorum
1493 4069 1647 4151 ¹distinctos
1670 4086 1700 4138 et

352 4123 518 4204 diminitum
540 4143 600 4187 non
621 4133 719 4186 tamen
740 4125 867 4204 plurium
890 4145 980 4214 ocem
996 4129 1119 4192 duorum
1143 4149 1292 4224 generum,
1314 4161 1369 4209 uec
1390 4151 1421 4210 iu
1443 4156 1586 4236 pluribus,
1611 4181 1699 4240 quam

353 4213 460 4276 duabus
483 4212 645 4292 sphaericis
659 4212 877 4292 superficiebus,
900 4212 958 4276 u'no
980 4225 1080 4278 centro
1096 4220 1256 4304 descriptis,
1282 4231 1445 4316 ordinatum
1469 4253 1498 4305 et
1519 4250 1700 4326 singulorum

350 4299 483 4380 generum
504 4302 629 4380 angulos
651 4308 696 4361 tot
717 4314 846 4380 numero,
870 4309 942 4390 quot
963 4303 1134 4367 habetisne
1156 4313 1341 4390 regularium.
1531 4337 1534 4346 ’

430 4385 619 4455 ltonooscat,
645 4386 851 4453 congruentiam
868 4384 940 4441 banc
958 4385 1071 4443 solidam
1097 4391 1322 4462 perfectissimum
1347 4407 1410 4462 dici‘:
1435 4425 1496 4466 nam
1513 4427 1585 4484 ,quae
1607 4417 1696 4488 plump

350 4464 406 4534 cjnc
421 4466 493 4521 inest
510 4463 695 4535 imperiectio,
717 4462 874 4518 sublationi
891 4476 945 4519 uon
964 4465 1046 4522 debet
1064 4467 1188 4556 adscribi¹
1218 4477 1266 4532 scd
1293 4481 1318 4534 ei
1336 4484 1441 4542 eccidit.
1477 4491 1583 4571 Dicitur
1607 4497 1697 4568 tumep

349 4543 489 4613 cequiwoe
506 4541 707 4613 perfectissima
722 4542 792 4598 baec
809 4543 1018 4613 cemiregnlaris
1300 4561 1323 4593 ἰ

422 4633 487 4696 lx.
510 4635 714 4696 Definitio.
755 4634 1057 4700 Perfecta'iufericris
1079 4643 1188 4719 medus
1211 4655 1269 4724 eet,
1301 4669 1365 4713 cum
1389 4655 1477 4734 plana
1498 4665 1644 4743 regularia
1666 4680 1696 4734 et

349 4723 444 4800 anguli
465 4740 567 4785 omues
587 4725 617 4782 in
640 4721 742 4798 ecdem
764 4723 916 4800 superficie
931 4725 1085 4804 sphaerica
1100 4740 1129 4790 et
1151 4734 1226 4818 luter
1246 4755 1278 4798 ee
1301 4741 1409 4804 similes
1433 4757 1509 4826 eunt,
1532 4755 1584 4816 sed
1608 4757 1696 4837 plana

266 4828 267 4833 ¹
349 4815 440 4872 tamen
454 4809 632 4884 divmarum
654 4811 824 4890 specierum,
847 4811 1027 4889 slngulcrum
1041 4811 1159 4894 quidem
1182 4828 1227 4882 tot
1248 4842 1380 4906 numero,
1401 4843 1472 4909 quot
1494 4849 1562 4904 sunt
1584 4846 1612 4904 ln
1636 4862 1695 4909 ung

349 4899 615 4974 perfectissimarum
636 4897 808 4978 figurarum,
840 4915 889 4958 sur
902 4917 960 4960 nou
983 4903 1077 4963 minue
1100 4922 1188 4983 quem
1213 4912 1247 4986 4,
1270 4923 1342 4992 quot
1364 4919 1402 4979 ad
1424 4925 1574 5005 minimum
1596 4931 1694 5011 pluni-

266 4968 267 5057 Ῑ
348 4985 437 5047 tiebns
458 4986 555 5050 solida
576 4982 671 5065 ignia
691 4989 869 5048 terminatur.
1070 5008 1074 5014 ¹
1326 5004 1332 5016 ‘

266 5072 267 5101 l

266 5148 267 5155 ,
425 5091 470 5154 X.
491 5091 702 5155 Definitio.
730 5090 921 5175 imperfecta
943 5065 1133 5172 congruentla
1152 5118 1205 5164 seu
1221 5067 1315 5181 egere
1336 5119 1390 5187 eet,
1413 5131 1479 5177 eum
1501 5073 1692 5203 oeteri'u‘mg.

349 5181 478 5242 natibus
499 5180 593 5258 maior
613 5167 708 5259 figura
728 5197 788 5241 non
809 5183 927 5258 saepius
940 5199 1038 5264 'quam
1059 5183 1150 5250 semel
1172 5199 1224 5257 cut
1239 5191 1291 5254 bie
1314 5193 1468 5268 menuitur,
