4467 6192
542 680 604 738 stu
1009 668 1177 741 appendicis
1194 671 1418 728 Harmunicurum

540 850 649 913 eiruulo
672 852 843 927 usenptaa,
866 848 976 911 retituet
1000 858 1200 928 tetragonum,
1225 850 1385 929 uigorem,
1409 854 1551 913 murinae
1566 852 1693 923 minima,
1715 847 1770 910 sed
1784 864 1888 909 mum·

541 940 679 1019 quodque
703 938 806 997 borum
827 946 1003 997 monstratur
1025 958 1078 999 seu
1100 943 1231 1016 gignitur
1250 949 1303 1017 per
1324 943 1571 1016 comparationem
1598 938 1724 1000 duorum
1744 952 1888 995 eousono·

541 1036 621 1103 rum,
645 1032 678 1085 ut
701 1034 786 1085 tonus
809 1027 902 1103 major
924 1042 977 1085 seu
999 1023 1042 1110 ΒΛ,
1064 1046 1116 1104 per
1138 1028 1337 1105 nonangulum
1359 1031 1461 1104 nequit
1482 1031 1578 1103 gigni,
1602 1025 1676 1085 nihil
1697 1028 1777 1085 enirn
1797 1025 1889 1099 gignit

542 1113 758 1191 noneugulum,
782 1128 847 1172 eum
870 1114 908 1171 sit
930 1113 1022 1190 ligura
1045 1114 1328 1190 indemonstrabil'mp
1351 1124 1382 1174 at
1404 1110 1591 1199 ιιιιιιιιιιθ]9
1614 1132 1651 1175 ιι
1672 1114 1890 1191 comparatione

540 1200 723 1273 diatessaron
747 1216 812 1259 cum
836 1200 986 1276 diapente,
1011 1206 1085 1279 quia¹
1102 1204 1198 1263 differt
1220 1199 1262 1286 Ἀ
1283 1222 1303 1263 a
1325 1198 1367 1288 ¹²),
1389 1221 1442 1280 per
1464 1199 1521 1287 Ἃ.

627 1288 673 1347 Τιι
695 1302 801 1365 negas,
833 1288 989 1349 intervalla
1017 1293 1132 1349 minora
1162 1291 1231 1350 oriri
1260 1309 1295 1351 ex
1318 1294 1453 1351 comonis
1478 1290 1649 1366 majoribus.
1693 1287 1782 1347 Eaim
1812 1300 1890 1357 roro,

542 1375 679 1448 Roberte,
704 1392 792 1452 quam
816 1374 866 1435 diu
889 1383 917 1435 te
940 1378 1035 1453 ipsum
1058 1380 1087 1435 in
1108 1370 1257 1445 Hermetia
1279 1380 1321 1437 tui
1343 1378 1428 1438 lucus
1447 1378 1601 1450 animun,
1619 1378 1711 1435 ruina
1733 1392 1769 1434 es
1789 1373 1891 1435 existi·

539 1466 698 1525 mationem
721 1471 882 1540 uteunque,
912 1465 1031 1539 perinde
1055 1482 1090 1525 ae
1112 1469 1138 1525 si
1161 1469 1190 1523 in
1212 1459 1388 1525 harmonicis
1416 1468 1508 1526 scires
1533 1463 1646 1540 aliquid
1672 1463 1781 1523 ιιιιὶιιι
1804 1461 1890 1520 rebar

539 1551 764 1623 mathematicis,
788 1568 862 1626 quas
879 1554 1074 1614 eontemaisti.
1121 1554 1205 1614 llune
1225 1564 1382 1630 postquam
1403 1555 1502 1630 prodis
1525 1552 1555 1610 iu
1576 1549 1756 1628 palaestram
1774 1548 1891 1607 matbe-

539 1641 684 1712 matiuam,
709 1639 811 1697 statim
831 1639 966 1704 omnibus
989 1640 1058 1699 buia
1080 1642 1252 1716 professioni
1274 1640 1400 1701 addictis
1421 1642 1497 1701 adeo
1520 1639 1689 1699 mitratus
1711 1654 1761 1710 es,
1790 1646 1827 1695 ut
1847 1639 1891 1693 in·

540 1726 657 1803 dignam
681 1742 799 1802 operam
823 1725 996 1787 clamitaturi
1019 1728 1087 1803 alnt,
1111 1746 1158 1788 nre
1180 1731 1211 1787 in
1233 1746 1268 1789 eo
1292 1726 1406 1803 sudare,
1430 1738 1464 1788 ut
1477 1737 1507 1788 ιι
1524 1727 1646 1787 domam
1659 1742 1743 1785 arma
1757 1732 1892 1797 traetaro,

540 1814 646 1895 quibus
670 1808 784 1871 meeum
805 1828 926 1889 pugnes.
1500 1842 1504 1847 ·
1761 1848 1767 1855 -

628 1900 757 1959 Nrsrrreri
780 1916 897 1973 omnes,
930 1902 1045 1977 inquis,
1076 1906 1196 1963 anim
1227 1906 1383 1964 communi
1414 1906 1545 1963 rrainimu
1572 1918 1718 1962 ιιιιιιιιιο
1747 1906 1892 1959 utuntur.

544 1986 768 2047 Consonuntiae
790 1988 1030 2049 denominantur
1050 2006 1071 2047 a
1092 1994 1238 2064 aunario,
1261 2010 1331 2067 erpo
1346 1994 1562 2051 erumnas-iae
1583 1990 1739 2051 ommutui
1761 1990 1893 2045 rraininao

513 2081 686 2135 'mensura
715 2082 856 2133 utuntur.
900 2076 966 2134 Non
996 2076 1217 2151 animadvertis,
1249 2085 1277 2138 te
1300 2078 1411 2155 aliquid
1442 2078 1615 2138 uoneludere
1644 2082 1745 2136 eontra
1764 2076 1894 2151 jactator

540 2164 592 2223 abs
617 2170 800 2235 revererer,
825 2164 876 2238 qui
898 2168 1104 2223 consonantias
1127 2166 1257 2225 iecerunt
1284 2159 1647 2242 incommensurabilea.⁴³)
1690 2162 1828 2221 lloueiue
1849 2168 1893 2220 ιιι

541 2249 688 2308 reiutare‘l
731 2250 797 2309 Nun
825 2258 856 2307 tu
879 2250 987 2309 reiutes
1019 2251 1126 2328 dogma
1148 2255 1356 2329 geometricum
1386 2254 1421 2313 de
1444 2252 1680 2331 proportionibus
1710 2253 1894 2309 incommen-

472 2400 476 2409 ,
541 2336 729 2410 sanabilibus,
753 2336 805 2395 sed
829 2338 1023 2413 obieetlonem
1046 2339 1142 2399 solum
1163 2343 1313 2420 proponis,
1334 2359 1415 2401 mure
1437 2339 1613 2417 disputantis
1638 2342 1666 2397 in
1684 2336 1799 2410 subola,
1822 2353 1894 2395 eou-

542 2436 588 2493 ιιι
610 2423 721 2483 seilicet
743 2423 859 2501 dogma,
883 2425 962 2501 quod
986 2426 1122 2486 enneadis
1144 2446 1246 2505 rerum
1260 2446 1334 2488 esse.
1382 2430 1458 2505 Ergo
1481 2446 1555 2505 rape
1570 2425 1812 2486 dissolutionem:
1835 2438 1893 2483 noa

542 2511 608 2571 ideo
632 2515 842 2570 consonantiae
865 2520 934 2571 suut
956 2516 1076 2588 numeri,
1101 2519 1172 2591 qnia
1194 2515 1416 2577 denominantur
1438 2519 1614 2589 annuerim
1635 2530 1746 2587 magua
1767 2520 1816 2572 est
1837 2512 1894 2569 dii·

537 2598 662 2657 iareutia
685 2600 760 2657 inter
780 2602 978 2675 septenarium
1002 2611 1032 2661 et
1055 2602 1214 2680 diapason,
1245 2606 1321 2663 inter
1343 2606 1560 2681 quaternarium
1580 2614 1613 2661 et
1634 2600 1791 2676 diapente,
1822 2603 1894 2657 iuter

538 2688 694 2745 ternarium
724 2692 753 2745 ei
783 2686 981 2762 diatessarum
1003 2694 1194 2766 septenarius
1222 2694 1349 2751 unitates
1371 2691 1462 2751 babet
1490 2708 1594 2750 omues
1614 2687 1765 2765 ejusdem,
1795 2695 1831 2745 ut
1851 2689 1893 2744 sle

539 2772 643 2846 diuam,
668 2776 853 2849 quantitatis,
883 2774 1024 2853 diapason
1048 2777 1139 2837 habet
1160 2778 1316 2838 intervalla
1336 2784 1448 2855 septem
1478 2776 1632 2837 dissimilia
1660 2782 1690 2835 et
1710 2773 1894 2850 inaequalia,

539 2868 639 2921 tonum
663 2862 803 2938 majorem
828 2870 884 2936 ter,
913 2865 1052 2923 minorem
1076 2866 1135 2938 bis,
1159 2866 1344 2925 semitonium
1366 2867 1425 2925 bia.
1467 2868 1529 2925 Aut
1549 2868 1574 2925 si
1593 2861 1747 2941 juraadus
1769 2871 1819 2921 est
1840 2860 1893 2920 ad-

539 2950 702 3022 versarius,
736 2950 892 3025 adjuvatur
914 2967 1002 3010 saner
1033 2956 1129 3012 estin
1151 2953 1325 3027 intervallo,
1358 2952 1437 3030 quod
1458 2956 1576 3031 generis
1603 2953 1749 3010 rationem
1773 2948 1891 3020 babeat,

539 3045 584 3095 est
607 3036 834 3113 qundspeeiei,
858 3040 1036 3099 conveniunt
1058 3042 1147 3115 igitur
1168 3041 1325 3101 interualla
1346 3049 1459 3118 septem
1482 3059 1533 3113 eu,
1561 3038 1640 3116 quod
1661 3040 1692 3098 in
1714 3054 1825 3114 genere
1846 3039 1894 3101 ia·

539 3123 661 3183 terralla
678 3126 827 3198 consinus,
851 3124 1035 3185 dissidentia
1052 3130 1150 3203 speeie
1166 3130 1387 3204 quantitatibus,
1411 3131 1453 3187 uti
1471 3128 1589 3188 dietum.
1636 3124 1792 3201 Quatenus
1807 3126 1893 3199 igion

415 3232 417 3245 ·
539 3228 598 3269 vex
620 3214 743 3287 generis,
768 3213 948 3285 concinnum,
973 3224 1157 3291 eomparatur
1179 3216 1294 3288 unitati,
1318 3224 1588 3275 commensurantur
1606 3231 1679 3274 saue
1692 3211 1808 3290 (potius
1823 3228 1893 3271 ooa-

537 3298 736 3377 numerantur)
758 3300 912 3358 intervalla
936 3316 1073 3361 consona.
1120 3302 1196 3363 liam
1217 3302 1360 3380 diapason
1389 3303 1480 3363 habet
1501 3312 1614 3381 septem
1636 3303 1799 3373 ιοιιιίιιιιιι,
1829 3298 1893 3359 dia·

540 3395 627 3461 pente
651 3394 784 3461 quatuor,
810 3386 991 3447 diatessaron
1013 3392 1078 3449 triu.
1126 3390 1166 3448 sit
1187 3402 1332 3466 quatenus
1355 3391 1489 3451 differunt
1510 3392 1651 3451 concinna
1667 3388 1892 3463 quantitatibus,

540 3488 725 3549 nequaquam
756 3488 856 3533 eorum
888 3492 978 3535 unum
1008 3479 1143 3537 muedtur
1170 3494 1272 3538 omues
1301 3481 1517 3539 consonantias.
1562 3476 1621 3536 Sed
1647 3475 1747 3547 dieas,
1780 3479 1810 3535 ai
1838 3492 1892 3533 noa

539 3577 642 3631 unum,
673 3569 703 3618 at
726 3562 781 3619 tria
799 3561 923 3637 junctim
947 3572 1044 3621 sumta
1067 3566 1238 3625 emetientur
1261 3566 1386 3625 ornnes'l
1409 3566 1541 3625 ·Verum
1569 3565 1626 3623 boe
1658 3580 1718 3622 non
1743 3570 1792 3621 eat
1814 3580 1891 3621 eou-

540 3662 717 3721 mensurare,
742 3644 794 3705 sed
816 3647 938 3709 diversis
954 3654 1096 3711 mensuris
1112 3654 1171 3726 uti,
1195 3656 1280 3729 qnasi
1296 3652 1377 3713 dieas
1399 3654 1598 3713 dimensurara
1612 3650 1771 3728 quodlibet
1783 3666 1889 3709 eorum

540 3734 656 3793 Norunt
674 3742 844 3809 geometrae
868 3734 1065 3797 definitionem
1088 3743 1391 3814 commensurationis,
1423 3756 1499 3818 quae
1521 3757 1610 3800 unam
1638 3738 1736 3797 solam
1761 3754 1891 3797 conma-

544 3838 610 3881 uem
633 3837 799 3881 mensurum
820 3826 949 3899 requirit,
973 3842 1031 3884 non
1056 3825 1130 3886 duaa
1152 3828 1228 3888 iuter
1249 3846 1282 3888 se
1305 3827 1621 3902 incommensurabiles,
1643 3834 1679 3885 ut
1696 3823 1782 3901 quud
1797 3842 1890 3885 aarum

541 3912 591 3983 uni
613 3910 878 3992 enimpossiblle,
901 3911 930 3971 id
954 3912 1038 3973 cedet
1060 3914 1154 3974 alteri.
1495 3952 1501 3963 ·

626 3995 691 4055 lloe
719 3998 808 4073 igitur
839 3998 1028 4061 fundamento
1058 4004 1173 4079 posito,
1206 4007 1414 4063 consonantias
1442 4019 1508 4062 esse
1536 4005 1612 4061 inter
1633 4017 1665 4059 se
1688 4009 1722 4059 at
1745 4014 1889 4069 nummos

539 4082 676 4159 illasque
697 4087 838 4143 concinno
870 4087 1025 4147 intervallo
1055 4085 1315 4172 (quantocunque)
1347 4101 1380 4149 ut
1409 4101 1547 4151 numeros
1576 4090 1689 4149 unitate
1719 4088 1888 4154 memmii·

537 4171 599 4247 jam
621 4184 776 4249 promoves
791 4174 963 4233 machinam
986 4175 1107 4235 ulterius
1130 4186 1161 4235 et
1182 4181 1252 4252 quia
1274 4180 1417 4237 rationem
1437 4178 1663 4254 consequentiae
1680 4178 1824 4251 propriae
1837 4190 1888 4231 nor

540 4261 671 4331 invenis,
696 4276 755 4332 eur,
779 4261 802 4317 si
826 4263 953 4323 maxime
975 4263 1149 4340 probasses,
1172 4268 1380 4329 consonantias
1401 4283 1469 4324 esse
1488 4268 1564 4325 inter
1584 4282 1617 4323 se
1640 4262 1888 4323 commensurabi-

541 4344 593 4418 les,
616 4354 771 4423 propterqa
795 4356 882 4407 tonus
904 4357 933 4407 et
955 4353 1110 4409 semitonia
1133 4354 1230 4427 priora
1259 4352 1340 4411 dieas
1361 4354 1576 4424 consonantiis,
1610 4350 1649 4410 ad
1669 4348 1888 4409 similitudinem

542 4433 687 4509 coniugia:
713 4437 798 4507 nont,
823 4436 927 4511 inquis,
951 4440 1057 4499 unitur
1077 4454 1108 4496 ae
1122 4442 1189 4515 ipsu
1210 4447 1253 4498 ιιι
1273 4448 1302 4499 et
1311 4444 1402 4515 prior
1415 4441 1556 4500 omnibus
1573 4440 1719 4510 numeri,
1740 4440 1789 4497 'aie
1803 4441 1887 4496 ιιίιι

540 4524 724 4581 ammianum
754 4525 841 4599 prim
869 4531 911 4582 eat
939 4528 1154 4599 manuatim.
1199 4527 1289 4603 Atqui
1319 4530 1394 4587 ratio
1417 4538 1650 4605 comparaturum
1682 4531 1729 4583 ιιι
1751 4524 1888 4585 dirueb-

539 4609 627 4668 sima:
645 4604 682 4687 .l)
704 4611 818 4683 unitas,
842 4618 875 4669 nt
897 4613 1007 4671 numeri
1031 4627 1147 4687 omum,
1171 4616 1276 4673 mentis
1299 4623 1344 4674 est
1368 4615 1456 4691 opus,
1488 4618 1663 4675 eoneinnum
1685 4614 1812 4687 requirit
1833 4622 1886 4672 aar·

539 4697 637 4753 miuus
654 4694 734 4754 ioris
763 4700 937 4756 constitutos
967 4700 996 4755 in
1023 4702 1122 4777 sunia,
1159 4699 1190 4780 ι)
1211 4704 1309 4761 auitas
1339 4703 1463 4778 simplex
1485 4711 1531 4762 est
1559 4708 1589 4761 et
1616 4704 1703 4761 uuiea
1732 4697 1887 4777 (quatem

539 4776 651 4842 numeri
663 4784 703 4839 ·in
726 4783 873 4844 abstracto
896 4786 1125 4862 considerantur,
1148 4795 1399 4865 dinumerantes,
1422 4792 1532 4867 quippe
1548 4789 1705 4865 dequibus
1728 4797 1763 4845 tu
1787 4786 1886 4863 luque-

540 4866 600 4950 rls),
624 4870 798 4929 eonmnnum
819 4888 877 4931 non
901 4857 946 4933 ιιι
966 4874 1106 4952 simplex,
1135 4875 1271 4935 differunt
1294 4877 1370 4935 enim
1393 4879 1413 4936 3
1437 4876 1488 4938 rol
1507 4880 1528 4935 4
1549 4880 1692 4951 ιιιιιίιιιιι
1714 4876 1886 4950 quantitati·

540 4958 596 5017 bus
627 4964 657 5016 et
680 4955 816 5017 diliernnt
843 4976 879 5019 eo
907 4962 973 5037 ipso
995 4970 1144 5038 respecta,
1174 4980 1232 5045 quo
1246 4967 1465 5024 eoasunautiae
1493 4964 1524 5022 id
1545 4972 1614 5023 aaut
1640 4961 1722 5038 quud
1740 4962 1884 5021 dieantur.

539 5044 603 5104 Nisi
627 5044 704 5103 enim
727 5049 868 5106 odueinna
889 5047 1070 5107 diversarum
1093 5053 1289 5126 quantitatum
1311 5052 1386 5112 inter
1406 5069 1441 5110 se
1460 5052 1653 5123 misoeantur,
1683 5066 1746 5110 non
1767 5066 1885 5109 aeetae

540 5132 619 5191 bitur
645 5132 729 5191 verbi
761 5148 852 5193 sarua
869 5148 918 5193 es
942 5136 959 5193 6
985 5135 1032 5196 rel
1057 5140 1073 5195 i
1097 5139 1176 5199 tonis
1198 5138 1359 5215 majoribus
1390 5139 1492 5217 aliqua
1519 5140 1714 5200 ιιιιιιιιιιιὶι
1735 5135 1884 5214 diepam
