4467 6192
971 605 1112 678 cmiogia
1654 615 1719 676 tit»

366 785 503 846 naturali
525 791 555 846 et
575 787 736 864 conspicua
756 793 829 848 uota
849 785 1019 863 dispungas,
1041 782 1093 846 sed
1115 786 1146 842 in
1161 784 1364 865 dispungendo
1378 804 1458 847 mero
1474 789 1566 849 utaris
1588 789 1717 866 arbitrio,

369 873 442 932 nihi
465 882 564 951 partes
585 877 774 935 terminorum
801 877 877 934 inter
897 891 930 932 sc
953 880 1187 951 comparatorum
1217 892 1268 952 per
1289 891 1321 933 se
1350 876 1446 950 ipsas,
1478 877 1541 936 sine
1563 877 1734 939 arbitraria*

367 961 515 1022 diuisione
537 963 598 1022 siut
620 965 804 1040 conspicuae.
849 961 943 1040 Igitur
964 961 1021 1020 huc
1037 963 1087 1019 211
1110 968 1202 1032 textu,
1225 961 1295 1020 dum
1316 960 1457 1040 idipsum
1480 965 1588 1040 incipio
1611 963 1719 1044 dicere,

364 1056 397 1110 tu
420 1049 617 1109 stomacharis
638 1050 733 1110 ueluti
754 1066 842 1126 super
863 1050 1095 1126 importunitate
1116 1067 1199 1120 mcc,
1227 1051 1352 1124 copiqne
1373 1057 1401 1109 te
1422 1053 1467 1110 eie
1490 1051 1533 1111 cd
1554 1051 1718 1130 defenden-

365 1135 442 1196 dum
464 1135 645 1212 &wiotan
665 1139 867 1213 quaternarii.
913 1136 977 1212 lige
1001 1152 1086 1205 vero,
1120 1137 1175 1195 etsi
1197 1153 1254 1195 non
1278 1153 1399 1213 possum
1423 1137 1521 1211 aliter,
1552 1157 1640 1215 quam
1664 1157 1718 1200 uc-

298 1232 300 1237 ·
365 1223 466 1283 umeri
488 1226 638 1302 mysteria,
661 1241 738 1301 quae
761 1234 792 1284 tu
816 1225 864 1286 hic
886 1241 921 1284 ex
941 1221 1132 1300 philosophia
1148 1222 1348 1301 Pythagorica
1371 1227 1480 1303 promis
1503 1243 1597 1302 exque
1612 1215 1719 1287 cabala

363 1309 586 1385 Hebraeorum,
618 1329 677 1370 non
700 1314 839 1374 existimo
854 1322 956 1372 tamen
979 1319 1008 1370 te
1031 1317 1164 1371 coactum
1188 1328 1207 1369 a
1228 1328 1276 1372 me
1298 1313 1413 1388 potius,
1441 1330 1529 1389 quam
1552 1315 1719 1388 invitatum,

362 1415 419 1457 uec
443 1401 563 1459 invenio
587 1399 756 1475 quidquam,
780 1397 859 1475 quod
882 1399 1095 1475 comparationi
1116 1412 1201 1458 meae
1223 1397 1341 1458 officiat.
1386 1399 1440 1457 liet
1468 1401 1587 1460 omnino
1610 1418 1718 1478 magna

363 1488 547 1562 quaternarii
570 1486 714 1562 digniter,
744 1496 775 1546 ot
796 1486 853 1550 hac
874 1486 1092 1548 nonobstante
1120 1486 1208 1545 situm
1239 1493 1337 1549 tamen
1369 1487 1475 1546 intuo
1503 1488 1559 1546 luit
1586 1489 1717 1568 arbitrio,

363 1571 497 1633 dividere
523 1574 687 1649 subiectum
719 1572 840 1650 aliquod
868 1574 1071 1636 harmonicum
1102 1571 1151 1634 vel
1182 1575 1211 1632 ln
1240 1580 1367 1650 quatuor
1397 1573 1446 1632 vel
1476 1577 1565 1634 etiam
1596 1577 1624 1633 in
1648 1578 1713 1636 tria

363 1659 433 1719 Non
463 1662 541 1720 enim
563 1663 655 1722 uteris
681 1662 791 1738 ubique
819 1661 966 1720 divisione
992 1661 1193 1736 quaternaria,
1225 1658 1369 1722 interdum
1399 1661 1450 1720 tihi
1474 1660 1573 1738 placet
1602 1670 1634 1722 ct
1655 1669 1715 1726 ter-

363 1752 461 1821 naria,
484 1756 517 1808 ut
538 1750 673 1824 sequenti
696 1758 777 1810 textu
801 1749 853 1810 tt.
876 1747 983 1808 indico.
1030 1745 1109 1826 Quid
1131 1749 1157 1806 ei
1180 1763 1235 1824 ego
1263 1755 1360 1808 tecum
1391 1766 1426 1806 ex
1450 1751 1509 1809 tuis
1537 1751 1630 1825 ipsius
1654 1750 1717 1809 dis-

362 1847 472 1912 putem
493 1835 663 1915 principiis?
707 1836 753 1898 Au
778 1838 833 1898 crit
853 1835 924 1894 mibi
948 1833 1065 1894 difficile
1087 1833 1221 1912 probare,
1244 1841 1272 1894 te
1295 1835 1352 1894 hcc
1374 1833 1493 1910 quidem
1517 1838 1581 1896 vice
1602 1854 1717 1913 nequa-

360 1941 455 1998 quam
466 1925 630 2000 respexisse
646 1927 737 2002 primo
752 1923 791 1982 ud
810 1923 984 2000 dignitatem
1000 1924 1185 1998 quaternarii,
1210 1921 1279 1982 dum
1296 1929 1422 1999 quatuor
1437 1922 1545 1998 gradus
1561 1927 1719 2001 opacitatis

360 2010 498 2083 exhibea,
520 2010 573 2072 sed
595 2011 762 2073 immediate
784 2009 822 2070 ad
844 2024 996 2069 numerum
1020 2009 1230 2070 elementorum
1250 2009 1491 2086 quaternarium?
1535 2011 1610 2070 Nam
1627 2011 1717 2088 qnid-

360 2098 436 2174 quid
466 2107 511 2158 est
538 2101 567 2156 in
595 2116 718 2159 excessu
745 2100 900 2174 opacitatis
931 2106 1025 2160 terrae
1055 2113 1143 2173 super
1166 2100 1342 2175 opacitatem
1369 2113 1482 2174 equae,
1514 2097 1544 2158 id
1567 2106 1637 2177 puto
1660 2100 1716 2158 tibi

363 2204 432 2244 esec
454 2185 579 2261 gradum
600 2194 748 2265 quurtum,
771 2185 914 2262 quidquid
937 2183 1002 2262 plus
1026 2187 1055 2266 iu
1069 2202 1148 2260 aqua
1171 2201 1260 2260 quam
1276 2187 1306 2242 iu
1321 2189 1398 2256 abre,
1421 2186 1549 2259 tertium,
1573 2185 1717 2262 quidquid

360 2273 432 2350 plus
454 2274 485 2332 iu
507 2277 576 2333 a'e're
597 2290 687 2349 quam
710 2276 738 2332 in
762 2275 852 2351 igne,
868 2271 1045 2344 secundum,
1074 2273 1139 2348 ipsa
1160 2288 1232 2331 vcro
1255 2273 1333 2348 ignis
1357 2272 1566 2334 tenebrositate
1593 2275 1716 2352 primum

360 2359 470 2419 definis
492 2359 624 2436 madum.
668 2360 751 2420 Haec
774 2359 910 2437 equidem
933 2358 1081 2419 distinctio
1103 2365 1225 2420 naturae
1239 2361 1331 2434 ipsius
1353 2367 1406 2432 eet,
1430 2361 1454 2417 si
1469 2357 1616 2436 ponimus,
1640 2378 1716 2438 qua·

361 2450 529 2508 ternionem
557 2448 640 2508 illum
669 2449 881 2508 elementorum
909 2446 962 2504 niti
990 2456 1113 2506 naturae
1142 2447 1301 2524 principiis.
1347 2445 1397 2505 Sic
1419 2449 1496 2506 enim
1526 2450 1614 2508 etiam
1637 2447 1717 2528 apud

362 2553 414 2594 mc
440 2534 560 2594 diurnae
583 2535 720 2612 planetae
749 2543 847 2594 motus
869 2551 927 2593 non
951 2551 983 2593 sc
1005 2536 1084 2610 ipso,
1116 2533 1169 2592 aed
1192 2535 1411 2612 comparatione
1440 2534 1612 2596 admotum
1641 2535 1717 2596 altc-

356 2625 425 2680 riue
447 2631 545 2700 partes
568 2624 687 2686 sortitur
710 2632 844 2698 quatuor,
868 2629 938 2680 tunc
959 2621 1087 2694 scilicet,
1122 2637 1187 2680 cum
1210 2633 1348 2682 croeseue
1371 2623 1458 2680 uuiue
1481 2640 1569 2700 super
1592 2622 1717 2684 alterum

358 2719 407 2768 ter
439 2711 601 2770 continetur
631 2711 663 2769 in
691 2710 783 2770 altero
814 2716 924 2770 exacte.
971 2709 1011 2768 At
1041 2710 1169 2775 uicissim
1194 2711 1283 2768 etiam
1311 2709 1443 2785 expende
1472 2712 1601 2770 rationes
1624 2712 1715 2784 meae,

358 2798 473 2873 quibus
487 2797 576 2856 ‘hanc
605 2801 830 2873 quaternitatem
859 2787 1003 2873 graduum
1030 2795 1189 2854 refellam„
1223 2795 1351 2854 Primum
1383 2795 1530 2858 clemente
1559 2814 1719 2875 corporum¹

355 2902 422 2943 non
446 2892 514 2944 eunt
536 2895 677 2961 quatuor,
707 2887 809 2952 nititur
831 2899 969 2942 numerus
992 2885 1047 2942 iste
1070 2882 1226 2942 Platonica
1254 2884 1351 2961 potius
1378 2884 1630 2961 symbolisatione,
1669 2885 1717 2946 vel

316 2979 321 2988 '
359 2972 553 3032 Aristotelica
575 2972 751 3047 qualitatum
781 2971 1013 3043 combinatione,
1043 2971 1099 3030 uisi
1123 2969 1200 3046 quid¹
1216 2969 1297 3030 aliud
1328 2971 1426 3046 ignem
1449 2971 1595 3046 dicamne,
1627 2990 1717 3048 quarn

360 3057 459 3133 illum,
482 3061 534 3135 qui
555 3057 724 3136 depascitur
745 3075 876 3137 corpora.
919 3057 983 3118 Nec
1005 3075 1071 3117 mea
1092 3067 1138 3116 eet
1159 3059 1280 3116 novatio
1304 3057 1370 3129 ista,
1395 3061 1517 3133 negauit
1540 3058 1618 3120 idem
1641 3058 1717 3120 Car·

359 3145 460 3206 &nus
486 3151 555 3211 aute
584 3165 632 3206 rus
662 3142 804 3222 multique
832 3145 892 3206 alii.
945 3144 978 3204 Si
1008 3146 1250 3222 compositionem
1281 3145 1465 3221 respicimus,
1506 3163 1542 3206 eu
1580 3155 1656 3210 terra
1687 3155 1718 3206 et
1755 3146 1765 3180 ¹

358 3250 445 3310 aqua
467 3240 603 3293 coustant
623 3233 797 3302 britecha,
816 3234 972 3310 pleraque,
1002 3241 1047 3290 est
1067 3233 1116 3292 ubi
1141 3234 1229 3292 etiam
1253 3249 1288 3290 ex
1312 3235 1393 3304 abre,
1424 3251 1460 3292 ex
1483 3234 1551 3310 igne
1577 3232 1651 3293 nihil
1673 3233 1716 3307 tit,

360 3319 418 3379 sed
445 3322 522 3396 ignis
549 3323 648 3382 omnia
675 3323 829 3381 consumit.
874 3319 1075 3396 Quaecunque
1103 3322 1229 3394 vestigia
1252 3321 1317 3394 quis
1347 3320 1425 3394 ignis
1455 3326 1617 3380 moechare
1645 3321 1718 3380 uelit

359 3411 394 3468 iu
417 3406 616 3481 naturalibus,
648 3424 683 3468 eu
706 3410 816 3470 turmae
837 3409 937 3484 potins
959 3415 1010 3466 aut
1032 3408 1148 3470 animae
1169 3414 1253 3480 eunt,
1287 3423 1363 3482 quac
1386 3424 1445 3466 non
1469 3416 1515 3468 eet
1540 3407 1718 3468 clementum

364 3511 541 3574 corporeum
574 3496 620 3555 vel
649 3497 847 3560 materiatum.
880 3502 912 3553 ut
931 3502 1016 3570 ¹terra
1045 3493 1092 3554 vel
1121 3511 1210 3569 aqua.
1260 3492 1311 3554 Sin
1339 3511 1410 3554 vcro
1442 3496 1479 3554 cd
1508 3495 1717 3557 resolutionem

360 3585 484 3644 venitur
510 3589 666 3659 corporur'n
689 3580 874 3652 naturalium,
894 3581 958 3657 jam
979 3580 1089 3639 dudum
1113 3582 1235 3654 Arabes,
1260 3579 1457 3657 chymicorum
1481 3589 1597 3641 tuorum
1621 3583 1717 3660 majo-

358 3688 430 3743 res,
461 3672 519 3730 triu
540 3669 725 3748 agnovet‘unt
746 3671 904 3746 principiar'
929 3668 991 3741 sul,
1019 3665 1143 3748 sulphur
1165 3677 1195 3728 et
1216 3670 1407 3742 mercurium,
1435 3679 1521 3748 putu,
1544 3687 1663 3730 terreum
1687 3673 1716 3728 in

362 3759 427 3818 bec
449 3766 568 3818 secutus
591 3760 773 3838 mercurium¹
787 3757 905 3828 dixisse,
929 3755 1068 3834 quicquid
1092 3755 1221 3822 exhalat,
1244 3754 1323 3831 qnod
1341 3755 1494 3816 odoratum
1516 3765 1630 3829 movet;
1652 3757 1716 3816 eul-

317 3851 321 3867 '
360 3845 455 3924 phur,
478 3862 538 3920 quo
561 3848 690 3921 puecitur
712 3845 843 3918 flamma;
865 3843 924 3915 sal,
952 3842 1032 3919 quod
1055 3852 1124 3919 post
1147 3843 1404 3918 conflagrationem
1428 3843 1537 3904 residet
1558 3846 1587 3900 iu
1611 3845 1717 3908 cineri·

360 3935 432 3992 bue.
476 3931 532 3993 His
554 3935 643 4008 igitur
665 3933 834 3991 auctoribus
857 3932 933 4007 ignis
949 3938 1088 4009 ,uastatur
1111 3937 1164 4002 eat,
1189 3929 1299 3987 divisor
1320 3938 1373 4004 est,
1397 3930 1623 4002 dissolutorem,
1648 3945 1720 4007 pars·

361 4019 600 4100 corporis-hund
623 4028 677 4080 cet
722 4019 818 4079 Mults
840 4020 869 4076 in
890 4017 970 4078 hauc
991 4017 1166 4078 seutentiam
1190 4015 1330 4092 disputari
1354 4025 1488 4095 possent,
1519 4035 1595 4095 quae
1618 4026 1714 4076 tamen
1759 4065 1761 4072 ,

362 4107 457 4183 buius
477 4107 536 4166 loci
558 4125 617 4168 non
640 4114 684 4168 est
699 4099 841 4183 prolixius
857 4104 1011 4182 explicare.
1055 4103 1248 4181 Quaternario
1265 4105 1352 4180 igitur
1370 4106 1579 4178 clementorum
1595 4119 1715 4165 numero

361 4195 526 4271 dissipato,
555 4193 668 4255 deletur
697 4197 786 4254 etiam
816 4192 963 4252 distinctio
993 4194 1051 4252 ista
1083 4190 1257 4268 qualitatum
1287 4209 1527 4270 quarumcunque
1556 4191 1716 4268 ingratius

363 4292 505 4359 quatuor.
551 4279 665 4344 Deinde
688 4283 738 4357 qui
761 4280 871 4358 medus
892 4280 1019 4355 alicujus
1040 4279 1083 4340 rei
1103 4286 1246 4361 numerat,
1271 4279 1297 4338 ie
1320 4297 1378 4339 non
1403 4279 1491 4340 debet
1513 4282 1542 4337 in
1565 4296 1716 4340 numerum

364 4371 477 4430 referre
507 4369 554 4428 vel
576 4372 763 4444 negationem
791 4369 832 4428 rei
855 4384 973 4445 puram,
1002 4366 1051 4426 uel
1078 4365 1222 4428 infinitum
1245 4369 1406 4444 quippiam.
1454 4369 1494 4426 At
1521 4369 1550 4424 in
1574 4366 1619 4424 bie
1648 4369 1716 4444 tuis,

362 4458 523 4528 Roherte,
539 4455 681 4533 gradibus
709 4456 807 4520 video,
826 4457 856 4514 iu
885 4462 962 4516 terra
982 4456 1170 4530 negationem
1194 4453 1270 4514 lucis
1293 4473 1414 4528 meram,
1447 4454 1633 4513 obscuritatis
1656 4456 1716 4515 uhu

363 4543 511 4603 inlinitum
543 4552 573 4605 et
604 4543 791 4604 illimitatum.
840 4542 906 4602 Hoc
939 4538 1058 4621 perinde
1091 4549 1149 4615 est,
1179 4557 1215 4600 nc
1246 4544 1271 4600 ei
1302 4545 1368 4618 quie
1403 4540 1525 4615 diceret,
1547 4540 1717 4615 cujuslibet

363 4633 465 4699 lineae
487 4622 633 4692 treu‘esae
656 4639 763 4709 partes,
786 4639 926 4707 punctum
948 4630 1034 4704 initii,
1057 4628 1165 4688 lineam
1189 4632 1335 4708 ipsamet
1358 4636 1496 4706 punctum
1519 4627 1616 4688 finale.
1661 4629 1717 4688 tt-

366 4737 430 4797 que
460 4717 549 4794 bujus
579 4719 710 4779 delectus
731 4718 947 4778 contessionem¹
973 4716 1064 4777 veluti
1087 4713 1236 4790 quandam
1262 4715 1404 4776 hebemue
1435 4718 1464 4772 in
1488 4718 1553 4792 ipsa
1584 4718 1716 4798 oratione

364 4817 438 4881 tna,
469 4821 535 4866 cum
558 4809 603 4867 eis
624 4814 740 4866 tcrrom
763 4823 886 4880 porum
904 4806 951 4864 uel
972 4803 1050 4863 nibil
1070 4803 1180 4862 babere
1199 4801 1319 4880 formae
1348 4801 1498 4862 conlucis
1521 4803 1717 4884 ¹oinifiocein

362 4913 407 4955 ae.
454 4893 554 4954 Tertio
585 4897 612 4953 si
643 4894 803 4970 qualitates
832 4894 913 4970 ipsas
934 4907 1100 4963 sumamus,
1132 4891 1248 4966 ineptae
1272 4889 1341 4949 illac
1364 4891 1548 4950 invenientur
1578 4889 1717 4954 adhunc

363 4983 597 5060 quaternarium.
642 4981 674 5041 Si
706 4980 803 5040 lucem
831 4981 994 5052 intuemur,
1020 4976 1102 5035 nullu
1124 4974 1174 5036 lux
1197 4983 1242 5036 est
1268 4978 1298 5036 in
1325 4980 1392 5037 edre
1422 4979 1511 5039 insita
1538 4985 1567 5038 et
1589 4981 1715 5056 propria,

363 5069 450 5137 nrdla
472 5071 500 5128 in
522 5086 620 5146 aqua,
648 5066 730 5128 nulla
752 5069 782 5127 in
804 5073 898 5161 terra3
919 5067 951 5126 si
974 5062 1220 5146 pellucidltateru,
1250 5081 1287 5128 ec
1317 5065 1347 5124 in
1370 5066 1489 5132 aethere
1511 5068 1639 5128 maxima
1661 5073 1715 5142 eet,
