4467 6192
950 724 1091 795 Apologia
1631 700 1694 781 443

357 900 443 959 etoic
466 898 503 960 de
525 904 638 963 ceteris.
685 900 715 983 3)
739 902 850 979 Quodsi
873 920 958 981 urges
982 904 1202 965 similitudinem
1224 908 1314 974 tuam,
1337 907 1370 959 ut
1386 897 1493 958 dando
1515 898 1604 957 etiam
1618 896 1693 975 pede

263 1057 268 1066 Ι
355 995 488 1063 properet,
512 988 559 1049 dic
582 1005 699 1066 quaeso
724 990 873 1067 quodnam
896 1008 937 1052 ax·
951 994 1103 1052 ‘concinnis
1119 1006 1269 1097 compares
1294 989 1484 1048 comunitate
1507 996 1597 1045 carrea
1610 986 1695 1061 prio·-

260 1085 269 1097 ’·
355 1073 465 1133 sitatis?
509 1074 592 1137 Anne
616 1092 674 1136 non
704 1096 793 1137 unum
816 1082 958 1160 primurn,
988 1081 1040 1142 sed
1064 1082 1162 1139 omnia
1184 1081 1239 1139 tria
1262 1074 1348 1135 simul
1369 1077 1496 1134 existunt
1530 1080 1598 1132 aute
1621 1088 1694 1131 con·

264 1158 265 1161 ’
354 1162 519 1221 sonantiasi
563 1165 600 1223 Et
629 1180 680 1223 eur
705 1176 764 1251 non
791 1166 892 1242 plura,
925 1182 983 1227 non
1006 1167 1171 1245 pauciora?
1213 1164 1251 1226 Et
1274 1175 1363 1240 quam
1385 1162 1423 1221 ob
1447 1175 1566 1221 causam
1596 1160 1694 1237 quod·

264 1321 268 1332 ·
355 1248 445 1308 libet?
488 1248 623 1329 Denique
647 1239 722 1328 quae
745 1270 836 1314 causa
858 1255 1033 1333 triplicitatis
1063 1258 1091 1314 in
1114 1259 1181 1332 ipso
1203 1252 1292 1312 otiu?
1335 1249 1426 1309 Hisce
1452 1248 1595 1325 angustiis
1618 1246 1697 1308 itte»

260 1356 261 1359 ¹
353 1343 424 1394 ratur
447 1338 480 1411 ip,
504 1341 552 1413 qui
578 1343 720 1401 concinna
742 1340 859 1415 singula
883 1342 984 1403 defluit
998 1360 1063 1403 esse
1088 1342 1265 1402 differentias
1280 1339 1536 1399 consonantiarum
1552 1336 1693 1410 binarum,

353 1426 456 1503 priores
478 1432 610 1487 statuens
634 1431 857 1502 consonantiae,
891 1440 952 1489 tum
975 1428 1090 1491 demum
1119 1433 1201 1507 ipsae
1223 1428 1335 1487 differre
1365 1424 1532 1499 intelligens
1557 1422 1696 1483 diii'eren·

352 1514 474 1587 tiamqne
503 1512 560 1572 hoo
587 1516 703 1573 nominc
731 1517 863 1586 concinni
896 1518 1078 1594 indigetem,
1109 1534 1192 1577 nam·
1207 1532 1260 1595 pro
1289 1513 1459 1573 diversitate
1489 1511 1622 1586 bigarum
1646 1511 1694 1569 di*

353 1616 431 1657 tersa
461 1598 504 1657 ilii
527 1603 685 1677 gignuntur
707 1604 865 1679 concinna3
896 1606 1021 1683 denique
1044 1609 1173 1666 omnium
1202 1603 1400 1682 quaesitorum
1424 1599 1695 1675 causas'expcdiat

352 1704 383 1747 ex
403 1685 460 1745 hoo
483 1696 547 1747 ortu
571 1691 730 1767 assignato
776 1690 833 1751 Hic
861 1701 893 1751 tu
916 1694 1008 1753 multa
1029 1694 1193 1767 interseris,
1223 1707 1299 1768 quae
1323 1689 1485 1765 dispeream
1517 1687 1542 1745 si
1566 1686 1692 1763 videam,

352 1772 493 1849 quomodo
517 1784 630 1835 mamm
652 1786 801 1854 pugnent;
824 1786 900 1856 quae
924 1782 995 1858 quia
1015 1800 1062 1841 me
1085 1798 1143 1841 non
1166 1782 1298 1851 attinent,
1321 1790 1416 1853 neque
1440 1770 1575 1876 delendo,
1597 1790 1695 1852 neque

351 1862 448 1920 rciuio.

431 1949 609 2010 Absurdum
630 1952 723 2030 sord,
755 1955 868 2029 inquis,
897 1962 1016 2030 puncta
1044 1954 1180 2015 dulcari
1211 1972 1232 2013 a
1253 1954 1348 2011 lineis.
1394 1950 1480 2010 Nora
1501 1948 1694 2011 similitudine

350 2052 459 2111 pugnas
482 2042 610 2097 omnium
635 2038 837 2101 dissimillima.
884 2042 1028 2103 Punctum
1058 2048 1087 2101 ei
1107 2041 1188 2121 linea
1220 2049 1283 2099 toto
1305 2054 1410 2117 genere
1438 2036 1588 2111 differunt,
1618 2037 1692 2097 liiud

260 2194 261 2197 Ἴ
349 2131 432 2199 negat
454 2128 656 2201 quantitatem,
679 2128 736 2187 hoc
760 2130 809 2189 ait.
855 2128 1056 2189 concinnast
1079 2146 1209 2189 consona
1231 2129 1286 2188 sub
1308 2126 1412 2186 eodem
1430 2126 1563 2202 proximo
1586 2136 1693 2202 geneis

260 2208 266 2245 ²
350 2214 562 2287 proportionum
587 2217 779 2274 eontinentur.
826 2216 862 2275 tit
885 2225 982 2277 tamur
1006 2224 1038 2277 ιιι
1059 2216 1120 2276 fieri
1144 2217 1219 2277 solet
1241 2218 1270 2272 in
1293 2214 1399 2293 piano,
1428 2219 1461 2271 ut
1482 2220 1591 2289 puncta
1613 2220 1695 2274 certa

349 2298 570 2359 determinentur
598 2314 740 2384 concursu
771 2303 929 2377 linearum,
962 2306 1011 2364 ubi
1041 2304 1137 2364 imeae
1168 2305 1255 2364 binae
1277 2304 1388 2380 priores
1411 2306 1479 2359 sunt
1508 2306 1617 2376 puncto
1637 2300 1694 2361 iiio

349 2402 435 2445 cauea
459 2390 505 2447 sui
530 2388 712 2449 determinati
736 2393 818 2463 situs,
842 2394 884 2450 sic
907 2395 996 2451 etiam
1019 2408 1053 2451 ex
1078 2394 1277 2452 consonantiis
1306 2387 1383 2449 binis
1406 2400 1495 2446 unum
1520 2391 1692 2448 concinnum

349 2472 562 2548 determinatur,
587 2476 615 2534 id
631 2477 710 2552 quod
727 2477 932 2537 declarationis
940 2481 1038 2538 scium
1055 2498 1144 2543 causa
1156 2479 1265 2539 dictum
1278 2477 1356 2549 volo,
1379 2490 1438 2534 non
1453 2475 1644 2551 probationis.
1653 2471 1694 2555 ⁴⁹)

432 2562 599 2638 Sequuntur
624 2564 797 2625 Cimmeriae
827 2567 981 2643 tenebrae;
1012 2568 1133 2643 ignosce
1154 2566 1281 2626 Roberte
1314 2556 1467 2623 obtusitati
1497 2570 1601 2640 captus
1624 2565 1692 2628 mei,

264 2672 266 2679 >
347 2648 379 2707 ln
401 2648 504 2725 figuris
526 2648 622 2727 planis
646 2652 813 2713 consideras
835 2654 981 2727 trigonoe,
1004 2663 1038 2721 ut
1060 2655 1237 2714 elementum
1260 2653 1417 2729 figurarum
1438 2648 1693 2726 simplicissimum,

261 2736 265 2771 ³
345 2738 372 2791 in
396 2738 512 2808 trigono
536 2739 676 2798 observas
700 2739 801 2812 lineas,
825 2753 898 2815 quas
922 2750 1018 2819 partes
1041 2743 1147 2817 trigoni
1170 2741 1311 2820 appellas,
1334 2741 1364 2797 in
1379 2738 1465 2797 lineis
1483 2745 1602 2813 puncta,
1626 2742 1719 2814 qui·-

345 2822 397 2881 bus
420 2823 491 2883 iliae
515 2834 697 2885 concurrunt.
742 2826 812 2886 lam
836 2831 1041 2887 consonantias
1065 2829 1165 2905 liguris
1181 2828 1342 2906 compa'ras,
1365 2832 1466 2884 tonum
1490 2824 1594 2886 lineae.
1632 2828 1694 2886 Er-

345 2912 531 2986 spectabam,
564 2921 597 2972 ιιι
630 2916 706 2975 sicut
737 2932 755 2972 a
784 2917 906 2990 trigonis
936 2916 1061 2992 figuras,
1094 2920 1136 2975 sio
1169 2934 1188 2976 a
1217 2916 1295 2976 tonis
1322 2914 1528 2973 consonantias
1557 2916 1694 2992 componi

344 3014 506 3072 assererem
538 2999 595 3059 hoc
617 3002 694 3060 enim
716 2999 872 3062 videbatur
893 3006 1038 3079 requirere
1067 3005 1202 3063 instituta
1227 3004 1302 3062 ratio
1324 3000 1540 3074 similitudinis,
1572 3002 1694 3077 Jamque

260 3090 262 3119 r
341 3084 488 3145 habebam
520 3089 548 3144 iu
573 3104 638 3159 ore,
672 3088 742 3164 qnid
765 3089 821 3148 hoc
844 3088 951 3149 dicenti
977 3107 1156 3166 reponerem.
1202 3090 1242 3149 ιιι
1272 3098 1376 3160 ιοιιιιι,
1406 3097 1438 3144 ιιι
1460 3086 1566 3159 video,
1598 3088 1694 3148 iinene'

260 3182 264 3212 ²
343 3180 544 3249 comparatur,
576 3181 608 3234 ut
630 3178 706 3235 sicut
728 3179 757 3234 in
780 3176 880 3251 tiguris
903 3178 1134 3257 multiplicantur
1155 3178 1263 3250 latera,
1294 3174 1387 3237 sicin
1410 3178 1609 3235 consonantiis
1632 3178 1695 3235 toni

341 3260 545 3337 intelligantur
560 3266 699 3321 enervari.
746 3264 785 3321 At
780 3264 870 3341 quid
886 3281 960 3341 opus
976 3272 1029 3338 est,
1052 3265 1189 3339 Robertc,
1213 3274 1306 3323 ortum
1323 3264 1578 3325 consonantiarum
1593 3279 1695 3325 eruere

340 3346 374 3407 de
397 3364 480 3407 novo
503 3364 539 3407 ex
560 3350 704 3409 similibus
726 3332 975 3423 claudicantibus,
1006 3369 1070 3413 eum
1094 3355 1133 3411 sit
1156 3356 1185 3410 in
1207 3359 1323 3429 promtu
1352 3350 1496 3427 genuinus
1518 3357 1548 3410 et
1570 3353 1694 3410 rarissi-

260 3442 261 3451 ’
339 3450 406 3494 mus
432 3452 534 3495 earum
558 3444 638 3497 ortus
661 3454 697 3496 ex
721 3440 849 3498 sectione
874 3438 1000 3499 chordae
1023 3438 1193 3511 circularis,
1214 3456 1290 3528 qnae
1312 3438 1360 3497 iit
1367 3453 1419 3515 per
1440 3436 1586 3512 iiguras‘l
1616 3437 1694 3514 Quid

338 3538 415 3599 opus
440 3524 625 3600 transfugere
648 3524 685 3583 ad
709 3524 924 3585 multitudinem
947 3526 1069 3587 laterum
1092 3527 1212 3603 figurae,
1235 3531 1259 3585 si
1274 3524 1357 3585 iocus
1373 3532 1418 3585 est
1436 3526 1511 3583 ortui
1528 3542 1695 3586 consonan-

337 3612 448 3669 tiarum
472 3611 500 3667 in
524 3614 712 3689 proportione
743 3610 965 3673 constitutarum
989 3616 1113 3691 partiam
1145 3613 1266 3674 circuli?
1309 3614 1375 3672 Non
1397 3612 1522 3686 habent,
1553 3614 1694 3688 Roberte,

337 3699 554 3757 consonantiae
576 3716 631 3759 sua
652 3698 847 3759 multitudinis
863 3704 981 3761 nomina
999 3718 1149 3760 enumero
1164 3701 1287 3761 laterum
1307 3702 1427 3776 iigurae,
1455 3716 1530 3775 quae
1546 3716 1694 3777 quamque

336 3786 447 3861 gignit.
492 3784 531 3843 Et
555 3788 624 3861 quia
647 3785 682 3846 dc
706 3786 808 3847 iisdem
830 3788 930 3863 figuris
954 3797 987 3847 tu
1008 3789 1147 3863 balbutie,
1172 3806 1246 3865 quus
1269 3797 1298 3848 et
1320 3804 1375 3865 ego
1398 3786 1519 3848 udutnut
1543 3787 1580 3847 ad
1603 3802 1694 3860 genc-

335 3874 487 3932 rationem
510 3876 780 3946 consonantiarum,
811 3892 882 3949 age,
913 3874 1064 3935 discrimen
1088 3876 1241 3936 ostendam
1265 3873 1405 3946 interid,
1438 3874 1516 3951 qnod
1540 3882 1694 3935 serumst

337 3948 469 4029 clarum,
487 3966 515 4017 ei
538 3960 577 4032 id,
602 3958 682 4047 quod
704 3967 734 4019 tn
759 3964 897 4025 somnias.
943 3963 988 4022 Sit
1010 3964 1090 4022 verbi
1115 3970 1204 4022 causa
1234 3971 1432 4039 pentagonum
1462 3963 1540 4033 hunc
1568 3970 1600 4021 tu
1620 3972 1699 4040 proo·

336 4046 384 4105 cui
411 4046 505 4105 dubio
527 4063 711 4125 comparares
735 4055 849 4121 sextae,
880 4051 950 4125 quia
976 4056 1010 4108 nt
1027 4057 1214 4127 pentagonus
1243 4049 1333 4126 babet
1363 4052 1492 4125 quinque
1515 4046 1622 4125 latera,
1651 4051 1695 4109 sio

336 4142 427 4193 sexta
453 4136 582 4210 quinque
605 4136 695 4194 habet
718 4143 804 4196 tonos
826 4139 1015 4216 promiscuos
1064 4138 1103 4196 ιιι
1132 4140 1212 4195 irrita
1242 4143 1286 4195 est
1308 4117 1505 4214 comparatio,
1534 4138 1694 4196 nonenim
1759 4141 1765 4166 ¹

336 4220 500 4281 discrimen
524 4222 614 4281 ulium
636 4224 747 4281 indicat
770 4224 845 4283 inter
866 4232 974 4305 sextas,
997 4225 1138 4301 majorem
1162 4228 1353 4285 etminorem.
1400 4222 1494 4284 Aliter
1516 4232 1581 4301 ego.
1618 4224 1693 4297 liam

334 4310 578 4383 consonantiam,
612 4326 688 4387 quae
714 4314 802 4371 'tenta
825 4311 920 4386 major
942 4311 1059 4381 dicitur,
1092 4313 1178 4375 elicio
1201 4328 1237 4371 ex
1258 4320 1443 4390 pentagono,
1474 4312 1523 4387 qui
1555 4310 1693 4370 circulum

333 4396 498 4472 distinguit
520 4399 549 4453 in
574 4414 658 4457 arcus
680 4398 820 4473 aequales
844 4400 984 4474 quinque.
1029 4399 1099 4459 Sive
1130 4400 1223 4476 igitur
1246 4398 1500 4459 totumcirculum
1528 4410 1694 4475 comparem

334 4498 405 4543 cum
432 4493 560 4559 quatuor
582 4487 643 4543 suis
667 4478 784 4561 quintis,
810 4488 874 4545 sive
898 4488 1027 4563 quinque
1042 4484 1201 4564 pentagoni
1224 4488 1317 4546 latera
1338 4490 1367 4544 in
1384 4500 1472 4545 unam
1487 4494 1596 4544 rectam
1612 4499 1694 4545 com·-

329 4572 441 4649 poeita
469 4586 535 4630 cum
557 4570 697 4631 lateribus
725 4572 789 4647 ejus
819 4582 960 4648 qnamor,
991 4576 1127 4650 utrinque
1149 4574 1220 4634 milri
1248 4576 1376 4651 gignitur
1403 4574 1553 4648 proportio
1577 4568 1634 4656 7„
1665 4581 1694 4632 et

261 4734 262 4737 Ἴ
331 4660 618 4734 inveniuutaures,
652 4672 813 4719 consonare
835 4658 959 4720 chordas
988 4661 1121 4737 ejusdem
1144 4664 1285 4721 tensionis
1314 4663 1357 4720 sic
1378 4665 1572 4735 comparatas.
1617 4658 1694 4719 titii

330 4748 429 4823 igitur
457 4746 587 4821 gignitur
615 4747 714 4823 aliqua
745 4750 936 4807 consonantia
964 4760 1186 4825 apentagono,
1216 4757 1247 4807 at
1272 4758 1331 4805 non
1353 4747 1461 4823 accipit
1481 4758 1602 4821 nomen,
1635 4765 1693 4807 non

328 4844 494 4895 numerum
523 4841 660 4892 tonorum
689 4852 707 4892 a
730 4843 909 4910 pentagono.
944 4834 1039 4893 iltsi
1070 4834 1152 4894 nulia
1174 4834 1233 4892 aiia
1256 4842 1334 4892 esset
1356 4836 1548 4893 consonantia
1576 4843 1695 4911 praeter

327 4922 424 4991 banc,
451 4926 558 4981 natura
580 4920 658 4981 bauo
679 4924 794 4981 unicam
817 4936 875 4980 non
900 4920 1018 4981 doceret
1047 4923 1075 4979 in
1100 4929 1185 4980 tonos
1209 4919 1357 4995 dividere,
1390 4918 1442 4979 sed
1467 4917 1499 4978 iit
1523 4920 1586 4997 jam
1610 4936 1693 4982 cora·

327 5008 495 5087 paratione
518 5006 645 5083 plurium
668 5009 926 5069 consonantiarum
948 5010 1111 5083 quantitate
1128 5010 1176 5067 ina
1194 5007 1334 5085 qualium,
1357 5014 1391 5067 ut
1409 5006 1570 5068 secundum
1593 5023 1693 5069 earum

327 5112 481 5161 acessus
511 5096 660 5172 minimos,
693 5112 767 5188 quos
796 5097 939 5155 concinna
969 5094 1106 5171 dicimus,
1137 5026 1265 5156 eidnec
1293 5104 1324 5155 et
1353 5098 1554 5173 aliaeomnea
1586 5099 1622 5156 in
1638 5110 1693 5158 sna
