4467 6192
933 677 967 736 de
984 677 1139 738 Harmonia
1530 634 1564 708 '⁴
1667 685 1708 748 sl

354 858 506 934 potuisse,
538 865 574 920 ut
601 871 657 920 noc
684 857 871 937 Pontyris,
894 857 1039 920 lucense
1061 861 1126 939 ipse
1153 855 1226 919 mihi
1254 856 1360 920 librom
1388 862 1458 921 eote
1485 857 1595 920 molus
1615 875 1709 924 anuos

353 947 573 1020 cumeurn,
595 953 664 1008 sunt
682 954 791 1008 eutem
820 945 1003 1008 Aristoxenis
1032 945 1276 1009 Hermouicosum
1308 944 1518 1008 elementorum
1545 945 1613 1009 libri
1641 956 1709 1028 vs,

353 1029 523 1094 Ptolemaei
545 1033 788 1096 Hermcuicorom
809 1034 1111 1109 lithosnomon
1134 1035 1170 1096 ds
1191 1033 1371 1097 audibilibus
1394 1044 1424 1095 et
1444 1034 1644 1114 Porphyrii
1667 1036 1709 1097 de
1785 1094 1792 1105 ,

355 1119 480 1182 decem
504 1121 843 1198 Praedicementis,
865 1122 995 1184 Antorrio
1019 1121 1346 1202 Gogeviqurecieusi
1368 1125 1533 1200 interprete.
1570 1122 1709 1184 DePor·
1826 1133 1832 1147 ⁸

353 1207 460 1286 phyrio
487 1227 548 1270 uon
571 1213 689 1274 memini
710 1211 920 1272 Harmonicom
943 1209 1013 1288 quid
1036 1217 1160 1272 emtore.
1197 1209 1273 1273 sint
1294 1217 1323 1272 et
1344 1210 1474 1274 Euclidis
1496 1219 1527 1272 et
1545 1209 1710 1274 Ptolemaei

354 1293 540 1360 Humerum
567 1301 765 1376 manuscripta
792 1297 904 1359 Graece
933 1300 962 1356 in
991 1298 1170 1360 bibliothece
1198 1297 1325 1360 Oonredi
1351 1298 1530 1378 Desypodii,
1559 1307 1627 1361 eote
1649 1307 1709 1361 tres

355 1401 448 1445 anuos
471 1389 595 1462 mortui,
620 1388 807 1463 feranturque
831 1384 949 1446 venales
972 1386 1040 1447 iisse
1063 1386 1141 1447 iliius
1162 1386 1227 1447 libri
1250 1387 1280 1444 in
1302 1387 1396 1446 lorum
1418 1388 1598 1448 scrutarium.
1631 1388 1708 1448 Dedi

354 1474 511 1550 negotium
534 1477 636 1536 enticis
659 1475 849 1553 Argentincm
870 1474 1016 1551 proiectis,
1040 1483 1072 1536 ut
1094 1472 1130 1534 de
1152 1477 1189 1535 iis
1211 1491 1257 1533 me
1282 1476 1432 1535 certiorem
1452 1474 1584 1551 reddent,
1609 1481 1710 1536 verum

354 1563 490 1638 responsi
520 1561 594 1622 nihil
621 1564 742 1640 accipio.
787 1559 931 1639 Equidem
958 1563 1021 1624 sine
1050 1560 1164 1623 Graeco
1193 1560 1350 1638 exemplari
1381 1561 1502 1640 despero
1525 1552 1709 1626 Aristoxenis

355 1656 384 1708 et
411 1647 582 1709 Ptolemaei
616 1659 741 1711 mentem
776 1666 811 1711 ex
848 1649 997 1726 Gogavini
1030 1653 1285 1728 interpretamento
1325 1653 1475 1727 percipere
1511 1649 1708 1729 undiquaque.

356 1733 386 1796 Si
409 1735 451 1794 it.
476 1735 515 1795 Τ.
537 1737 609 1796 mihi
630 1739 811 1816 prospexerit
832 1737 869 1799 de
891 1737 1011 1799 Graecis
1035 1741 1120 1798 trium
1143 1737 1285 1799 dictorum
1306 1745 1457 1798 auctorum
1484 1739 1707 1817 exemplaribus,

356 1827 532 1901 praesertim
554 1825 730 1901 Ptolemaei,
763 1823 813 1905 qui
843 1825 937 1888 editus
965 1841 1029 1887 esse
1056 1827 1224 1904 perhibetur
1251 1827 1281 1885 in
1307 1825 1409 1901 Itelia,
1437 1831 1510 1903 puto
1532 1823 1635 1888 Urbini
1657 1835 1710 1888 aut

356 1910 534 1978 vincentiae
567 1924 619 1974 eut
646 1915 827 1990 Florentius,
865 1922 893 1974 et
926 1914 1009 1992 cujus
1045 1913 1218 1992 Gogavinus
1249 1911 1363 1993 aliquot
1397 1911 1574 1997 exemplaria
1605 1915 1710 1976 hebuit

357 2017 392 2060 ex
423 2000 608 2064 bibliothece
638 2001 798 2064 Veticane:
831 2001 988 2086 polliceor,
1018 2001 1083 2065 Deo
1115 2003 1312 2081 permittente,
1348 2004 1555 2064 commentario
1581 2003 1613 2062 iu
1641 2019 1709 2064 eum

355 2104 522 2166 perspicue.
618 2149 622 2160 ,

459 2175 648 2255 Scripseront
677 2176 714 2237 de
743 2175 929 2241 Harmonicis
957 2175 1099 2238 Boethius
1130 2185 1160 2240 et
1187 2175 1357 2241 domandus
1389 2193 1484 2254 exque
1511 2177 1548 2237 iis
1575 2173 1709 2238 Jecobos

357 2263 452 2324 Faber
475 2264 676 2342 stapulensis,
707 2281 794 2342 quem
821 2265 926 2326 habeo.
983 2265 1054 2326 vidi
1076 2273 1105 2326 et
1127 2268 1282 2337 musicem,
1311 2271 1453 2344 utputo,
1482 2262 1563 2324 Setini
1586 2263 1708 2325 Calvisii

358 2353 485 2434 muteris
509 2351 680 2429 Lipsiensis,
704 2355 754 2430 qui
769 2359 908 2414 ueterum
930 2355 1072 2414 reiioucm
1094 2355 1197 2431 tangit
1241 2351 1347 2413 Habeo
1369 2360 1400 2412 et
1421 2353 1533 2412 Artusii
1555 2352 1623 2414 ltell
1646 2351 1708 2413 dis-

357 2455 459 2500 eursus
483 2437 605 2502 Italicos
620 2440 889 2517 deimperiectione
909 2440 1076 2503 hodiernae·
1089 2445 1233 2502 musiceer
1253 2439 1307 2501 sed
1326 2438 1400 2500 nihil
1422 2439 1495 2500 dum
1513 2438 1583 2518 legi.
1605 2439 1707 2500 sina

356 2529 474 2588 monica
507 2544 573 2590 mee
603 2547 662 2606 quo
693 2529 759 2590 loco
792 2530 865 2604 sint,
896 2532 998 2607 scripsi
1027 2537 1095 2591 ente
1123 2529 1238 2607 aliquot
1259 2545 1360 2589 sanos
1405 2527 1563 2606 Cuperem,
1594 2530 1620 2589 si
1640 2528 1707 2589 Deo

356 2609 453 2676 risum
475 2616 580 2690 inerit,
612 2619 692 2695 prius
720 2616 875 2690 absolvere
897 2620 1100 2681 oeconomica.
1144 2616 1295 2691 Mirabile,
1327 2616 1459 2693 disposui
1481 2618 1577 2694 ipsos,
1610 2617 1709 2694 prius·

357 2719 444 2779 quam
470 2706 533 2764 vidi
556 2704 767 2778 Ptolemaeum,
789 2704 848 2766 iere
871 2705 910 2765 ed
933 2705 1059 2768 eundem
1078 2704 1215 2780 modum,
1237 2721 1296 2781 quo
1318 2702 1506 2765 Ptolemaeus
1528 2721 1593 2764 sue
1637 2703 1709 2766 Feci
1765 2768 1769 2787 ,

357 2789 447 2850 libros
483 2793 629 2868 quinque,
668 2796 792 2869 primum
828 2791 864 2854 de
895 2791 996 2871 figuris
1025 2795 1223 2872 geometricis,
1255 2790 1333 2852 uude
1363 2791 1549 2852 hermouicee
1581 2793 1707 2853 monne

359 2879 501 2953 oriemur,
522 2879 684 2940 secundum
707 2880 744 2942 de
765 2873 928 2942 rationibus
947 2899 1003 2944 seu
1022 2884 1151 2944 numeris
1166 2880 1350 2955 harmonicis,
1373 2881 1491 2940 tertium
1505 2877 1542 2939 de
1555 2878 1708 2940 hermenia

357 2967 385 3024 iu
414 2967 558 3040 vocibus,
590 2978 725 3061 qusrtuqn
758 2968 793 3046 de
821 2968 974 3030 hermonis
1001 2971 1031 3030 in
1059 2970 1240 3047 aspectibus,
1266 2956 1408 3045 ¹quintum
1438 2966 1476 3028 de
1504 2967 1657 3050 hermonis
1677 2970 1708 3027 in

358 3053 487 3140 motibus
509 3053 705 3139 coelestibus.
750 3056 825 3120 Eoos
854 3073 932 3118 nuuc
958 3055 1170 3134 Ptolemaeum.
1213 3057 1343 3116 Primum
1365 3059 1390 3114 is
1412 3057 1563 3140 consbudt
1583 3070 1708 3115 concor·

358 3139 490 3225 dentice,
520 3142 625 3212 deinde
647 3159 755 3221 genere
774 3143 832 3226 (res
854 3142 943 3206 hodie
964 3161 1040 3222 pene
1063 3148 1179 3223 ignote,
1202 3146 1284 3206 etni
1304 3142 1390 3204 iellor
1411 3150 1532 3204 ueturee
1553 3160 1613 3203 nou
1634 3159 1708 3202 con·

357 3245 443 3304 sona,
475 3238 510 3290 ut
531 3233 588 3291 irie
609 3232 668 3292 sint
693 3247 813 3309 genere:
839 3231 1035 3312 diatonicum,
1066 3233 1275 3294 chremeticum
1296 3232 1325 3291 ei
1348 3227 1592 3312 enharmonium),
1621 3232 1707 3291 tertio

356 3322 450 3378 tenos.
497 3317 571 3378 Inde
594 3326 744 3396 comperet
765 3320 934 3388 hermonien
956 3337 1022 3382 coru
1043 3321 1236 3395 coelestibus,
1257 3317 1388 3380 ordinem
1409 3335 1515 3379 vocum
1536 3335 1602 3382 cum
1624 3326 1706 3382 moto

357 3405 509 3465 stellerum
538 3408 567 3466 iu
597 3406 731 3484 longum,
762 3426 870 3484 genem
898 3422 964 3469 curu
993 3415 1074 3472 moto
1103 3424 1205 3470 sarum
1231 3407 1393 3468 eccentrico
1414 3408 1446 3465 iu
1467 3406 1562 3468 ultum
1584 3413 1614 3468 et
1634 3421 1707 3486 pro·

356 3491 494 3569 fundum,
526 3501 612 3554 tonos
642 3513 708 3554 cum
736 3506 818 3557 motu
847 3513 947 3557 esrum
978 3498 1006 3555 in
1024 3495 1142 3572 istum,
1173 3494 1358 3567 tetrechorda
1384 3511 1451 3555 cum
1477 3495 1645 3573 sspeetibus
1667 3492 1706 3555 ed
1769 3492 1770 3495 ’

357 3578 472 3643 Solem:
496 3588 530 3640 ut
552 3599 607 3659 ego
629 3583 850 3657 concordantias
874 3601 939 3644 com
961 3576 1130 3662 'aspectibus
1150 3582 1335 3662 monetarum
1356 3583 1476 3644 mutuis.

466 3668 576 3746 Accipe
609 3669 657 3730 hic
676 3671 892 3749 compendium
926 3672 1160 3733 hermonieorum
1189 3688 1335 3745 meorum,
1377 3677 1522 3749 quotenus
1553 3666 1706 3730 hermonis

356 3754 558 3817 considerator
591 3761 624 3818 iu'
654 3759 785 3819 vocibus.
841 3757 973 3834 Quotuor
1002 3769 1070 3821 sunt
1102 3767 1208 3839 peries.
1261 3758 1361 3819 Prinne
1394 3757 1522 3819 ostendit
1555 3758 1705 3834 originem,

355 3847 704 3920 murmurantium
733 3857 764 3907 et
791 3864 941 3907 numemm
970 3843 1194 3909 hermeniorum.
1239 3845 1375 3907 Secunde
1403 3847 1558 3923 originem,
1589 3859 1704 3921 ceuses,

356 3934 551 4007 quantitatem
574 3939 604 3994 et
624 3951 775 3994 numerum
797 3934 1015 3996 intervallorum
1037 3939 1181 4009 omnium,
1214 3938 1303 3994 etiem
1332 3948 1391 3996 uon
1419 3933 1653 3994 harmonicorum
1675 3934 1706 3995 in

355 4027 443 4080 sautu
476 4021 618 4096 netureii,
652 4031 685 4082 ut
713 4025 790 4099 toni,
825 4025 971 4084 semitonii
1003 4030 1057 4088 etc.
1120 4021 1221 4084 Tentis
1251 4022 1342 4083 hebet
1363 4021 1571 4106 ,definitionem
1603 4027 1705 4082 centus

355 4106 498 4168 naturalis
530 4107 652 4186 ejusque
688 4111 783 4170 verim
811 4111 916 4172 modos
946 4119 1002 4181 ¹s'eu
1034 4109 1224 4184 differentius,
1269 4126 1343 4186 qnos
1369 4109 1458 4171 hodie
1490 4111 1508 4169 8
1540 4115 1626 4169 tonos
1658 4107 1705 4167 di-

355 4197 457 4256 cimus.
497 4193 610 4272 Quarto
632 4198 759 4258 ostendit
780 4215 886 4260 canses
907 4199 1006 4275 legum
1034 4202 1065 4257 in
1086 4199 1298 4277 compositione
1321 4219 1493 4278 concursus
1512 4213 1565 4256 seu
1588 4195 1726 4256 contra-⁴

354 4291 539 4361 punctorum.
590 4284 674 4347 Haec
695 4303 763 4362 pers
781 4286 844 4363 jem
867 4288 970 4364 incipit
990 4303 1055 4348 esse
1075 4289 1218 4365 practice,
1249 4287 1349 4362 itaque
1371 4305 1390 4346 e
1412 4302 1458 4346 me
1480 4283 1606 4363 perfecte
1628 4281 1704 4344 trudi

353 4387 412 4430 non
433 4377 543 4448 potest
661 4433 664 4440 ,
1073 4397 1079 4406 ·
1251 4363 1256 4383 ’

464 4458 555 4518 Pers
585 4461 711 4540 prime.
756 4461 829 4522 (ium
850 4472 941 4522 sonus
963 4463 1003 4521 sit
1025 4466 1162 4536 emoto,
1192 4467 1289 4522 motus
1320 4461 1389 4523 ver'o
1422 4462 1481 4520 sint
1507 4475 1560 4536 per
1587 4456 1703 4533 bosam

355 4545 481 4620 duorum
503 4563 572 4624 ergo
595 4563 736 4610 sonorum·
755 4543 957 4628 ἆρμοιιοπωι
978 4535 1031 4609 seu
1051 4550 1284 4627 congruentium,
1317 4567 1369 4616 seu
1392 4546 1628 4621 consonantium,
1650 4561 1705 4606 seu

354 4628 602 4710 concordentium',
626 4635 718 4698 linces
740 4656 759 4696 e
780 4637 866 4698 nobis
887 4637 1065 4716 considerari
1086 4645 1217 4716 oportet,
1238 4644 1273 4696 ut
1289 4653 1398 4710 ,canem
1420 4633 1590 4694 hermoniae
1606 4634 1704 4693 inter·

354 4721 470 4784 mediae
499 4724 573 4783 inter
602 4723 685 4784 binos
708 4739 804 4786 sonos
830 4726 1023 4786 inveniamus.
1069 4724 1163 4786 Linea
1190 4732 1290 4785 eutem
1317 4732 1372 4799 pot
1401 4718 1555 4785 circuleris.
1576 4726 1621 4782 est
1651 4726 1704 4781 sut

355 4819 443 4873 reete
487 4808 583 4886 Recte
611 4821 708 4888 partes
736 4811 828 4874 hebet
852 4811 995 4888 infinitos,
1027 4829 1151 4890 querum
1177 4810 1312 4889 aptitudo
1341 4809 1380 4872 ad
1402 4825 1434 4870 se
1455 4816 1558 4870 mutuo
1578 4807 1711 4889 intelligi·
1769 4829 1779 4847 ·

237 4925 238 4930 ι
356 4901 473 4974 nequit,
505 4900 562 4959 uisi
583 4898 673 4975 plane
694 4907 724 4962 et
750 4901 841 4962 cubos
869 4899 908 4961 ed
931 4918 980 4962 ees
1009 4900 1223 4974 adsciscamus,
1256 4915 1332 4976 quse
1355 4904 1423 4958 sunt
1444 4914 1464 4958 e
1485 4903 1567 4957 motu
1589 4895 1704 4956 eliense

237 5035 238 5064 ,
358 4987 545 5062 qomtiiates.
583 4984 738 5050 Ohcuierie
754 4995 798 5050 est
811 5005 872 5064 une
886 4987 1034 5066 habetque
1048 4995 1147 5066 peries
1163 4987 1327 5063 epurttbus
1348 4984 1506 5065 plurimum
1527 4983 1701 5045 dirimentes.

237 5077 238 5080 ’
357 5067 436 5132 liihii
457 5083 558 5136 eutem
579 5075 699 5138 interest
718 5079 794 5138 inter
814 5076 1027 5156 longitudinem
1048 5073 1218 5138 circularem
1247 5082 1277 5135 et
1303 5080 1427 5149 remam,
1458 5071 1537 5151 quod
1566 5072 1702 5135 tinnitum

237 5237 238 5260 Χ
359 5174 412 5222 ιιι
437 5177 542 5226 sonum
564 5165 687 5242 'eumen
718 5163 875 5228 dummodo
904 5164 1043 5246 sequelae
1074 5165 1134 5226 sint
1165 5169 1196 5225 et
1228 5163 1364 5242 utrinque
1396 5159 1498 5227 tenses
1529 5157 1701 5237 ccqnsiter.
