4467 6192
848 700 932 759 arsa
947 700 998 758 111.
1018 700 1197 773 capuam.
1632 682 1720 765 eee'

345 878 477 934 minoret
494 877 674 947 semitonium,
692 883 721 935 et
739 878 778 933 sic
795 878 854 933 toni
871 876 926 933 duo
943 876 1025 933 semis
1043 892 1097 933 uon
1112 853 1256 943 'accmatm
1275 872 1439 931 sed-saltem
1457 873 1647 966 nuncupative,
1665 881 1698 929 ut

346 957 520 1011 Ptolemaeus
538 956 597 1027 ipae
616 956 816 1012 demonstravit
843 955 912 1011 Toni
930 957 1001 1011 enirn
1018 971 1068 1011 seu
1087 955 1270 1027 proportionis
1288 953 1494 1022 sesquioctavae
1512 953 1631 1009 semissis
1649 968 1696 1009 ex·

344 1040 405 1089 acta
422 1041 467 1089 eet
483 1033 618 1089 ineffabile
635 1034 783 1104 quippiam.

430 1128 504 1185 Nota
520 1128 581 1183 XII.
617 1130 757 1185 Hactenus
775 1129 858 1201 igitur
874 1128 944 1185 tales
956 1130 1171 1199 comparationes
1189 1128 1288 1197 aeaut,
1307 1145 1378 1200 qnae
1395 1130 1520 1199 planetas
1538 1144 1631 1185 omnes
1648 1136 1697 1185 aut

344 1216 416 1265 certe
433 1207 564 1277 majorem
582 1223 674 1263 comm
691 1216 796 1279 partem
814 1210 991 1264 communiter
1008 1209 1169 1265 attinebant.
1187 1209 1249 1264 Jam
1268 1225 1297 1264 se
1315 1209 1460 1280 accingens
1477 1210 1513 1264 ad
1531 1208 1696 1277 sinpmorom
1743 1225 1746 1230 ’

345 1287 423 1343 orbes
443 1294 471 1341 et
488 1293 579 1341 motus
598 1302 659 1343 cum
676 1289 759 1342 rebus
777 1287 887 1343 musicis
905 1288 1101 1357 comparandos
1128 1288 1233 1358 inipso
1252 1296 1350 1345 conatu
1364 1288 1483 1359 deiecit,
1510 1288 1612 1344 relictis
1631 1288 1695 1343 lem·

344 1366 463 1422 metabus
482 1366 601 1435 capitum
619 1366 678 1421 sine
695 1368 866 1422 innotatione.

429 1463 503 1517 Nota
520 1460 596 1516 xiil
632 1460 774 1515 Praefatur
785 1466 883 1528 autem
903 1476 932 1515 se
943 1476 1055 1517 usurum
1069 1462 1253 1533 experientiae
1264 1463 1428 1530 testimonio,
1447 1478 1496 1518 seu
1508 1463 1696 1518 observatione

345 1558 456 1597 «comm
474 1556 544 1611 quae
563 1540 632 1595 fiunt
649 1540 691 1593 vel
710 1540 784 1595 iacta
802 1549 892 1595 sunt».
927 1538 970 1595 Sic
989 1541 1059 1595 eninr
1078 1547 1122 1596 eet
1138 1541 1314 1611 intelligenda
1330 1556 1382 1595 vox
1400 1540 1511 1609 ultima,
1529 1540 1582 1595 nisi
1599 1558 1696 1600 manca

345 1632 372 1677 et
388 1621 551 1691 imperfecta
568 1620 604 1676 sit
621 1627 648 1675 et
666 1620 783 1688 abrupta
801 1618 921 1689 scriptio.
960 1620 1043 1689 Cujus
1062 1622 1101 1675 rei
1120 1620 1301 1691 suspicionem
1318 1618 1432 1691 praebet
1449 1621 1487 1690 is,
1515 1620 1562 1690 qui
1579 1636 1696 1694 sequen·

342 1702 382 1755 tis
398 1700 453 1756 tris
471 1702 563 1771 capita
588 1699 771 1769 concinnavit,
797 1716 830 1754 eo
857 1697 930 1769 quod
957 1700 1026 1755 haec
1047 1700 1133 1756 'verba
1151 1716 1186 1755 ex
1202 1698 1257 1754 tine
1275 1700 1355 1767 hujus
1374 1699 1472 1768 capitis
1488 1700 1517 1755 in
1534 1701 1695 1771 principium

343 1782 484 1849 sequentis
503 1780 619 1836 contulit
637 1786 742 1833 etcum
760 1780 819 1833 aliis
845 1778 933 1833 verbis
951 1794 1006 1834 una
1028 1780 1229 1835 constructione
1255 1778 1410 1833 connexuit
1445 1778 1579 1835 Existimo
1597 1786 1695 1847 autem,

342 1858 405 1912 ideo
424 1857 576 1927 pollicitum
604 1872 664 1913 esse
680 1856 866 1915 Ptolemaeum
893 1857 1111 1914 observationum
1137 1878 1185 1913 coe
1201 1874 1343 1927 ruossano
1370 1856 1452 1925 (torte
1469 1858 1694 1927 phaenomenon),

343 1937 408 2006 quia
425 1941 492 1991 sunt
510 1942 600 1991 carme
619 1934 838 1999 observationes,
857 1936 956 2006 quihus
974 1936 1145 2006 planetarum
1162 1936 1235 1992 alius
1251 1936 1306 1991 elio
1324 1934 1456 2003 probatur
1472 1935 1557 1991 altior
1573 1951 1648 1993 esse:
1667 1945 1696 1992 et

342 2030 407 2069 vero
425 2013 592 2084 conparatio
620 2016 781 2074 musicarum
808 2032 898 2071 rerum
924 2033 986 2072 cum
1012 2014 1126 2085 singulis
1145 2016 1268 2087 sphaeris
1285 2014 1350 2071 huic
1373 2014 1544 2089 planetarum
1561 2016 1650 2074 ordini
1667 2016 1695 2071 in

343 2092 488 2148 altitudine
506 2092 601 2149 debuit
617 2093 704 2150 inuiti.

860 2313 1024 2386 ‘CAPUT
1048 2302 1157 2385 xiiii

341 2478 544 2548 Juxtaquos
562 2476 690 2547 primos
707 2491 865 2534 numeros
878 2480 911 2547 Η)
930 2479 1117 2547 comparari
1136 2478 1270 2546 possint
1287 2476 1431 2533 stabiles
1449 2477 1522 2532 soni
1540 2486 1695 2549 exspete-

356 2569 446 2619 mate
462 2563 619 2633 perlecto
637 2563 756 2633 primis
774 2564 919 2619 orbibus
937 2578 1049 2619 eorum
1063 2564 1231 2634 (siderum)
1244 2580 1329 2632 quae
1345 2565 1379 2620 in
1397 2563 1517 2620 mundo
1537 2566 1676 2634 sunt111).

430 2714 586 2791 Quomodo
611 2720 698 2793 igitur
728 2717 911 2794 planetarum
938 2722 967 2777 in
997 2735 1105 2795 genere
1127 2728 1289 2777 sumturum
1321 2716 1374 2777 elii
1404 2734 1472 2776 cum
1493 2716 1561 2777 aliis
1583 2722 1695 2779 consti·

343 2810 428 2862 tuant
453 2812 547 2862 certas
575 2805 718 2881 quasdam
741 2805 933 2882 efficacesque
957 2806 1215 2881 configurationes,
1246 2804 1454 2883 respondentes
1477 2805 1610 2880 singulas
1631 2810 1699 2867 sin·
1737 2861 1741 2869 .

342 2890 422 2965 pulis
446 2890 666 2951 inharmonice
688 2893 828 2953 facultate
851 2896 1063 2968 consonantiis,
1093 2892 1203 2953 dictum
1227 2902 1272 2951 est
1294 2892 1445 2951 hactenus.
1489 2891 1542 2951 Sol
1564 2896 1642 2952 enim
1665 2902 1695 2955 et
1762 2894 1775 2926 ’

342 2979 467 3037 comites
491 2979 564 3055 ejus,
588 2979 688 3039 Venus
712 2978 933 3057 Mercuriusque
957 2999 1023 3041 cum
1046 2979 1166 3057 reliquis
1188 2987 1323 3057 quatuor,
1346 2986 1428 3039 motu
1451 2980 1587 3039 omnibus
1610 2997 1693 3041 com-

341 3068 424 3124 muni
449 3082 499 3143 per
520 3066 672 3127 zodiacum
696 3084 801 3127 omnes
819 3068 980 3146 explicatas
1003 3067 1248 3144 corrdpuvationee
1269 3067 1396 3126 subeunt
1410 3062 1470 3147 ll).
1499 3066 1573 3125 Cum
1594 3076 1694 3128 autem
1792 3083 1798 3098 ‘

340 3170 403 3213 non
435 3159 550 3213 tantum
578 3171 759 3213 communem
782 3154 912 3214 habeant
933 3165 1043 3215 motum
1066 3172 1116 3233 per
1139 3154 1310 3223 zodiacum,
1344 3153 1396 3213 sed
1424 3153 1576 3213 distinctas
1603 3156 1693 3215 etiam

340 3238 453 3315 singuli
475 3241 646 3316 possideant
668 3242 822 3317 sphaeras,
855 3244 962 3319 quibus
987 3252 1155 3314 vectantur,
1185 3243 1252 3318 jure
1274 3240 1440 3301 allubescat
1461 3240 1572 3299 homini
1594 3240 1692 3317 philo·

340 3326 439 3405 topho
462 3326 579 3403 videre,
612 3346 681 3387 num
705 3332 793 3389 etiam
814 3344 866 3405 per
887 3330 1018 3407 singulos
1040 3330 1175 3406 planetas
1203 3327 1342 3388 succedat
1363 3327 1483 3387 ulterior
1504 3325 1606 3404 abque
1626 3346 1693 3391 cum

341 3414 524 3473 harmonicis
547 3418 737 3493 comparatio.
782 3416 911 3475 Primum
934 3420 1024 3493 igitur
1041 3432 1224 3492 quaeramus,
1248 3414 1320 3491 quid
1340 3432 1436 3473 rerum
1458 3413 1693 3477 harmonicorum

340 3520 411 3562 cum
433 3501 567 3579 sphaeris
590 3503 770 3579 singulorum
799 3502 989 3580 probabiliter
1022 3506 1144 3565 oonierri
1176 3505 1279 3582 possit
1324 3500 1435 3579 Opinon
1464 3511 1580 3577 summ,
1607 3507 1693 3581 sequi

340 3590 597 3650 commeratione
621 3590 658 3651 ad
681 3608 725 3663 ea,
749 3594 825 3667 quae
848 3591 989 3651 hactenus
1011 3593 1235 3670 usurpavimus,
1258 3596 1292 3649 ut
1312 3592 1390 3650 sicut
1412 3608 1431 3649 a
1452 3589 1692 3666 configurationi-

337 3678 416 3751 bus,
441 3675 477 3737 do
499 3678 607 3753 quibua
628 3677 779 3750 haetenus,
803 3680 959 3738 transimus
980 3678 1019 3738 ad
1043 3681 1107 3757 ipsa
1130 3695 1266 3756 corpora,
1289 3695 1366 3754 quae
1389 3676 1616 3755 configurantur,
1638 3696 1692 3740 eo·

337 3780 467 3840 rumque
489 3765 589 3839 orbes,
621 3767 663 3825 sie
694 3769 782 3825 etiam
815 3785 833 3825 a
864 3769 1077 3839 consonantiis,
1112 3783 1187 3842 quas
1218 3766 1382 3825 invenimus
1412 3763 1588 3841 respondere
1620 3783 1693 3825 cou-

337 3851 581 3928 figurationibus,
612 3869 690 3911 unna
724 3862 903 3913 transeamus
936 3852 973 3912 ad
996 3856 1077 3929 ipsos
1099 3860 1294 3916 consonantes
1316 3868 1405 3911 sonos
1438 3869 1596 3929 commone
1628 3854 1693 3913 effi-

337 3942 442 4011 ciens,
474 3938 596 3999 chordae
624 3938 744 4016 periecti
778 3942 960 4019 systematis,
994 3950 1082 4017 atque
1115 3942 1158 3999 sic
1187 3940 1372 4016 planetarum
1401 3938 1584 4015 singulorum
1607 3942 1693 4001 orbes

338 4044 410 4086 cum
433 4025 556 4102 singulis
578 4026 710 4107 chordis,
742 4030 821 4087 sonis
844 4045 898 4087 seu
920 4027 993 4089 locis
1015 4029 1183 4106 systematis
1206 4043 1408 4102 comparemus
1432 4024 1471 4105 V).
1510 4026 1692 4088 sicutenim

339 4116 553 4173 consonantiae
583 4114 806 4174 considerautur
829 4115 981 4189 absolute,
1015 4117 1078 4174 sine
1105 4121 1241 4190 respectu
1267 4113 1431 4174 altitudinis
1462 4114 1491 4171 in
1520 4122 1690 4191 systemate,

337 4218 409 4259 cum
433 4199 534 4260 eadam
566 4203 757 4263 consonantia
789 4205 882 4278 possit
912 4220 976 4263 esse
998 4210 1058 4261 tam
1081 4203 1155 4260 inter
1182 4202 1333 4277 graviores
1360 4216 1464 4273 sonos,
1498 4219 1587 4276 quem
1615 4198 1716 4261 inter'

337 4288 504 4360 acutiores,
535 4290 577 4351 sio
601 4290 690 4347 etiam
712 4288 955 4364 configurationes
978 4296 1007 4349 et
1029 4296 1166 4368 aspectus
1181 4290 1256 4347 tunt
1285 4290 1449 4365 promiscue
1472 4290 1600 4348 omnium
1622 4288 1690 4366 pla·

337 4383 495 4447 nemmm,
517 4392 569 4435 seu
590 4376 759 4435 interiorum
782 4394 834 4437 seu
856 4378 1046 4453 superiorum.
1088 4376 1127 4435 lit
1149 4378 1278 4437 vidmlm
1301 4377 1377 4437 sicot
1398 4377 1463 4434 soni
1485 4374 1607 4435 stabiles
1626 4375 1690 4451 jam

336 4478 397 4521 sua
419 4461 531 4521 habent
550 4465 701 4538 assignata
723 4473 802 4526 certa
825 4464 891 4525 loca
920 4465 949 4525 in
977 4471 1153 4542 systemate,
1186 4465 1230 4525 eie
1256 4464 1394 4541 planetae
1424 4459 1533 4537 sirtgtdl
1559 4463 1691 4539 mapulas

336 4548 485 4627 sphaeras
507 4551 535 4607 in
559 4550 666 4609 mundo
683 4548 735 4629 vl).

429 4634 520 4695 Porro
543 4653 609 4696 eum
631 4655 691 4697 non
714 4648 828 4698 tanturn
851 4640 936 4697 unius
958 4636 1096 4714 planatae
1117 4638 1217 4714 piures
1238 4636 1298 4695 sint
1320 4636 1414 4707 orbes,
1436 4634 1489 4694 sed
1511 4637 1601 4695 ctiam
1621 4654 1690 4713 per·

336 4724 410 4783 lecti
423 4726 603 4800 systematis,
628 4725 706 4800 quod
723 4733 817 4784 totam
830 4723 1015 4785 harmonicae
1031 4726 1307 4801 contemperationis
1320 4722 1521 4798 complectitur
1543 4731 1688 4798 naturam,

335 4810 441 4887 plures
464 4810 599 4885 chordae,
623 4829 710 4889 quam
733 4815 762 4869 in
785 4810 895 4869 mundo
916 4808 1132 4889 paretonium
1156 4810 1285 4870 delectus
1308 4817 1353 4869 eet
1374 4818 1522 4885 utcunque
1543 4809 1690 4871 adhiben-

336 4898 396 4957 das
419 4900 485 4971 lete,
508 4906 541 4957 ut
563 4898 623 4959 illic
646 4902 753 4977 primas
775 4914 907 4975 quasque
922 4897 1070 4974 sphaerae,
1095 4915 1172 4973 quae
1186 4896 1313 4971 reliquae
1335 4897 1385 4955 uni
1407 4894 1543 4976 planetae
1565 4897 1690 4958 tributas

336 4986 471 5045 exterius
494 4986 672 5064 complexae,
695 4994 776 5045 motu
800 4984 943 5061 cujusque
965 4986 1082 5062 proprio
1105 4992 1136 5042 et
1157 4982 1307 5058 aequabili
1329 4985 1406 5044 circs
1427 4984 1535 5044 Terrae
1558 4992 1689 5045 oenuum

338 5080 476 5146 vectant,
508 5080 537 5133 et
560 5073 607 5132 hic
630 5076 781 5152 primariae
800 5072 926 5133 vchordas
948 5088 1000 5131 seu
1023 5086 1112 5131 sonos
1135 5069 1271 5143 stabiles,
1300 5073 1351 5147 qui
1373 5088 1425 5148 per
1447 5071 1564 5132 diversa
1585 5080 1689 5133 cautus

338 5176 450 5235 genera
473 5170 618 5238 tonosque
641 5178 742 5223 omnes
773 5159 860 5220 iidem
881 5175 997 5238 semper
1017 5165 1204 5237 permanent,
1237 5174 1293 5219 nec
1322 5165 1355 5219 ut
1383 5162 1470 5221 ceteri
1500 5158 1689 5221 intenduntur
