4467 6192
507 749 548 810 oo
883 743 1026 816 spanus
1043 745 1155 818 nuptm
1172 745 1340 820 eremoque
1357 752 1466 830 mma
1564 723 1571 726 ’

507 919 631 986 eundem
653 915 806 1001 eiroulum3
829 923 872 987 eie
896 923 936 987 15
959 941 996 986 ex
1018 923 1091 986 diet
1114 925 1145 1006 5,
1168 927 1210 988 20
1232 929 1365 990 extet
1386 928 1417 1009 5,
1440 930 1540 990 iter
1562 929 1581 990 3
1604 935 1636 991 et
1656 930 1689 1012 8,
1710 930 1752 991 50
1774 929 1852 992 snb

507 1013 604 1092 sib,
638 1013 892 1087 temnere,
930 1013 970 1072 60
993 1013 1127 1074 exest
1150 1015 1206 1095 ta,
1249 1017 1290 1076 90
1312 1018 1444 1077 extet
1468 1017 1526 1098 15,
1565 1019 1779 1078 lbo'exdet
1803 1017 1851 1081 15.

505 1099 641 1176 Denique
662 1101 692 1158 in
713 1099 858 1160 infinitum
881 1098 1071 1162 demonstrari
1093 1108 1218 1181 possunt
1232 1103 1330 1164 omnia
1345 1102 1501 1185 regularia,
1523 1121 1599 1184 quae
1611 1106 1721 1167 babent
1735 1103 1854 1185 duplam

507 1185 773 1249 denominationem
809 1186 847 1249 ad
884 1190 996 1268 priora,
1027 1190 1182 1268 ⁸quomodo
1219 1193 1308 1253 etiam
1345 1192 1533 1269 oetangulum
1570 1193 1783 1254 demonstratur
1818 1210 1854 1254 ex

507 1273 724 1354 quadrangulo,
754 1277 854 1352 itaque
885 1279 972 1341 etiam
997 1278 1053 1358 16,
1083 1279 1124 1337 32
1147 1285 1202 1339 eto.
1225 1279 1391 1357 -angulum
1436 1277 1565 1358 Jamque
1592 1298 1705 1341 mrsum
1732 1287 1856 1361 possunt

506 1364 669 1442 comparari
700 1362 774 1425 baeu
796 1362 886 1444 duple
908 1365 1045 1444 eumilo,
1076 1367 1251 1443 quibuscum
1273 1370 1359 1447 primi
1380 1362 1463 1449 suut,
1491 1377 1525 1430 ut
1549 1368 1587 1429 15
1611 1385 1677 1430 eum
1702 1371 1740 1431 16
1746 1414 1758 1450 ,
1786 1369 1855 1430 bine

507 1451 585 1513 enim
607 1449 830 1524 demonstratur*
843 1451 1074 1530 240=auguluun
1165 1478 1169 1499 ι

612 1536 698 1599 Haeo
709 1541 808 1617 ,igitur
830 1540 1050 1618 generalissima
1066 1547 1111 1600 est
1125 1537 1226 1622 ἑκλογη
1240 1563 1298 1602 ror
1312 1546 1440 1622 oneror,
1461 1541 1557 1604 edbue
1578 1545 1706 1605 existens
1727 1542 1855 1619 intinita3

506 1632 609 1704 estque
631 1625 839 1689 demonstratio
869 1634 950 1688 tanto
973 1628 1181 1709 imperfectior,
1215 1635 1325 1706 quanto
1355 1628 1471 1707 longius
1498 1631 1536 1692 ab
1563 1633 1676 1693 unitate
1702 1630 1855 1692 receditur.

505 1713 612 1792 Itaque
631 1713 692 1784 elia
714 1714 767 1776 fiat
787 1713 886 1796 daiqu
909 1713 1031 1796 earum,
1055 1733 1133 1792 quae
1155 1734 1207 1794 per
1229 1734 1261 1777 se
1284 1715 1532 1799 demonstrantur,
1561 1737 1620 1780 non
1642 1718 1681 1780 ad
1703 1735 1856 1797 eompara-

506 1805 616 1863 tionem
645 1801 768 1863 duamm
797 1803 980 1882 simplicium.
1025 1802 1286 1881 Retinebimusque
1315 1806 1345 1885 e,
1376 1807 1407 1886 t,
1435 1790 1467 1885 t,
1496 1808 1525 1880 e,
1562 1801 1592 1888 8,
1621 1805 1666 1870 10
1694 1814 1724 1868 et
1754 1823 1856 1868 omnes

506 1908 606 1952 earum
628 1889 735 1969 duplas
756 1892 786 1948 in
808 1890 963 1951 infinitum.
1002 1888 1131 1952 Rursum
1153 1893 1213 1954 alia
1234 1892 1285 1952 tiat
1307 1890 1408 1972 e'siorq
1431 1909 1539 1968 esrum,
1563 1911 1640 1971 quae
1659 1912 1719 1955 non
1742 1901 1856 1956 tantum

506 1995 565 2040 non
588 1977 719 2055 indigent
741 1976 863 2038 duarum
886 1978 1009 2040 aliarum
1023 1977 1189 2056 „figurarum
1212 1982 1430 2058 comparatione
1452 1980 1489 2041 ed
1509 1985 1555 2041 sui
1570 1981 1858 2064 demonstrationem,

506 2065 559 2127 sed
580 2083 618 2127 ne
639 2083 700 2126 una
722 2065 849 2143 quddam.
893 2065 951 2128 Hie
973 2067 1097 2146 primurn
1120 2067 1158 2127 ad
1180 2057 1320 2134 finitatem
1343 2069 1522 2147 pervenitur,
1553 2069 1605 2131 sed
1631 2073 1754 2131 restant'
1769 2069 1857 2132 raldo

507 2155 628 2234 paudee.
657 2153 733 2214 Nam
756 2155 864 2215 eadunt
886 2160 986 2215 omnes
1010 2153 1116 2234 duplae
1140 2156 1199 2218 unt
1220 2173 1286 2216 oum
1309 2153 1477 2236 oetangulo,
1500 2156 1579 2236 quod
1599 2157 1688 2220 modo
1704 2158 1858 2237 duplarum

508 2242 732 2303 demonstretur.
777 2240 1037 2320 Quinqnangulum
1058 2257 1130 2304 uero
1153 2243 1398 2320 et-deeanguium
1421 2243 1517 2306 adhue
1538 2252 1673 2327 manent,
1695 2240 1858 2324 quia'dee·

508 2331 648 2406 angulum
672 2330 727 2390 etsi
748 2346 806 2392 uon
830 2329 1010 2408 quadratura
1032 2329 1259 2411 demonstratur,
1289 2339 1320 2391 at
1349 2329 1563 2393 demonstretur
1581 2337 1712 2396 seedoue
1734 2342 1859 2413 propor'-

508 2417 619 2478 tionali.
665 2417 743 2498 Nam
763 2419 789 2478 ei
818 2418 1032 2483 semidiameter
1060 2415 1189 2480 see'eturv
1206 2419 1475 2502 proportionaliter,
1504 2437 1572 2499 pars
1589 2422 1692 2499 ¹major
1714 2430 1758 2482 est
1780 2422 1859 2482 latus
1898 2434 1903 2441 ‘

507 2504 670 2583 deeanguii.
716 2505 761 2566 Ao
783 2508 838 2566 etsi
862 2505 1114 2584 quinquangulum
1144 2509 1354 2586 praesupponit
1376 2507 1584 2584 drangulum,
1615 2510 1685 2570 taoit
1706 2508 1737 2568 ld
1759 2516 1859 2570 tamon

506 2593 596 2671 longo
620 2593 678 2654 elio
700 2592 799 2673 modo,
823 2611 912 2671 quem
934 2597 965 2653 in
988 2593 1075 2655 modo
1097 2586 1223 2670 rejectis,
1246 2604 1277 2657 et
1299 2593 1507 2656 demonstratio
1529 2602 1574 2656 est
1589 2597 1750 2674 perfeetior.
1782 2597 1859 2658 Nam

509 2685 676 2760 geometra,
699 2679 798 2742 diceus
820 2682 898 2742 latus
919 2681 1244 2761 quinquanguliposse
1265 2682 1344 2743 latus
1366 2682 1520 2760 sexanguli
1542 2689 1572 2744 et
1593 2683 1670 2744 latus
1694 2684 1858 2762 decaogull,

388 2771 390 2782 '
482 2759 486 2768 ’
504 2767 637 2847 loquitur
657 2769 701 2831 sie
722 2761 774 2847 per
796 2769 941 2835 aeoidens.
979 2769 1044 2830 Non
1068 2770 1288 2830 considerantur
1310 2770 1387 2831 enim
1408 2771 1465 2831 bae
1488 2771 1563 2832 duae
1584 2771 1690 2853 lineae,
1712 2780 1858 2850 quatenus

508 2861 688 2919 constituunt
716 2856 824 2933 ligures
855 2856 1055 2942 sexangulum,
1080 2865 1110 2917 et
1143 2857 1345 2934 decaogulum.
1399 2857 1571 2920 Rectissime
1603 2862 1645 2920 sie
1679 2860 1855 2922 diceremus:

425 3003 431 3017 ,
506 2946 586 3006 latus
608 2945 819 3023 quinquanguli
843 2951 940 3024 potest
962 2942 1207 3006 semidiametrrim
1228 2953 1258 3006 et
1280 2945 1344 3024 ejus
1360 2943 1614 3024 proportionaliter
1631 2954 1728 3009 aeetae
1744 2956 1857 3028 purtem

507 3035 658 3112 maiorem.
686 3025 813 3092 Rursum
837 3051 873 3096 ex
894 3033 940 3092 bis
961 3034 1310 3112 perfectioresfquarum
1329 3035 1422 3094 latera
1436 3040 1505 3094 sunt
1520 3037 1627 3115 λογιια,
1650 3033 1680 3097 b.
1697 3053 1721 3096 e.
1739 3041 1857 3111 darona

508 3117 592 3204 ρηιιι,
621 3126 798 3198 manentque
823 3122 857 3196 3,
888 3123 924 3195 4,
949 3121 978 3182 6.
1032 3120 1108 3180 Nem
1138 3121 1331 3199 decaogulum
1363 3127 1393 3182 et
1420 3124 1518 3182 omnia
1544 3122 1654 3201 rejeete
1675 3123 1768 3188 latera
1789 3141 1856 3184 oum

508 3208 751 3272 subtendentibus
778 3207 952 3286 angulorum
981 3215 1050 3269 sunt
1071 3205 1174 3289 ἄλογα,
1199 3227 1265 3269 oum
1293 3224 1393 3270 eorum
1423 3210 1567 3288 quadrata
1593 3227 1652 3270 non
1682 3212 1742 3272 siut
1769 3207 1856 3292 ρητα.

507 3297 600 3361 Latus
622 3304 719 3358 tamen
741 3295 955 3374 quinquanguli
977 3313 1043 3357 oum
1064 3296 1258 3358 subtendente
1286 3297 1424 3376 angulum
1446 3297 1480 3358 iit
1502 3295 1716 3376 quodammodo
1740 3304 1858 3371 dmum

509 3383 605 3468 (lquor
630 3391 660 3445 et
688 3385 731 3443 sio
760 3386 879 3463 loyraoe,
910 3390 942 3444 at
970 3385 1030 3444 non
1061 3386 1192 3446 seorsim
1214 3385 1310 3451 ,Nam
1328 3388 1366 3446 ‘si
1396 3399 1495 3448 eorum
1526 3384 1669 3464 quadrata
1685 3386 1856 3465 jungantur,

508 3475 582 3537 tuot
603 3470 642 3532 ad
664 3470 838 3548 quadratum
861 3469 994 3533 diametri
1015 3478 1049 3532 ut
1072 3473 1090 3532 5
1114 3473 1153 3532 ad
1167 3475 1206 3533 ¹4.
1636 3467 1649 3482 ‘

616 3559 752 3636 Denique
775 3577 810 3620 ex
827 3561 948 3640 loyseau
961 3561 1230 3638 perieotiormsuut
1245 3554 1332 3641 ῥηιαι
1341 3551 1415 3621 ‘antu
1429 3567 1532 3638 estque
1548 3562 1638 3624 unum
1653 3559 1855 3638 sexangulum.

508 3647 584 3712 Nam
613 3643 810 3728 triangulum,
832 3645 1067 3726 quadrangulum
1095 3666 1156 3712 nou
1186 3655 1256 3710 sunt
1284 3642 1360 3729 ρητα
1392 3655 1469 3709 netu.
1513 3647 1664 3710 Diameter
1692 3666 1763 3709 vero
1792 3650 1858 3728 ipss

509 3737 565 3799 sibi
597 3731 735 3811 aequalis
757 3744 811 3815 est,
840 3734 960 3813 perinde
985 3744 1016 3797 et
1046 3732 1120 3815 ῥητη
1150 3743 1181 3797 et
1212 3739 1306 3815 loyen
1327 3739 1358 3821 et
1378 3733 1560 3816 ἀποοιικτικη
1582 3743 1649 3818 ete,
1679 3741 1859 3816 utpote'per
1971 3781 1976 3798 .

509 3823 690 3885 identitatem
713 3829 758 3882 est
779 3821 894 3884 sensilis
916 3825 980 3884 sine
1002 3822 1257 3888 demonstratione.

576 3903 579 3910 ’
617 3909 768 3974 Habemus
800 3925 901 3972 omnes
929 3909 1047 3992 a'ntoyap
1076 3911 1229 3994 planorum
1256 3909 1448 3993 regularium,
1478 3927 1555 3989 quae
1584 3912 1682 3972 omnia
1708 3913 1798 3972 etiam
1821 3909 1858 3972 de

509 3996 752 4060 subtendentibus
775 3996 890 4075 angulis
913 4006 981 4061 sunt
1001 3999 1200 4077 intelligenda
1250 3998 1326 4059 Nam
1348 3999 1378 4056 in
1400 3993 1546 4076 triangulo
1567 3995 1646 4058 latus
1667 4001 1763 4078 ipsum
1785 3999 1859 4059 sub·

509 4084 605 4147 tendit
624 4085 775 4166 angulum,
797 4088 832 4145 in·
849 4086 1051 4164 quadrangulo
1075 4087 1223 4164 diameter,
1251 4089 1281 4146 in
1304 4087 1524 4164 quinquangulo
1545 4085 1622 4146 latus
1644 4086 1747 4147 stellae
1771 4083 1859 4164 quiu-

511 4173 711 4254 quaugularis,
734 4175 762 4231 in
778 4175 939 4252 sexangulo
955 4176 1033 4238 letus
1047 4179 1163 4254 trigoni,
1180 4178 1209 4235 in
1227 4173 1382 4252 ootangulo
1397 4173 1476 4234 latus
1489 4171 1633 4252 quadrati,
1650 4175 1680 4234 iu
1696 4173 1858 4252 deoangulu

510 4263 589 4324 latus
604 4260 707 4323 stellae
723 4261 942 4340 decaogularis:
966 4263 1047 4342 qua'e'
1056 4266 1201 4342 recipiunt
1215 4262 1335 4324 easdem
1350 4260 1611 4323 demonstrationes
1627 4279 1693 4322 oum
1705 4261 1858 4325 lateribus.

510 4351 594 4426 uam,
609 4345 858 4433 tubuniensis„
873 4359 982 4428 aequat
995 4351 1178 4430 longitudine
1193 4351 1436 4412 semidiametrom
1453 4351 1575 4428 ejusque
1592 4357 1703 4429 partem
1717 4351 1859 4428 maiorem

511 4433 765 4518 proportionaliter
786 4443 898 4500 aeetae:
922 4441 964 4500 sio
986 4441 1075 4517 igitur
1096 4442 1207 4502 minore
1229 4444 1311 4517 parte
1325 4438 1533 4517 proportionali
1548 4445 1657 4515 aequat
1671 4453 1756 4498 suum
1770 4439 1858 4513 latus,
1935 4502 1940 4509 ,

510 4528 586 4588 sieut
606 4528 694 4590 stella
715 4526 975 4606 quinquaugnlaris
996 4527 1108 4607 majore
1129 4535 1212 4608 parte
1233 4527 1443 4607 proportionali
1465 4533 1572 4603 aequat
1594 4542 1680 4586 suum
1701 4526 1793 4603 latus3
1822 4523 1859 4587 de

511 4615 614 4676 ueteris
637 4632 689 4694 per
710 4605 742 4677 se
762 4621 853 4696 patet.
1625 4683 1630 4696 ,

615 4699 685 4764 Jam
715 4711 744 4768 et
776 4703 832 4765 hoo
854 4702 1006 4782 probabile
1037 4709 1093 4784 est,
1127 4700 1373 4779 quemadmodum
1404 4701 1422 4762 5
1451 4717 1572 4779 eorpora
1600 4716 1659 4760 non
1694 4698 1764 4759 dant
1794 4699 1860 4779 ipsa

486 4789 633 4860 ‚lormam
655 4791 760 4873 anelis,
789 4790 841 4854 sed
864 4807 900 4852 ex
921 4790 1122 4870 magnitudine
1145 4788 1224 4852 orbiit
1245 4789 1376 4868 idemipti
1398 4788 1436 4849 ad
1458 4788 1706 4866 circumscriptum
1729 4793 1793 4847 orta
1814 4793 1861 4847 est

511 4878 658 4940 coelerum
679 4881 840 4956 quantitas:
863 4881 906 4940 sie
927 4897 968 4941 ns
986 4880 1075 4959 plane
1089 4879 1207 4957 quidem
1222 4879 1287 4962 ipsa
1300 4895 1354 4958 per
1367 4895 1400 4938 ss
1416 4875 1599 4937 eousiderata
1612 4875 1710 4953 largiri
1729 4875 1859 4935 motibus

511 4967 661 5046 quaesitos
684 4969 797 5047 lorove,
819 4966 871 5028 sed
894 4971 1052 5048 comparati
1076 4967 1114 5028 ad
1137 4966 1291 5041 circulum,
1320 4967 1398 5026 sieut
1414 4962 1514 5043 solida
1535 4962 1573 5024 ad
1595 4963 1793 5044 sphaericum,
1825 4968 1860 5022 ut

510 5053 568 5116 boe
589 5055 628 5114 eit
651 5056 742 5134 loyor,
765 5053 790 5114 si
813 5070 880 5132 pars
901 5058 1001 5134 aliqua
1024 5057 1124 5119 circuli
1145 5073 1197 5136 per
1218 5055 1296 5115 latus
1316 5057 1428 5114 reseota
1449 5050 1487 5111 ad
1502 5052 1641 5112 circulum
1661 5057 1754 5112 totum
1777 5067 1860 5110 eom·

513 5147 638 5222 paretur.
669 5136 737 5204 Hoe
758 5143 784 5202 si
806 5141 946 5203 laetamus
962 5146 1000 5205 'in
1021 5143 1122 5223 liguris
1145 5150 1174 5205 et
1195 5143 1342 5208 subteusis
1363 5139 1451 5224 prodo
1473 5140 1611 5215 inventis,
1634 5145 1701 5218 post
1722 5139 1861 5216 rejeotam

510 5229 704 5314 infinitatem,
731 5230 807 5292 telis
828 5229 898 5292 flent
920 5233 1039 5294 nomine
1060 5233 1293 5312 proportionum:
1327 5223 1361 5314 Ἰ,
1388 5222 1433 5310 (ln
1456 5227 1565 5292 sireulo
1586 5229 1663 5290 enim
1685 5241 1744 5287 non
1765 5223 1861 5288 diviso
