4467 6192
1774 693 1941 749 Liber
1974 695 2039 751 v.
2077 695 2254 765 caput
2287 693 2331 750 1.
3273 699 3396 757 2¹11

868 867 1182 944 Quomodo
1228 868 1449 946 figurae
1520 870 1733 949 planae
1803 872 2099 948 regulares
2163 881 2548 949 congruerent
2620 872 2695 931 ad
2765 871 3100 933 formandas
3157 870 3398 945 solidas,

686 953 914 1016 dictum
960 965 1049 1017 est
1091 956 1241 1017 libro
1286 958 1578 1035 seeund03
1642 958 1714 1019 de
1762 962 2018 1037 quinque
2064 961 2338 1020 nimirum
2382 960 2586 1020 solidis
2631 958 2805 1041 (inter
2849 958 3107 1037 ceteras)
3166 968 3403 1038 propter

686 1042 898 1119 planas
945 1045 1026 1103 ibi
1071 1044 1257 1104 locuti
1301 1063 1521 1105 sumus.
1615 1046 1905 1106 Numerus
1951 1055 2143 1106 tamen
2202 1046 2435 1107 illarum
2480 1050 2781 1125 quinarius
2839 1046 2919 1106 ibi
2967 1046 3399 1106 demonstratus

681 1129 797 1189 fuit
843 1130 1261 1209 additumque,
1325 1149 1425 1191 cur
1473 1132 1607 1194 illae
1655 1134 1985 1194 mundanae
2043 1153 2080 1193 a
2123 1133 2448 1194 Platonicis
2497 1134 2907 1195 denominatae
2969 1142 3026 1194 et
3074 1136 3167 1194 cui
3213 1150 3403 1210 quae-

681 1216 833 1277 libet
878 1219 1170 1281 elemento
1234 1237 1527 1297 quamque
1576 1222 1650 1281 ob
1699 1225 2115 1299 proprietatem
2180 1230 2519 1302 comparata
2565 1225 2657 1281 sit.
2748 1220 2888 1281 Jam
2937 1223 2998 1280 in
3042 1222 3220 1298 hujus
3267 1222 3399 1281 libri

682 1306 988 1365 vestibulo
1034 1325 1262 1367 rursum
1320 1306 1391 1367 de
1438 1308 1529 1368 his
1573 1309 1807 1387 figuris,
1871 1312 1946 1370 ob
1993 1327 2055 1369 se
2102 1301 2289 1387 ipsas,
2352 1328 2467 1369 non
2515 1312 2589 1370 ob
2638 1309 2882 1389 planas,
2928 1309 3226 1386 agendum
3270 1311 3397 1383 erit,

680 1403 976 1467 quantum
1035 1395 1294 1471 quidem·
1331 1394 1544 1455 sufficit
1599 1395 1676 1455 ad
1734 1397 2098 1470 harmoniam
2155 1397 2477 1472 coelorum,
2544 1405 2740 1459 cetera
2794 1398 3044 1473 reperiet
3101 1395 3283 1457 lector
3341 1399 3400 1456 in

678 1479 991 1557 Epitomes
1037 1484 1446 1543 Astronomiae
1492 1490 1655 1562 parte
1701 1482 1889 1546 altera
1932 1484 2082 1544 libro
2130 1495 2359 1561 quarto.

858 1568 1048 1645 Igitur
1092 1588 1165 1629 ex
1209 1570 1493 1647 Mysterio
1542 1573 2040 1649 Cosmographieo
2098 1572 2194 1631 hic
2244 1574 2497 1632 breviter
2543 1571 2770 1631 inculco
2827 1571 3084 1630 ordinem
3133 1571 3391 1646 quinque

676 1653 1000 1731 figurarum
1046 1659 1104 1714 in
1152 1659 1400 1732 mundo,
1448 1676 1695 1734 quarum
1740 1670 1857 1719 tres
1903 1662 2257 1738 primariae„
2298 1660 2449 1719 duae
2495 1657 2895 1719 secundariae.
2990 1657 3193 1719 Cubus
3238 1659 3390 1718 enim

677 1738 792 1824 (l)
816 1747 1071 1803 extimus
1114 1755 1174 1803 et
1214 1745 1649 1822 amplissimae,
1695 1750 1837 1823 quia
1882 1750 2264 1824 primigenius
2311 1755 2369 1807 et
2417 1749 2702 1805 rationem
2746 1745 2972 1806 habens
3017 1748 3215 1818 totius,
3264 1748 3394 1823 ipsa

673 1833 1080 1906 generationis
1110 1850 1253 1893 suae
1284 1835 1489 1893 forma.
1579 1833 1856 1911 Sequitur
1876 1835 2231 1910 „atraciis-on
2261 1830 2392 1916 (2),
2443 1844 2725 1910 tanquam
2769 1850 2919 1910 pars
2957 1833 3216 1892 sectione
3260 1833 3400 1892 cubi

674 1921 1028 1992 constituta,
1074 1923 1351 1995 primaria
1394 1928 1590 1980 tamen
1637 1932 1696 1980 et
1738 1923 1885 2000 ipsa,
1931 1923 2150 1998 angulo
2212 1922 2404 1982 solido
2463 1923 2775 1994 trilineari‚
2832 1929 2898 1979 ut
2943 1920 3158 1979 cubus.·
3237 1919 3400 1979 Intra

672 2006 1015 2066 tetraedron
1049 2015 1139 2065 est
1166 2008 1578 2069 dodecac‘dron
1609 2003 1738 2089 (3),
1828 2010 2033 2069 ultima
2059 2012 2487 2087 primm-iarum,
2534 1997 2743 2068 similis
2787 2007 3013 2068 scilicet
3040 2010 3400 2083 compositae

672 2112 746 2153 cx
793 2093 937 2153 cubi
983 2096 1265 2172 partibus,
1311 2094 1586 2156 tetraedri
1631 2097 1939 2172 similibus,
1987 2096 2047 2155 id
2094 2106 2182 2157 est
2228 2116 2300 2156 ex
2347 2096 2652 2157 tetraedris
2699 2092 3134 2172 irregularibus,
3182 2096 3397 2171 quibus

672 2183 898 2256 tegitur
946 2185 1130 2242 cubus
1176 2185 1349 2243 intus.
1442 2182 1599 2242 Huic
1645 2185 1906 2244 succedit
1950 2185 2303 2246 icosae'dron
2348 2179 2456 2265 (4)
2523 2186 2598 2243 ob
2645 2181 3113 2256 similitudinem,
3184 2182 3396 2241 ultima

669 2267 1176 2343 secundariarum,
1225 2268 1443 2346 angulo
1475 2269 1665 2329 solido
1696 2271 2054 2347 plurilineari
2086 2274 2393 2334 utentium.
2482 2271 2763 2329 Intimum
2805 2280 2893 2330 est
2925 2269 3243 2330 octoe'dron
3274 2266 3398 2351 (5),

671 2357 815 2415 cubi
845 2358 1037 2417 simile
1099 2365 1157 2416 et
1191 2361 1385 2434 prima
1427 2357 1615 2433 figura
1674 2361 2182 2432 secundariarum,
2253 2364 2349 2419 cui
2394 2357 2529 2431 ideo
2574 2359 2794 2435 primus
2850 2357 3017 2417 locus
3062 2359 3400 2417 interiorum

668 2443 959 2520 debetur,
1025 2447 1245 2522 quippe
1289 2448 1636 2523 inscriptile,
1684 2449 1770 2506 uti
1817 2449 1969 2508 cubo
2008 2446 2483 2524 circumscriptili
2527 2449 2748 2525 primus
2793 2446 3164 2506 exteriorum.

842 3567 894 3608 In
924 3566 1063 3617 priori
1079 3564 1221 3614 figura
1235 3560 1304 3613 (N.
1322 3556 1395 3610 3‘1)
1412 3563 1596 3611 apparet
1616 3525 1874 3602 toti-sedwa
1894 3562 2066 3613 ACDF,
2097 3565 2248 3605 laton·
2269 3565 2317 3605 in
2334 3563 2466 3617 cubo,
2537 3580 2553 3605 ·;
2597 3529 2613 3627 ἐ
2664 3563 2673 3584 ²

680 3621 760 3714 sie¹
798 3618 1111 3716 αὲὃόεέᾱιὶὴοα
1137 3616 1351 3658 tetradus-1
1377 3612 1575 3666 planum,
1605 3617 1655 3654 ut
1681 3613 1820 3665 Anu,
1850 3618 2033 3666 tegatur
2060 3616 2116 3658 ab
2144 3628 2234 3659 nno
2262 3619 2366 3661 cubi
2383 3618 2469 3661 ἀπ·
2561 3649 2565 3661 ,
2597 3620 2601 3634 “

676 3684 741 3724 gu
760 3683 791 3713 ο
989 3701 1001 3713 .
2657 3675 2661 3693 ·

2622 3948 2674 3991 Ιο
2714 3947 2922 3991 secunda
2946 3946 3088 3996 figura
3114 3944 3188 3996 (N.
3221 3942 3287 3995 88)
3328 3955 3403 3994 ap-

2466 4002 2598 4049 parot
2631 4000 2772 4042 cubus
2801 4000 2959 4048 Am),
3001 4000 3151 4039 latens
3193 3999 3317 4038 intus
3359 3998 3405 4038 ln

2378 4075 2391 4092 ι
2465 4051 2773 4104 ᾶοᾱοοιόᾶτο,
2831 4053 2898 4092 stc
2933 4054 2985 4092 ut
3030 4050 3263 4101 quodlibet
3303 4050 3408 4091 cubi

2463 4105 2668 4156 planum,
2711 4107 2764 4145 ut
2790 4104 2914 4144 Am)
2931 4133 2944 4153 ,
2972 4106 3153 4155 tegatur
3178 4113 3206 4143 a
3231 4102 3406 4145 duobus

2463 4156 2730 4198 dodecaEdri
2783 4157 2962 4206 angulis
3021 4166 3102 4198 sou
3156 4154 3403 4206 pout-,edre

2460 4210 2691 4259 Ancon,
2722 4210 2838 4260 quod
2867 4212 2942 4250 snt
2958 4210 3121 4250 sectile
3148 4210 3193 4249 in
3222 4208 3312 4249 tria
3337 4211 3402 4248 to·

2460 4263 2642 4303 tractim
2694 4262 2938 4304 dissimilia
2998 4270 3080 4313 por
3132 4259 3219 4302 duo
3270 4260 3407 4311 plana

2459 4316 2583 4357 Dea
2611 4317 2659 4356 ot
2687 4315 2826 4356 ABD.

686 5072 791 5112 me
821 5071 943 5111 viden
981 5068 1225 5111 octoadi-on
1263 5070 1402 5110 insci-l
1437 5073 1529 5111 tum
1570 5071 1683 5112 cubo
1723 5071 1815 5122 (ag.

584 5125 652 5169 Ι).
682 5124 799 5177 ss),
825 5122 1071 5166 icostedron
1099 5121 1375 5164 dodae-bdro
1421 5124 1496 5175 fig.
1524 5124 1627 5172 390.
