4467 6192
533 643 595 706 844
1050 642 1199 699 Ptolemaei
1217 641 1371 698 Harmonia.

531 817 560 873 in
577 818 736 886 praedicato
763 815 870 886 speses
894 818 1106 876 mathematicas.
1143 819 1287 875 Conclusio
1306 817 1423 887 denique
1449 825 1492 873 est
1508 817 1709 888 quodammodo
1735 817 1795 873 loco
1813 817 1880 872 labi·

532 897 614 951 tualis
633 898 806 967 operationis.
843 897 941 952 Adhuc
959 899 1090 969 amplius:
1113 898 1254 955 theorema
1282 905 1324 952 est
1342 896 1505 966 speculatio,
1534 899 1674 968 problema
1696 905 1738 954 est
1759 899 1881 968 operatio,

533 991 617 1030 causa
635 991 700 1030 suae
719 976 957 1032 demonstrationis
987 993 1020 1031 ex
1038 978 1237 1032 theorematum
1261 975 1537 1034 demonstrationibus
1556 979 1691 1044 derivata,
1717 992 1800 1031 cansa
1824 992 1880 1030 vero

533 1054 674 1123 praecepti
699 1055 727 1108 in
746 1054 798 1109 hac
822 1070 872 1108 sua
900 1054 1132 1112 demonstratione
1158 1057 1325 1122 confirmata,
1354 1056 1467 1126 ejusque
1486 1071 1553 1111 usus
1572 1065 1614 1111 est
1632 1057 1720 1111 instar
1743 1053 1882 1108 habitualis

534 1133 664 1186 exercitii.
701 1133 743 1187 lta
764 1133 907 1202 multiplex
934 1142 977 1186 est
1000 1135 1188 1203 symbolisntio
1212 1135 1277 1202 ista,
1306 1136 1328 1189 si
1347 1135 1496 1190 secundnm
1519 1135 1605 1204 magis
1634 1143 1661 1191 et
1685 1137 1773 1188 minus
1799 1135 1883 1188 omnia

523 1212 735 1278 ¹‹consideremus
760 1227 821 1265 cum
846 1212 1012 1267 Ptolemaeo.
1050 1213 1103 1268 Sed
1129 1214 1210 1282 plena
1234 1213 1358 1268 trifariae
1386 1212 1566 1276 distinctionis
1591 1212 1653 1268 idea
1679 1221 1721 1268 est
1745 1213 1774 1264 in
1799 1211 1883 1270 hissa

534 1291 699 1345 astronomia
715 1292 791 1359 ipsa,
820 1305 890 1360 qnae
908 1306 1004 1355 causas
1024 1293 1113 1360 aperit
1132 1292 1365 1362 appetendarum,
1390 1297 1432 1346 est
1451 1289 1659 1368 speculationis,
1688 1287 1808 1346 cahnlus
1827 1307 1883 1346 raro

534 1378 656 1425 motuum
675 1370 833 1425 coelestium
851 1371 886 1425 ad
905 1378 1028 1439 tempora
1047 1381 1122 1425 certa
1149 1372 1190 1424 rel
1209 1372 1341 1426 revolutio
1365 1370 1499 1439 sphaerae
1520 1369 1740 1442 theoriarumqne
1765 1380 1809 1426 est
1828 1383 1884 1438 ope

533 1449 646 1504 rationis
664 1450 833 1518 manuarine;
852 1449 969 1519 denique
987 1449 1089 1517 agnitio
1107 1457 1302 1520 tempestatum
1322 1450 1385 1504 anni
1403 1464 1437 1502 ex
1457 1447 1576 1502 siderum
1596 1458 1657 1504 ortu
1676 1459 1701 1504 et
1720 1466 1822 1518 occasa
1834 1464 1885 1502 mn·

534 1527 722 1600 tanquamque
747 1528 826 1582 aeris·
845 1535 896 1583 etc.
921 1533 995 1597 (pars
1023 1529 1214 1600 agriculturae)
1244 1537 1272 1583 et
1295 1529 1433 1584 distinctio
1452 1526 1595 1596 plagarum
1622 1541 1656 1580 er
1681 1537 1795 1597 aspectu
1823 1525 1886 1581 rorli

534 1609 611 1676 (pars
637 1609 704 1661 artis
726 1608 880 1669 nauticael,
908 1619 972 1662 snut
997 1609 1068 1663 inter
1091 1609 1209 1664 habitus.
1241 1607 1383 1676 >Quorsum
1401 1605 1504 1661 referas
1528 1605 1610 1660 etiam
1637 1605 1794 1661 instinctum
1813 1605 1885 1659 illan

532 1687 699 1749 naturalem,
724 1686 888 1755 agnoscendi
908 1686 1139 1755 configurationes
1158 1689 1226 1744 citra
1245 1687 1409 1755 discursum,
1438 1684 1544 1752 dequo
1563 1682 1648 1738 multa
1671 1682 1741 1738 libro
1760 1685 1808 1738 tv.
1828 1683 1886 1740 dixi.

535 1767 575 1821 sic
593 1766 674 1820 etiam
693 1764 849 1818 instinctum
868 1764 895 1817 in
916 1765 988 1833 Sole,
1007 1767 1173 1838 agnoscendi
1190 1765 1346 1821 harmonias
1365 1763 1499 1819 coelestes
1519 1804 1526 1832 ,
1546 1762 1650 1834 dequo
1669 1759 1715 1815 lib.
1728 1757 1760 1816 V.
1773 1777 1835 1831 cap,
1852 1763 1886 1819 tu.

535 1845 573 1900 Et
589 1845 617 1898 in
635 1843 777 1898 harmonia
795 1843 913 1896 inventio
933 1855 1086 1913 causarum,
1105 1860 1141 1898 ex
1159 1844 1257 1915 quibus
1277 1851 1342 1898 sunt
1360 1841 1526 1910 harmoniae,
1544 1841 1663 1910 pertinet
1679 1841 1713 1894 ad
1727 1839 1886 1910 speculatio-

535 1938 596 1977 nem
615 1936 781 1996 expressam,
800 1920 1002 1975 lrarmoniarum
1020 1922 1048 1976 in
1060 1921 1173 1977 uocibus
1190 1929 1220 1978 et
1236 1921 1346 1976 chordis
1364 1937 1414 1992 per
1426 1920 1572 1976 sectionem
1588 1917 1705 1974 chordae
1724 1921 1886 1986 canomcam,

534 2001 653 2070 pertinet
671 1999 707 2054 ad
725 2000 910 2067 operationem
928 2000 1107 2067 marcarium,
1134 2007 1163 2053 at
1181 1999 1328 2056 modulatio
1347 2009 1458 2067 cantus,
1486 2015 1535 2055 sen
1554 2013 1631 2064 roca,
1650 2013 1700 2052 seu
1717 2015 1815 2065 manu,
1843 2013 1887 2052 sea

534 2078 631 2147 lingna
648 2085 676 2132 et
692 2077 878 2132 instrumentis
897 2077 1066 2141 sonantibus,
1086 2085 1130 2132 est
1145 2078 1183 2150 ad
1200 2079 1314 2134 habitus
1330 2077 1481 2134 referenda.
1519 2079 1652 2145 Quorsum
1671 2077 1753 2132 etiam
1772 2075 1886 2130 referen-

536 2157 587 2212 dus
605 2156 750 2211 instinctus
776 2154 823 2208 ille
840 2155 972 2211 naturalis
999 2157 1027 2210 iu
1045 2155 1214 2224 homiuibus,
1242 2159 1406 2228 agnoscendi
1434 2165 1462 2212 et
1487 2154 1618 2227 probandi
1645 2154 1803 2208 harmonias
1822 2155 1886 2208 citra

536 2234 617 2290 etiam
631 2234 815 2304 disciplinam.

1085 2414 1343 2494 damulti

624 2576 710 2655 Quod
733 2545 778 2638 ris
801 2577 987 2642 harmonicae
1010 2584 1286 2662 contemperationis
1311 2575 1444 2644 omnibus
1468 2566 1553 2642 rebus
1577 2584 1662 2656 insit,
1688 2598 1812 2660 quarum
1832 2597 1887 2640 na·

537 2697 620 2752 turso
642 2692 755 2753 altioris
777 2694 963 2771 perfeetionis
992 2695 1085 2771 gradu
1108 2698 1291 2770 causatum,
1323 2707 1351 2754 et
1377 2695 1456 2772 quod
1488 2695 1516 2753 id
1539 2697 1666 2754 maritus
1696 2703 1836 2772 appareat
1862 2696 1887 2751 in

471 2847 476 2856 ·
520 2804 673 2865 humanis
696 2809 800 2865 animis
824 2809 911 2883 inque
935 2807 1112 2868 coelestibus
1135 2807 1368 2888 revolutionibus
1382 2802 1425 2888 Π).

625 2916 712 2995 Quod
734 2922 823 2996 igitur
850 2920 924 2980 haee
947 2916 1117 2985 harmonica
1147 2923 1272 2981 facultas
1295 2924 1408 2998 species
1431 2921 1576 2999 quaedam
1605 2923 1775 2980 sit‘ctusae
1798 2922 1887 2978 ratio·

538 3008 671 3080 cinautis,
695 3024 814 3068 versans
838 3011 915 3068 eirca
938 3012 1236 3071 commensurationes
1259 3021 1405 3082 motuum,
1434 3019 1464 3068 et
1486 3009 1565 3085 qnod
1588 3009 1725 3079 seleutia,
1749 3011 1779 3066 in
1803 3006 1887 3083 hujus

537 3093 685 3155 facultatis
715 3096 964 3172 contemplatione
996 3109 1155 3173 occupata,
1186 3099 1298 3175 species
1329 3100 1367 3155 sit
1391 3096 1627 3166 mathematices,
1662 3111 1784 3154 versans
1816 3098 1888 3153 ebes

539 3185 744 3261 proportiones
772 3182 1000 3243 differentiarum
1031 3183 1206 3244 audibilium
1237 3183 1418 3260 tendensque
1448 3187 1477 3241 in
1508 3183 1652 3242 culturam
1682 3185 1779 3255 vitae,
1817 3197 1889 3258 qnae

538 3270 615 3331 solet
637 3271 761 3330 existere
788 3287 823 3330 ex
846 3272 1108 3348 contemplatione,
1140 3275 1164 3330 si
1195 3273 1284 3331 ctiam
1316 3271 1437 3331 secedat
1465 3273 1588 3329 imitatio
1612 3287 1729 3342 eornm,
1762 3271 1815 3346 qui
1838 3269 1888 3327 snb

539 3356 692 3433 disciplina
716 3373 817 3416 eornm
840 3368 909 3417 suut
930 3361 1095 3432 constituti,
1128 3357 1157 3416 id
1179 3376 1231 3435 per
1251 3359 1313 3434 Jam
1337 3359 1444 3418 dictum
1467 3361 1510 3417 sie
1533 3359 1738 3430 udrtmbratnm
1761 3365 1836 3419 esto.

626 3445 839 3520 Explicandnm
863 3463 932 3505 vero
957 3455 986 3506 et
1008 3446 1045 3504 ad
1068 3456 1196 3506 mentem
1219 3446 1417 3505 revocandum
1440 3455 1482 3505 est
1504 3446 1643 3521 anrplins,
1668 3445 1748 3521 quad
1772 3459 1888 3504 necesse

539 3533 650 3607 ubique
673 3534 719 3603 sit,
743 3531 912 3591 facultatem
936 3541 1037 3593 mutae
1060 3537 1266 3610 praestantiae,
1291 3535 1366 3593 sicut
1387 3545 1418 3594 et
1434 3543 1545 3593 ceteras
1562 3529 1700 3616 (rationis
1718 3525 1888 3610 facultates)

540 3619 676 3678 omnibns
700 3621 787 3678 etiam
811 3619 877 3678 aliis
902 3624 996 3681 inesse
1019 3622 1123 3699 rebus,
1154 3639 1230 3697 quae
1253 3623 1427 3699 principium
1449 3632 1547 3683 motus
1569 3621 1679 3682 liabent
1701 3622 1730 3676 iu
1755 3637 1788 3678 se
1812 3621 1888 3695 ipsis,

541 3708 570 3763 in
595 3715 737 3782 quantum
766 3707 795 3766 id
819 3711 944 3783 quaevis
971 3707 1074 3781 habet,
1106 3710 1237 3788 inprimis
1269 3725 1336 3768 vero
1366 3718 1396 3768 et
1424 3709 1591 3786 plenissime
1620 3710 1707 3768 rebus
1730 3709 1783 3780 iia,
1816 3722 1889 3782 quar

540 3793 720 3871 perfectioris
742 3801 772 3854 et
794 3795 990 3855 rationalioris
1013 3804 1136 3856 naturae
1158 3806 1227 3855 snut
1247 3799 1419 3874 participes,
1442 3805 1559 3873 propter
1583 3806 1663 3856 ortus
1686 3796 1889 3871 cognationem

542 3889 572 3940 et
593 3881 821 3942 familiaritatem
830 3878 896 3958 ¹¹¹);
923 3887 954 3941 in
977 3886 1023 3950 iis,
1037 3886 1145 3961 quippe
1168 3883 1238 3944 solis
1267 3883 1388 3942 evidens
1413 3885 1474 3943 fieri
1497 3891 1606 3961 potest,
1637 3901 1725 3960 quam
1750 3882 1802 3940 illa
1824 3882 1889 3940 har-

542 3970 641 4028 monia
662 3977 692 4027 et
715 3971 873 4030 universim
895 3979 926 4030 et
947 3981 1082 4030 accurate
1105 3979 1222 4032 tueatur
1245 3965 1401 4052 (quantum
1428 3971 1545 4048 quidem
1566 3971 1628 4030 lieri
1644 3973 1765 4029 omniuo
1781 3963 1889 4046 potest)

541 4055 763 4116 similitudinem
787 4051 1016 4134 proportionum,
1040 4059 1148 4135 quibas
1172 4062 1201 4116 in
1224 4059 1413 4119 dissimilibus
1428 4061 1582 4136 speciebus
1606 4059 1706 4133 aliqua
1721 4067 1889 4132 gratacon-

542 4144 715 4220 tamperatio
749 4151 779 4203 et
811 4148 1017 4205 convenientia
1052 4149 1246 4206 constituitur.
1299 4147 1333 4205 In
1369 4145 1536 4207 universnm
1572 4148 1648 4205 euim
1685 4143 1890 4220 rrrraqtraeltbet

544 4249 644 4292 earum
667 4247 773 4302 rerum,
797 4249 871 4308 quas
893 4242 1000 4294 ustura
1021 4233 1167 4312 gubernat
1187 4241 1217 4293 et
1240 4225 1448 4311 complectitur,
1472 4236 1667 4312 proportionis
1683 4233 1811 4308 alicujus
1825 4245 1890 4306 par-

543 4321 635 4394 ticeps
667 4329 712 4395 est
735 4337 801 4379 cum
833 4321 863 4378 iu
885 4322 1030 4394 motibus,
1062 4323 1236 4380 tumetium
1270 4323 1297 4379 iu
1322 4321 1461 4396 subjectis
1489 4323 1545 4382 sibi
1572 4313 1718 4392 materiis,
1750 4321 1833 4395 cujus
1855 4313 1890 4372 ad

543 4409 754 4485 praescriptum
777 4423 1034 4484 commoneamque
1056 4410 1177 4467 rationis
1201 4403 1247 4490 (iu
1270 4417 1411 4485 quantum
1434 4409 1485 4468 illa
1507 4407 1625 4485 quidem
1656 4389 1808 4466 ohservari
1829 4421 1890 4461 onr-

544 4496 612 4554 nino
637 4496 861 4571 conservarique
884 4491 997 4577 potest)
1021 4506 1050 4555 et
1072 4498 1223 4571 generatio
1247 4500 1277 4564 iu
1299 4514 1328 4556 re
1352 4500 1427 4572 inest
1458 4504 1488 4556 et
1510 4495 1690 4554 alimentatio
1724 4503 1754 4552 et
1777 4507 1890 4554 consar-

547 4583 628 4640 natio
651 4588 681 4640 et
703 4581 844 4658 quicquid
866 4587 984 4646 omniuo
1007 4583 1136 4643 melioris
1160 4591 1248 4643 notae
1271 4584 1325 4644 diei
1351 4591 1463 4660 potest3
1487 4601 1553 4642 cnm
1568 4599 1637 4642 vero
1660 4582 1748 4651 rebus
1773 4577 1891 4662 (quibus

545 4667 663 4744 quidem
687 4672 799 4749 potest)
822 4668 941 4730 ademta
962 4671 1049 4731 fuerit
1070 4671 1146 4730 haec
1167 4670 1393 4730 familiarissima
1415 4670 1550 4744 facultas,
1575 4671 1673 4730 omnia
1693 4678 1764 4730 tunc
1787 4681 1891 4732 eamme

543 4772 622 4832 quaa
648 4756 711 4831 jam
741 4757 883 4831 diximus,
914 4761 1059 4816 contraria
1088 4760 1123 4816 iis
1155 4760 1293 4834 eueniunt
1321 4766 1466 4835 ruuntque
1494 4765 1524 4817 et
1545 4765 1670 4834 vergunt
1697 4760 1728 4814 ln
1749 4756 1832 4832 pejus
1840 4747 1890 4828 Ν)

545 4842 656 4904 Verum
669 4844 702 4901 in
716 4847 856 4904 materiae
870 4847 964 4922 ipsius
980 4847 1157 4905 motionibus
1180 4844 1343 4906 alterativis
1366 4844 1395 4903 id
1418 4861 1476 4905 nou
1492 4847 1534 4904 ita
1549 4845 1738 4921 conspicuam
1754 4851 1806 4913 est,
1828 4855 1891 4898 cnm

545 4933 576 4987 in
598 4929 651 4989 llla
672 4945 767 5007 neque
790 4937 939 5007 quantitas
960 4949 1057 5010 neque
1080 4933 1208 5009 qualitas
1231 4940 1348 5010 propter
1369 4931 1590 4992 instabilitatem
1617 4931 1800 4992 determinari
1822 4943 1891 5003 pos·

545 5013 639 5097 atti),
668 5021 697 5076 ln
721 5020 849 5078 motibus
871 5037 956 5093 vero,
985 5022 1036 5097 qui
1064 5028 1097 5079 ut
1125 5021 1280 5098 plurimum
1310 5024 1383 5079 inter
1405 5021 1524 5096 speeies
1552 5022 1604 5080 se‘u
1633 5019 1742 5079 formas
1771 5030 1890 5076 causer·
1963 5065 1964 5070 ,

547 5105 697 5188 santurll)
721 5106 803 5196 [strat
825 5115 923 5169 autem
945 5108 976 5182 il,
1000 5110 1050 5187 qni
1072 5110 1173 5168 insunt
1195 5109 1291 5184 rebus,
1313 5115 1432 5168 naturas
1447 5107 1634 5188 perfectiores
1648 5113 1679 5168 st
1693 5101 1889 5168 rationaliares
1955 5086 1961 5109 ⁸
