<?xml version="1.0" encoding="UTF-8"?>
<!DOCTYPE html PUBLIC "-//W3C//DTD XHTML 1.0 Transitional//EN"
    "http://www.w3.org/TR/xhtml1/DTD/xhtml1-transitional.dtd">
<html xmlns="http://www.w3.org/1999/xhtml" xml:lang="en" lang="en">
 <head>
  <title>
</title>
<meta http-equiv="Content-Type" content="text/html;charset=utf-8" />
  <meta name='ocr-system' content='tesseract 3.04.00' />
  <meta name='ocr-capabilities' content='ocr_page ocr_carea ocr_par ocr_line ocrx_word'/>
</head>
<body>
  <div class='ocr_page' id='page_1' title='image "./joanniskepleria19frisgoog_0321.png"; bbox 0 0 4467 6192; ppageno 0'>
   <div class='ocr_carea' id='block_1_1' title="bbox 870 641 1185 714">
    <p class='ocr_par' dir='ltr' id='par_1_1' title="bbox 870 641 1185 714">
     <span class='ocr_line' id='line_1_1' title="bbox 870 641 1185 714; baseline -0.013 -16"><span class='ocrx_word' id='word_1_1' title='bbox 870 641 953 698; x_wconf 76' lang='lat' dir='ltr'><strong>misr</strong></span> <span class='ocrx_word' id='word_1_2' title='bbox 969 645 1002 699; x_wconf 83' lang='lat' dir='ltr'><strong>v.</strong></span> <span class='ocrx_word' id='word_1_3' title='bbox 1019 645 1108 714; x_wconf 78' lang='lat' dir='ltr'><strong>(lapsi</strong></span> <span class='ocrx_word' id='word_1_4' title='bbox 1125 641 1185 700; x_wconf 77' lang='lat' dir='ltr'><strong>vll.</strong></span> 
     </span>
    </p>
   </div>
   <div class='ocr_carea' id='block_1_2' title="bbox 905 897 1139 970">
    <p class='ocr_par' dir='ltr' id='par_1_2' title="bbox 905 897 1139 970">
     <span class='ocr_line' id='line_1_2' title="bbox 905 897 1139 970; baseline -0.009 0"><span class='ocrx_word' id='word_1_5' title='bbox 905 897 1047 970; x_wconf 76' lang='lat' dir='ltr'><strong>carui</strong></span> <span class='ocrx_word' id='word_1_6' title='bbox 1060 897 1139 970; x_wconf 77' lang='lat' dir='ltr'><strong>¹llll.</strong></span> 
     </span>
    </p>
   </div>
   <div class='ocr_carea' id='block_1_3' title="bbox 379 1037 1673 1202">
    <p class='ocr_par' dir='ltr' id='par_1_3' title="bbox 379 1037 1673 1202">
     <span class='ocr_line' id='line_1_3' title="bbox 379 1037 1673 1114; baseline 0.007 -21"><span class='ocrx_word' id='word_1_7' title='bbox 379 1037 589 1098; x_wconf 80' lang='lat' dir='ltr'><strong>Harmoniae</strong></span> <span class='ocrx_word' id='word_1_8' title='bbox 611 1041 830 1099; x_wconf 81' lang='lat' dir='ltr'><strong>universales</strong></span> <span class='ocrx_word' id='word_1_9' title='bbox 858 1043 1002 1100; x_wconf 91' lang='lat' dir='ltr'><strong>omnium</strong></span> <span class='ocrx_word' id='word_1_10' title='bbox 1026 1060 1088 1099; x_wconf 85' lang='lat' dir='ltr'><strong>sex</strong></span> <span class='ocrx_word' id='word_1_11' title='bbox 1111 1041 1332 1114; x_wconf 87' lang='lat' dir='ltr'><strong>planetarum</strong></span> <span class='ocrx_word' id='word_1_12' title='bbox 1355 1041 1462 1096; x_wconf 81' lang='lat' dir='ltr'><strong>veluti</strong></span> <span class='ocrx_word' id='word_1_13' title='bbox 1487 1047 1673 1102; x_wconf 89' lang='lat' dir='ltr'><strong>eommunia</strong></span> 
     </span>
     <span class='ocr_line' id='line_1_4' title="bbox 714 1128 1336 1202; baseline 0 -20"><span class='ocrx_word' id='word_1_14' title='bbox 714 1137 963 1202; x_wconf 85' lang='lat' dir='ltr'><strong>coutrcpuucta</strong></span> <span class='ocrx_word' id='word_1_15' title='bbox 981 1129 1236 1202; x_wconf 75' lang='lat' dir='ltr'><strong>quadriformia</strong></span> <span class='ocrx_word' id='word_1_16' title='bbox 1254 1128 1336 1184; x_wconf 91' lang='lat' dir='ltr'><strong>dari.</strong></span> 
     </span>
    </p>
   </div>
   <div class='ocr_carea' id='block_1_4' title="bbox 264 1268 1743 4755">
    <p class='ocr_par' dir='ltr' id='par_1_4' title="bbox 345 1268 1705 1971">
     <span class='ocr_line' id='line_1_5' title="bbox 381 1268 1705 1353; baseline 0.008 -24"><span class='ocrx_word' id='word_1_17' title='bbox 381 1277 385 1282; x_wconf 88' lang='grc'><strong>’</strong></span> <span class='ocrx_word' id='word_1_18' title='bbox 433 1268 522 1331; x_wconf 75' lang='lat' dir='ltr'><strong>Nunc</strong></span> <span class='ocrx_word' id='word_1_19' title='bbox 544 1288 618 1353; x_wconf 86' lang='lat' dir='ltr'><strong>epm</strong></span> <span class='ocrx_word' id='word_1_20' title='bbox 624 1270 782 1351; x_wconf 60' lang='lat' dir='ltr'><strong>,iilrsnie,</strong></span> <span class='ocrx_word' id='word_1_21' title='bbox 809 1277 907 1334; x_wconf 86' lang='lat' dir='ltr'><strong>sonito</strong></span> <span class='ocrx_word' id='word_1_22' title='bbox 929 1275 1058 1352; x_wconf 78' lang='lat' dir='ltr'><strong>maiore,</strong></span> <span class='ocrx_word' id='word_1_23' title='bbox 1087 1275 1156 1335; x_wconf 86' lang='lat' dir='ltr'><strong>dnm</strong></span> <span class='ocrx_word' id='word_1_24' title='bbox 1178 1289 1231 1352; x_wconf 86' lang='lat' dir='ltr'><strong>per</strong></span> <span class='ocrx_word' id='word_1_25' title='bbox 1252 1273 1362 1332; x_wconf 85' lang='lat' dir='ltr'><strong>sosium</strong></span> <span class='ocrx_word' id='word_1_26' title='bbox 1385 1273 1584 1336; x_wconf 82' lang='lat' dir='ltr'><strong>harmonicam</strong></span> <span class='ocrx_word' id='word_1_27' title='bbox 1606 1279 1705 1340; x_wconf 90' lang='lat' dir='ltr'><strong>coele·</strong></span> 
     </span>
     <span class='ocr_line' id='line_1_6' title="bbox 347 1359 1704 1441; baseline 0.007 -26"><span class='ocrx_word' id='word_1_28' title='bbox 347 1360 437 1416; x_wconf 71' lang='lat' dir='ltr'><strong>suum</strong></span> <span class='ocrx_word' id='word_1_29' title='bbox 462 1367 593 1418; x_wconf 87' lang='lat' dir='ltr'><strong>motuum</strong></span> <span class='ocrx_word' id='word_1_30' title='bbox 617 1359 784 1420; x_wconf 80' lang='lat' dir='ltr'><strong>adultiora</strong></span> <span class='ocrx_word' id='word_1_31' title='bbox 806 1360 984 1434; x_wconf 88' lang='lat' dir='ltr'><strong>conscendo,</strong></span> <span class='ocrx_word' id='word_1_32' title='bbox 1015 1379 1076 1441; x_wconf 88' lang='lat' dir='ltr'><strong>qua</strong></span> <span class='ocrx_word' id='word_1_33' title='bbox 1095 1365 1242 1439; x_wconf 55' lang='lat' dir='ltr'><strong>muninus</strong></span> <span class='ocrx_word' id='word_1_34' title='bbox 1264 1359 1441 1437; x_wconf 87' lang='lat' dir='ltr'><strong>archetypus</strong></span> <span class='ocrx_word' id='word_1_35' title='bbox 1468 1363 1596 1426; x_wconf 85' lang='lat' dir='ltr'><strong>iubricae</strong></span> <span class='ocrx_word' id='word_1_36' title='bbox 1617 1383 1704 1425; x_wconf 76' lang='lat' dir='ltr'><strong>mun-</strong></span> 
     </span>
     <span class='ocr_line' id='line_1_7' title="bbox 345 1435 1703 1528; baseline 0.008 -25"><span class='ocrx_word' id='word_1_37' title='bbox 345 1443 442 1504; x_wconf 88' lang='lat' dir='ltr'><strong>danae</strong></span> <span class='ocrx_word' id='word_1_38' title='bbox 465 1446 632 1506; x_wconf 87' lang='lat' dir='ltr'><strong>reconditus</strong></span> <span class='ocrx_word' id='word_1_39' title='bbox 646 1457 822 1509; x_wconf 72' lang='lat' dir='ltr'><strong>asseramur.</strong></span> <span class='ocrx_word' id='word_1_40' title='bbox 856 1449 1027 1526; x_wconf 76' lang='lat' dir='ltr'>Sequimini,</span> <span class='ocrx_word' id='word_1_41' title='bbox 1051 1452 1155 1510; x_wconf 89' lang='lat' dir='ltr'><strong>musici</strong></span> <span class='ocrx_word' id='word_1_42' title='bbox 1170 1449 1311 1523; x_wconf 86' lang='lat' dir='ltr'><strong>moderni,</strong></span> <span class='ocrx_word' id='word_1_43' title='bbox 1326 1461 1445 1524; x_wconf 87' lang='lat' dir='ltr'><strong>remque</strong></span> <span class='ocrx_word' id='word_1_44' title='bbox 1461 1453 1566 1511; x_wconf 79' lang='lat' dir='ltr'><strong>restris</strong></span> <span class='ocrx_word' id='word_1_45' title='bbox 1582 1435 1703 1528; x_wconf 76' lang='lat' dir='ltr'><strong>attilus,</strong></span> 
     </span>
     <span class='ocr_line' id='line_1_8' title="bbox 349 1534 1705 1613; baseline 0.007 -21"><span class='ocrx_word' id='word_1_46' title='bbox 349 1535 525 1606; x_wconf 72' lang='lat' dir='ltr'><strong>antiquitati</strong></span> <span class='ocrx_word' id='word_1_47' title='bbox 547 1542 614 1593; x_wconf 84' lang='lat' dir='ltr'><strong>&#39;nou</strong></span> <span class='ocrx_word' id='word_1_48' title='bbox 637 1534 777 1610; x_wconf 73' lang='lat' dir='ltr'><strong>cognitis,</strong></span> <span class='ocrx_word' id='word_1_49' title='bbox 808 1540 939 1598; x_wconf 86' lang='lat' dir='ltr'><strong>censatei</strong></span> <span class='ocrx_word' id='word_1_50' title='bbox 971 1537 1035 1597; x_wconf 86' lang='lat' dir='ltr'><strong>Vos</strong></span> <span class='ocrx_word' id='word_1_51' title='bbox 1057 1537 1104 1596; x_wconf 80' lang='lat' dir='ltr'><strong>lis</strong></span> <span class='ocrx_word' id='word_1_52' title='bbox 1130 1535 1369 1597; x_wconf 73' lang='lat' dir='ltr'><strong>secula-ultimis</strong></span> <span class='ocrx_word' id='word_1_53' title='bbox 1389 1537 1484 1613; x_wconf 91' lang='lat' dir='ltr'><strong>prima</strong></span> <span class='ocrx_word' id='word_1_54' title='bbox 1507 1541 1705 1601; x_wconf 87' lang='lat' dir='ltr'><strong>universitatis</strong></span> 
     </span>
     <span class='ocr_line' id='line_1_9' title="bbox 346 1620 1702 1701; baseline 0.005 -21"><span class='ocrx_word' id='word_1_55' title='bbox 346 1620 486 1698; x_wconf 78' lang='lat' dir='ltr'><strong>exempla</strong></span> <span class='ocrx_word' id='word_1_56' title='bbox 507 1624 649 1698; x_wconf 83' lang='lat' dir='ltr'><strong>genuina,</strong></span> <span class='ocrx_word' id='word_1_57' title='bbox 679 1625 723 1681; x_wconf 90' lang='lat' dir='ltr'><strong>bis</strong></span> <span class='ocrx_word' id='word_1_58' title='bbox 752 1623 875 1683; x_wconf 90' lang='lat' dir='ltr'><strong>millium</strong></span> <span class='ocrx_word' id='word_1_59' title='bbox 897 1642 1039 1684; x_wconf 85' lang='lat' dir='ltr'><strong>annorum</strong></span> <span class='ocrx_word' id='word_1_60' title='bbox 1068 1627 1224 1694; x_wconf 85' lang='lat' dir='ltr'><strong>incohata,</strong></span> <span class='ocrx_word' id='word_1_61' title='bbox 1254 1622 1370 1683; x_wconf 84' lang='lat' dir='ltr'><strong>taudem</strong></span> <span class='ocrx_word' id='word_1_62' title='bbox 1393 1623 1529 1701; x_wconf 89' lang='lat' dir='ltr'><strong>produxit</strong></span> <span class='ocrx_word' id='word_1_63' title='bbox 1556 1629 1601 1685; x_wconf 89' lang='lat' dir='ltr'><strong>sui</strong></span> <span class='ocrx_word' id='word_1_64' title='bbox 1624 1644 1702 1688; x_wconf 89' lang='lat' dir='ltr'><strong>uun·</strong></span> 
     </span>
     <span class='ocr_line' id='line_1_10' title="bbox 347 1709 1702 1792; baseline 0.007 -26"><span class='ocrx_word' id='word_1_65' title='bbox 347 1725 437 1784; x_wconf 86' lang='lat' dir='ltr'><strong>quam</strong></span> <span class='ocrx_word' id='word_1_66' title='bbox 469 1723 528 1767; x_wconf 91' lang='lat' dir='ltr'><strong>nou</strong></span> <span class='ocrx_word' id='word_1_67' title='bbox 550 1709 674 1786; x_wconf 81' lang='lat' dir='ltr'><strong>prodiga</strong></span> <span class='ocrx_word' id='word_1_68' title='bbox 702 1717 822 1785; x_wconf 78' lang='lat' dir='ltr'><strong>natura,</strong></span> <span class='ocrx_word' id='word_1_69' title='bbox 854 1714 960 1771; x_wconf 86' lang='lat' dir='ltr'><strong>restris</strong></span> <span class='ocrx_word' id='word_1_70' title='bbox 989 1711 1041 1771; x_wconf 86' lang='lat' dir='ltr'><strong>illu</strong></span> <span class='ocrx_word' id='word_1_71' title='bbox 1070 1726 1176 1771; x_wconf 87' lang='lat' dir='ltr'><strong>recum</strong></span> <span class='ocrx_word' id='word_1_72' title='bbox 1200 1713 1344 1771; x_wconf 81' lang='lat' dir='ltr'><strong>variarum</strong></span> <span class='ocrx_word' id='word_1_73' title='bbox 1373 1712 1563 1773; x_wconf 87' lang='lat' dir='ltr'><strong>concentibus</strong></span> <span class='ocrx_word' id='word_1_74' title='bbox 1591 1731 1702 1792; x_wconf 90' lang='lat' dir='ltr'><strong>perque</strong></span> 
     </span>
     <span class='ocr_line' id='line_1_11' title="bbox 345 1797 1703 1878; baseline 0.006 -24"><span class='ocrx_word' id='word_1_75' title='bbox 345 1803 464 1855; x_wconf 83' lang='lat' dir='ltr'><strong>vestras</strong></span> <span class='ocrx_word' id='word_1_76' title='bbox 486 1811 571 1856; x_wconf 86' lang='lat' dir='ltr'><strong>sores</strong></span> <span class='ocrx_word' id='word_1_77' title='bbox 593 1813 659 1857; x_wconf 88' lang='lat' dir='ltr'><strong>sese</strong></span> <span class='ocrx_word' id='word_1_78' title='bbox 680 1800 784 1874; x_wconf 84' lang='lat' dir='ltr'><strong>ipsam,</strong></span> <span class='ocrx_word' id='word_1_79' title='bbox 807 1797 905 1874; x_wconf 80' lang='lat' dir='ltr'><strong>qualis</strong></span> <span class='ocrx_word' id='word_1_80' title='bbox 927 1802 1035 1860; x_wconf 80' lang='lat' dir='ltr'><strong>existat</strong></span> <span class='ocrx_word' id='word_1_81' title='bbox 1056 1801 1241 1876; x_wconf 71' lang='lat' dir='ltr'><strong>penitissima</strong></span> <span class='ocrx_word' id='word_1_82' title='bbox 1265 1799 1341 1871; x_wconf 90' lang='lat' dir='ltr'><strong>sinu,</strong></span> <span class='ocrx_word' id='word_1_83' title='bbox 1365 1801 1453 1857; x_wconf 88' lang='lat' dir='ltr'><strong>menti</strong></span> <span class='ocrx_word' id='word_1_84' title='bbox 1468 1799 1622 1878; x_wconf 68' lang='lat' dir='ltr'><strong>mosae,</strong></span> <span class='ocrx_word' id='word_1_85' title='bbox 1646 1803 1703 1864; x_wconf 89' lang='lat' dir='ltr'><strong>Dei</strong></span> 
     </span>
     <span class='ocr_line' id='line_1_12' title="bbox 347 1881 1114 1971; baseline 0.005 -29"><span class='ocrx_word' id='word_1_86' title='bbox 347 1883 498 1943; x_wconf 71' lang='lat' dir='ltr'><strong>Crantoris</strong></span> <span class='ocrx_word' id='word_1_87' title='bbox 518 1881 598 1945; x_wconf 80' lang='lat' dir='ltr'><strong>diise</strong></span> <span class='ocrx_word' id='word_1_88' title='bbox 621 1883 844 1959; x_wconf 74' lang='lat' dir='ltr'><strong>dilectissimae,</strong></span> <span class='ocrx_word' id='word_1_89' title='bbox 868 1888 1069 1946; x_wconf 83' lang='lat' dir='ltr'><strong>insusurravit.</strong></span> <span class='ocrx_word' id='word_1_90' title='bbox 1077 1883 1114 1971; x_wconf 66' lang='lat' dir='ltr'><strong>⁴i)</strong></span> 
     </span>
    </p>

    <p class='ocr_par' dir='ltr' id='par_1_5' title="bbox 264 1969 1743 4755">
     <span class='ocr_line' id='line_1_13' title="bbox 434 1969 1705 2051; baseline 0.005 -21"><span class='ocrx_word' id='word_1_91' title='bbox 434 1969 518 2046; x_wconf 82' lang='lat' dir='ltr'><strong>Quas</strong></span> <span class='ocrx_word' id='word_1_92' title='bbox 540 1969 725 2032; x_wconf 71' lang='lat' dir='ltr'><strong>harmonicas</strong></span> <span class='ocrx_word' id='word_1_93' title='bbox 753 1976 957 2051; x_wconf 78' lang='lat' dir='ltr'><strong>proportiones</strong></span> <span class='ocrx_word' id='word_1_94' title='bbox 987 1974 1047 2034; x_wconf 85' lang='lat' dir='ltr'><strong>bini</strong></span> <span class='ocrx_word' id='word_1_95' title='bbox 1070 1975 1211 2051; x_wconf 85' lang='lat' dir='ltr'><strong>planetae</strong></span> <span class='ocrx_word' id='word_1_96' title='bbox 1234 1974 1323 2032; x_wconf 82' lang='lat' dir='ltr'><strong>vieini</strong></span> <span class='ocrx_word' id='word_1_97' title='bbox 1353 1978 1485 2031; x_wconf 89' lang='lat' dir='ltr'><strong>motuum</strong></span> <span class='ocrx_word' id='word_1_98' title='bbox 1506 1989 1628 2035; x_wconf 89' lang='lat' dir='ltr'><strong>suorum</strong></span> <span class='ocrx_word' id='word_1_99' title='bbox 1651 1993 1705 2036; x_wconf 85' lang='lat' dir='ltr'><strong>ex-</strong></span> 
     </span>
     <span class='ocr_line' id='line_1_14' title="bbox 348 2058 1704 2138; baseline 0.004 -22"><span class='ocrx_word' id='word_1_100' title='bbox 348 2058 545 2118; x_wconf 84' lang='lat' dir='ltr'><strong>tremitatibus</strong></span> <span class='ocrx_word' id='word_1_101' title='bbox 567 2059 835 2137; x_wconf 80' lang='lat' dir='ltr'><strong>complecterentur,</strong></span> <span class='ocrx_word' id='word_1_102' title='bbox 860 2062 890 2119; x_wconf 87' lang='lat' dir='ltr'><strong>iri</strong></span> <span class='ocrx_word' id='word_1_103' title='bbox 912 2059 1089 2138; x_wconf 81' lang='lat' dir='ltr'><strong>explicatum</strong></span> <span class='ocrx_word' id='word_1_104' title='bbox 1112 2062 1167 2120; x_wconf 88' lang='lat' dir='ltr'><strong>luit</strong></span> <span class='ocrx_word' id='word_1_105' title='bbox 1182 2077 1279 2137; x_wconf 82' lang='lat' dir='ltr'><strong>supra</strong></span> <span class='ocrx_word' id='word_1_106' title='bbox 1325 2059 1435 2118; x_wconf 86' lang='lat' dir='ltr'><strong>Verum</strong></span> <span class='ocrx_word' id='word_1_107' title='bbox 1451 2063 1594 2138; x_wconf 71' lang='lat' dir='ltr'><strong>confingit</strong></span> <span class='ocrx_word' id='word_1_108' title='bbox 1616 2065 1704 2122; x_wconf 86' lang='lat' dir='ltr'><strong>raris·</strong></span> 
     </span>
     <span class='ocr_line' id='line_1_15' title="bbox 347 2145 1703 2226; baseline 0.004 -23"><span class='ocrx_word' id='word_1_109' title='bbox 347 2146 431 2218; x_wconf 90' lang='lat' dir='ltr'><strong>sime,</strong></span> <span class='ocrx_word' id='word_1_110' title='bbox 457 2153 490 2205; x_wconf 87' lang='lat' dir='ltr'><strong>ut</strong></span> <span class='ocrx_word' id='word_1_111' title='bbox 513 2145 581 2220; x_wconf 90' lang='lat' dir='ltr'><strong>duo,</strong></span> <span class='ocrx_word' id='word_1_112' title='bbox 606 2149 780 2225; x_wconf 88' lang='lat' dir='ltr'><strong>praesertim</strong></span> <span class='ocrx_word' id='word_1_113' title='bbox 801 2147 970 2222; x_wconf 80' lang='lat' dir='ltr'><strong>tardissimi,</strong></span> <span class='ocrx_word' id='word_1_114' title='bbox 993 2148 1131 2210; x_wconf 84' lang='lat' dir='ltr'><strong>simulio</strong></span> <span class='ocrx_word' id='word_1_115' title='bbox 1155 2163 1209 2207; x_wconf 86' lang='lat' dir='ltr'><strong>sos</strong></span> <span class='ocrx_word' id='word_1_116' title='bbox 1232 2145 1360 2208; x_wconf 88' lang='lat' dir='ltr'><strong>incidant</strong></span> <span class='ocrx_word' id='word_1_117' title='bbox 1383 2155 1512 2208; x_wconf 82' lang='lat' dir='ltr'><strong>exuema</strong></span> <span class='ocrx_word' id='word_1_118' title='bbox 1531 2149 1703 2226; x_wconf 79' lang='lat' dir='ltr'><strong>intervalla3</strong></span> 
     </span>
     <span class='ocr_line' id='line_1_16' title="bbox 347 2232 1702 2312; baseline 0.005 -23"><span class='ocrx_word' id='word_1_119' title='bbox 347 2233 430 2292; x_wconf 85' lang='lat' dir='ltr'><strong>serbi</strong></span> <span class='ocrx_word' id='word_1_120' title='bbox 453 2249 554 2306; x_wconf 75' lang='lat' dir='ltr'><strong>musa,</strong></span> <span class='ocrx_word' id='word_1_121' title='bbox 577 2233 695 2294; x_wconf 85' lang='lat' dir='ltr'><strong>Saturni</strong></span> <span class='ocrx_word' id='word_1_122' title='bbox 718 2243 748 2294; x_wconf 92' lang='lat' dir='ltr'><strong>ct</strong></span> <span class='ocrx_word' id='word_1_123' title='bbox 768 2233 856 2294; x_wconf 63' lang='lat' dir='ltr'><strong>,loris</strong></span> <span class='ocrx_word' id='word_1_124' title='bbox 879 2236 996 2312; x_wconf 85' lang='lat' dir='ltr'><strong>apsides</strong></span> <span class='ocrx_word' id='word_1_125' title='bbox 1020 2235 1129 2294; x_wconf 88' lang='lat' dir='ltr'><strong>distant</strong></span> <span class='ocrx_word' id='word_1_126' title='bbox 1152 2237 1265 2296; x_wconf 80' lang='lat' dir='ltr'><strong>circiter</strong></span> <span class='ocrx_word' id='word_1_127' title='bbox 1287 2232 1358 2308; x_wconf 88' lang='lat'><strong>81⁰,</strong></span> <span class='ocrx_word' id='word_1_128' title='bbox 1382 2233 1470 2310; x_wconf 84' lang='lat' dir='ltr'><strong>igitur</strong></span> <span class='ocrx_word' id='word_1_129' title='bbox 1492 2237 1609 2309; x_wconf 88' lang='lat' dir='ltr'><strong>interca,</strong></span> <span class='ocrx_word' id='word_1_130' title='bbox 1634 2234 1702 2296; x_wconf 90' lang='lat' dir='ltr'><strong>dum</strong></span> 
     </span>
     <span class='ocr_line' id='line_1_17' title="bbox 347 2319 1702 2383; baseline 0.004 -5"><span class='ocrx_word' id='word_1_131' title='bbox 347 2320 423 2379; x_wconf 84' lang='lat' dir='ltr'><strong>haec</strong></span> <span class='ocrx_word' id='word_1_132' title='bbox 445 2319 562 2379; x_wconf 89' lang='lat' dir='ltr'><strong>illerum</strong></span> <span class='ocrx_word' id='word_1_133' title='bbox 584 2321 726 2382; x_wconf 85' lang='lat' dir='ltr'><strong>distantis</strong></span> <span class='ocrx_word' id='word_1_134' title='bbox 746 2325 834 2382; x_wconf 88' lang='lat' dir='ltr'><strong>certis</strong></span> <span class='ocrx_word' id='word_1_135' title='bbox 854 2326 1024 2383; x_wconf 84' lang='lat' dir='ltr'><strong>vicenorum</strong></span> <span class='ocrx_word' id='word_1_136' title='bbox 1039 2341 1182 2382; x_wconf 80' lang='lat' dir='ltr'><strong>arsamum</strong></span> <span class='ocrx_word' id='word_1_137' title='bbox 1198 2321 1322 2382; x_wconf 85' lang='lat' dir='ltr'><strong>saltibus</strong></span> <span class='ocrx_word' id='word_1_138' title='bbox 1345 2329 1439 2381; x_wconf 89' lang='lat' dir='ltr'><strong>totum</strong></span> <span class='ocrx_word' id='word_1_139' title='bbox 1453 2322 1605 2382; x_wconf 79' lang='lat' dir='ltr'><strong>zodiacum</strong></span> <span class='ocrx_word' id='word_1_140' title='bbox 1620 2340 1702 2383; x_wconf 90' lang='lat' dir='ltr'><strong>eme·</strong></span> 
     </span>
     <span class='ocr_line' id='line_1_18' title="bbox 348 2406 1743 2492; baseline 0.004 -27"><span class='ocrx_word' id='word_1_141' title='bbox 348 2409 448 2477; x_wconf 90' lang='lat' dir='ltr'><strong>tiatur,</strong></span> <span class='ocrx_word' id='word_1_142' title='bbox 471 2411 541 2466; x_wconf 89' lang='lat' dir='ltr'><strong>anni</strong></span> <span class='ocrx_word' id='word_1_143' title='bbox 564 2406 702 2470; x_wconf 85' lang='lat' dir='ltr'><strong>labuntur</strong></span> <span class='ocrx_word' id='word_1_144' title='bbox 725 2410 797 2486; x_wconf 78' lang='grc'><strong>800,</strong></span> <span class='ocrx_word' id='word_1_145' title='bbox 821 2428 915 2488; x_wconf 89' lang='lat' dir='ltr'><strong>neque</strong></span> <span class='ocrx_word' id='word_1_146' title='bbox 938 2419 1036 2471; x_wconf 87' lang='lat' dir='ltr'><strong>tamen</strong></span> <span class='ocrx_word' id='word_1_147' title='bbox 1059 2410 1170 2483; x_wconf 88' lang='lat' dir='ltr'><strong>saltus,</strong></span> <span class='ocrx_word' id='word_1_148' title='bbox 1194 2411 1243 2487; x_wconf 92' lang='lat' dir='ltr'><strong>qui</strong></span> <span class='ocrx_word' id='word_1_149' title='bbox 1267 2417 1405 2469; x_wconf 85' lang='lat' dir='ltr'><strong>octavum</strong></span> <span class='ocrx_word' id='word_1_150' title='bbox 1428 2409 1539 2468; x_wconf 85' lang='lat' dir='ltr'><strong>claudit</strong></span> <span class='ocrx_word' id='word_1_151' title='bbox 1559 2410 1702 2492; x_wconf 84' lang='lat' dir='ltr'><strong>seculum,</strong></span> <span class='ocrx_word' id='word_1_152' title='bbox 1741 2413 1743 2418; x_wconf 86' lang='lat'>&#39;</span> 
     </span>
     <span class='ocr_line' id='line_1_19' title="bbox 348 2496 1701 2576; baseline 0.004 -25"><span class='ocrx_word' id='word_1_153' title='bbox 348 2497 483 2572; x_wconf 84' lang='lat' dir='ltr'><strong>praecise</strong></span> <span class='ocrx_word' id='word_1_154' title='bbox 504 2496 593 2554; x_wconf 77' lang='lat' dir='ltr'><strong>lemur</strong></span> <span class='ocrx_word' id='word_1_155' title='bbox 614 2496 652 2558; x_wconf 85' lang='lat' dir='ltr'><strong>ed</strong></span> <span class='ocrx_word' id='word_1_156' title='bbox 673 2497 836 2573; x_wconf 80' lang='lat' dir='ltr'><strong>tpsissimss</strong></span> <span class='ocrx_word' id='word_1_157' title='bbox 858 2497 986 2575; x_wconf 86' lang='lat' dir='ltr'><strong>apsidas,</strong></span> <span class='ocrx_word' id='word_1_158' title='bbox 1010 2505 1040 2558; x_wconf 92' lang='lat' dir='ltr'><strong>et</strong></span> <span class='ocrx_word' id='word_1_159' title='bbox 1061 2499 1092 2556; x_wconf 89' lang='lat' dir='ltr'><strong>si·</strong></span> <span class='ocrx_word' id='word_1_160' title='bbox 1109 2498 1199 2574; x_wconf 88' lang='lat' dir='ltr'><strong>paulo</strong></span> <span class='ocrx_word' id='word_1_161' title='bbox 1221 2497 1338 2574; x_wconf 78' lang='lat' dir='ltr'><strong>longius</strong></span> <span class='ocrx_word' id='word_1_162' title='bbox 1362 2497 1475 2556; x_wconf 88' lang='lat' dir='ltr'><strong>aberret</strong></span> <span class='ocrx_word' id='word_1_163' title='bbox 1480 2541 1490 2576; x_wconf 87' lang='lat'><strong>,</strong></span> <span class='ocrx_word' id='word_1_164' title='bbox 1513 2496 1701 2574; x_wconf 83' lang='lat' dir='ltr'><strong>exspectandi</strong></span> 
     </span>
     <span class='ocr_line' id='line_1_20' title="bbox 348 2581 1702 2661; baseline 0.003 -21"><span class='ocrx_word' id='word_1_165' title='bbox 348 2589 419 2640; x_wconf 90' lang='lat' dir='ltr'><strong>sunt</strong></span> <span class='ocrx_word' id='word_1_166' title='bbox 440 2581 493 2642; x_wconf 90' lang='lat' dir='ltr'><strong>alii</strong></span> <span class='ocrx_word' id='word_1_167' title='bbox 516 2584 579 2642; x_wconf 91' lang='grc'><strong>800</strong></span> <span class='ocrx_word' id='word_1_168' title='bbox 601 2585 679 2657; x_wconf 87' lang='lat' dir='ltr'><strong>suni,</strong></span> <span class='ocrx_word' id='word_1_169' title='bbox 702 2592 735 2646; x_wconf 87' lang='lat' dir='ltr'><strong>ut</strong></span> <span class='ocrx_word' id='word_1_170' title='bbox 756 2584 849 2649; x_wconf 86' lang='lat' dir='ltr'><strong>saltas</strong></span> <span class='ocrx_word' id='word_1_171' title='bbox 872 2585 923 2646; x_wconf 91' lang='lat' dir='ltr'><strong>illo</strong></span> <span class='ocrx_word' id='word_1_172' title='bbox 945 2585 1056 2646; x_wconf 90' lang='lat' dir='ltr'><strong>lelicior</strong></span> <span class='ocrx_word' id='word_1_173' title='bbox 1078 2602 1144 2645; x_wconf 92' lang='lat' dir='ltr'><strong>cum</strong></span> <span class='ocrx_word' id='word_1_174' title='bbox 1166 2586 1279 2661; x_wconf 60' lang='lat' dir='ltr'><strong>ratium</strong></span> <span class='ocrx_word' id='word_1_175' title='bbox 1302 2586 1403 2661; x_wconf 87' lang='lat' dir='ltr'><strong>quaeri</strong></span> <span class='ocrx_word' id='word_1_176' title='bbox 1418 2585 1521 2660; x_wconf 87' lang='lat' dir='ltr'><strong>possit,</strong></span> <span class='ocrx_word' id='word_1_177' title='bbox 1544 2583 1634 2661; x_wconf 88' lang='lat' dir='ltr'><strong>idque</strong></span> <span class='ocrx_word' id='word_1_178' title='bbox 1655 2593 1702 2644; x_wconf 89' lang='lat' dir='ltr'><strong>to·</strong></span> 
     </span>
     <span class='ocr_line' id='line_1_21' title="bbox 348 2669 1702 2748; baseline 0.002 -21"><span class='ocrx_word' id='word_1_179' title='bbox 348 2670 405 2728; x_wconf 89' lang='lat' dir='ltr'><strong>ties</strong></span> <span class='ocrx_word' id='word_1_180' title='bbox 428 2669 602 2746; x_wconf 90' lang='lat' dir='ltr'><strong>iterandum,</strong></span> <span class='ocrx_word' id='word_1_181' title='bbox 626 2674 741 2747; x_wconf 89' lang='lat' dir='ltr'><strong>quoties</strong></span> <span class='ocrx_word' id='word_1_182' title='bbox 765 2671 900 2732; x_wconf 88' lang='lat' dir='ltr'><strong>modulus</strong></span> <span class='ocrx_word' id='word_1_183' title='bbox 922 2674 1113 2737; x_wconf 78' lang='lat' dir='ltr'><strong>ebert-ationis</strong></span> <span class='ocrx_word' id='word_1_184' title='bbox 1138 2674 1167 2729; x_wconf 91' lang='lat' dir='ltr'><strong>in</strong></span> <span class='ocrx_word' id='word_1_185' title='bbox 1190 2674 1275 2730; x_wconf 90' lang='lat' dir='ltr'><strong>unius</strong></span> <span class='ocrx_word' id='word_1_186' title='bbox 1298 2671 1390 2729; x_wconf 91' lang='lat' dir='ltr'><strong>saltus</strong></span> <span class='ocrx_word' id='word_1_187' title='bbox 1414 2669 1557 2730; x_wconf 85' lang='lat' dir='ltr'><strong>dimidiati</strong></span> <span class='ocrx_word' id='word_1_188' title='bbox 1578 2671 1702 2748; x_wconf 83' lang='lat' dir='ltr'><strong>prolixi-</strong></span> 
     </span>
     <span class='ocr_line' id='line_1_22' title="bbox 348 2753 1699 2837; baseline 0.001 -21"><span class='ocrx_word' id='word_1_189' title='bbox 348 2764 410 2816; x_wconf 83' lang='lat' dir='ltr'><strong>tate</strong></span> <span class='ocrx_word' id='word_1_190' title='bbox 434 2758 607 2816; x_wconf 88' lang='lat' dir='ltr'><strong>continetur.</strong></span> <span class='ocrx_word' id='word_1_191' title='bbox 652 2756 741 2818; x_wconf 80' lang='lat' dir='ltr'><strong>&#39;l&#39;ales</strong></span> <span class='ocrx_word' id='word_1_192' title='bbox 764 2758 900 2837; x_wconf 85' lang='lat' dir='ltr'><strong>periodos</strong></span> <span class='ocrx_word' id='word_1_193' title='bbox 923 2759 1053 2822; x_wconf 83' lang='lat' dir='ltr'><strong>efficiunt</strong></span> <span class='ocrx_word' id='word_1_194' title='bbox 1075 2763 1164 2819; x_wconf 90' lang='lat' dir='ltr'><strong>etiam</strong></span> <span class='ocrx_word' id='word_1_195' title='bbox 1187 2767 1300 2819; x_wconf 85' lang='lat' dir='ltr'><strong>ceterae</strong></span> <span class='ocrx_word' id='word_1_196' title='bbox 1321 2758 1410 2833; x_wconf 88' lang='lat' dir='ltr'><strong>bigae</strong></span> <span class='ocrx_word' id='word_1_197' title='bbox 1431 2753 1580 2833; x_wconf 83' lang='lat' dir='ltr'><strong>singulae,</strong></span> <span class='ocrx_word' id='word_1_198' title='bbox 1604 2775 1699 2834; x_wconf 85' lang='lat' dir='ltr'><strong>quan-</strong></span> 
     </span>
     <span class='ocr_line' id='line_1_23' title="bbox 348 2843 1700 2924; baseline 0.002 -23"><span class='ocrx_word' id='word_1_199' title='bbox 348 2861 440 2919; x_wconf 85' lang='lat' dir='ltr'><strong>quam</strong></span> <span class='ocrx_word' id='word_1_200' title='bbox 462 2861 521 2902; x_wconf 90' lang='lat' dir='ltr'><strong>uon</strong></span> <span class='ocrx_word' id='word_1_201' title='bbox 544 2845 585 2904; x_wconf 87' lang='lat' dir='ltr'><strong>ita</strong></span> <span class='ocrx_word' id='word_1_202' title='bbox 599 2845 737 2922; x_wconf 79' lang='lat' dir='ltr'><strong>prolixae.</strong></span> <span class='ocrx_word' id='word_1_203' title='bbox 781 2846 901 2907; x_wconf 87' lang='lat' dir='ltr'><strong>Interim</strong></span> <span class='ocrx_word' id='word_1_204' title='bbox 916 2865 986 2907; x_wconf 86' lang='lat' dir='ltr'><strong>vero</strong></span> <span class='ocrx_word' id='word_1_205' title='bbox 997 2847 1170 2924; x_wconf 75' lang='lat' dir='ltr'><strong>confingunt</strong></span> <span class='ocrx_word' id='word_1_206' title='bbox 1191 2849 1279 2910; x_wconf 87' lang='lat' dir='ltr'><strong>etism</strong></span> <span class='ocrx_word' id='word_1_207' title='bbox 1294 2843 1370 2903; x_wconf 90' lang='lat' dir='ltr'><strong>aliae</strong></span> <span class='ocrx_word' id='word_1_208' title='bbox 1384 2843 1552 2904; x_wconf 85' lang='lat' dir='ltr'><strong>harmoniae</strong></span> <span class='ocrx_word' id='word_1_209' title='bbox 1566 2845 1700 2904; x_wconf 86' lang='lat' dir='ltr'><strong>binorum</strong></span> 
     </span>
     <span class='ocr_line' id='line_1_24' title="bbox 348 2929 1699 3010; baseline 0.001 -23"><span class='ocrx_word' id='word_1_210' title='bbox 348 2931 549 3009; x_wconf 82' lang='lat' dir='ltr'><strong>planetarum,</strong></span> <span class='ocrx_word' id='word_1_211' title='bbox 573 2935 649 2993; x_wconf 90' lang='lat' dir='ltr'><strong>iuter</strong></span> <span class='ocrx_word' id='word_1_212' title='bbox 669 2941 767 2993; x_wconf 90' lang='lat' dir='ltr'><strong>motus</strong></span> <span class='ocrx_word' id='word_1_213' title='bbox 789 2951 846 2994; x_wconf 91' lang='lat' dir='ltr'><strong>non</strong></span> <span class='ocrx_word' id='word_1_214' title='bbox 870 2943 1016 2995; x_wconf 78' lang='lat' dir='ltr'><strong>armemus</strong></span> <span class='ocrx_word' id='word_1_215' title='bbox 1036 2941 1192 3010; x_wconf 77' lang='lat' dir='ltr'><strong>amesque,</strong></span> <span class='ocrx_word' id='word_1_216' title='bbox 1216 2932 1268 2993; x_wconf 90' lang='lat' dir='ltr'><strong>sed</strong></span> <span class='ocrx_word' id='word_1_217' title='bbox 1291 2929 1506 3001; x_wconf 80' lang='lat' dir='ltr'><strong>intermedium,</strong></span> <span class='ocrx_word' id='word_1_218' title='bbox 1539 2931 1585 2990; x_wconf 84' lang='lat' dir='ltr'><strong>vel</strong></span> <span class='ocrx_word' id='word_1_219' title='bbox 1609 2946 1699 2989; x_wconf 88' lang='lat' dir='ltr'><strong>unum</strong></span> 
     </span>
     <span class='ocr_line' id='line_1_25' title="bbox 296 3016 1698 3096; baseline 0.003 -22"><span class='ocrx_word' id='word_1_220' title='bbox 296 3086 299 3093; x_wconf 29' lang='grc'>1</span> <span class='ocrx_word' id='word_1_221' title='bbox 349 3019 397 3078; x_wconf 84' lang='lat' dir='ltr'><strong>vel</strong></span> <span class='ocrx_word' id='word_1_222' title='bbox 420 3027 593 3096; x_wconf 90' lang='lat' dir='ltr'><strong>utrumque,</strong></span> <span class='ocrx_word' id='word_1_223' title='bbox 618 3038 729 3096; x_wconf 87' lang='lat' dir='ltr'><strong>eaeque</strong></span> <span class='ocrx_word' id='word_1_224' title='bbox 751 3023 780 3078; x_wconf 90' lang='lat' dir='ltr'><strong>in</strong></span> <span class='ocrx_word' id='word_1_225' title='bbox 804 3021 930 3082; x_wconf 86' lang='lat' dir='ltr'><strong>dirersis</strong></span> <span class='ocrx_word' id='word_1_226' title='bbox 952 3023 1043 3082; x_wconf 87' lang='lat' dir='ltr'><strong>veluti</strong></span> <span class='ocrx_word' id='word_1_227' title='bbox 1066 3019 1257 3080; x_wconf 85' lang='lat' dir='ltr'><strong>tensionibus.</strong></span> <span class='ocrx_word' id='word_1_228' title='bbox 1302 3018 1377 3077; x_wconf 88' lang='lat' dir='ltr'><strong>Nam</strong></span> <span class='ocrx_word' id='word_1_229' title='bbox 1406 3019 1476 3094; x_wconf 89' lang='lat' dir='ltr'><strong>quia</strong></span> <span class='ocrx_word' id='word_1_230' title='bbox 1497 3016 1638 3076; x_wconf 80' lang='lat' dir='ltr'><strong>Saturnus</strong></span> <span class='ocrx_word' id='word_1_231' title='bbox 1662 3035 1698 3078; x_wconf 80' lang='lat' dir='ltr'><strong>ex</strong></span> 
     </span>
     <span class='ocr_line' id='line_1_26' title="bbox 351 3103 1698 3186; baseline -0.004 -22"><span class='ocrx_word' id='word_1_232' title='bbox 351 3103 380 3164; x_wconf 82' lang='lat' dir='ltr'><em>G</em></span> <span class='ocrx_word' id='word_1_233' title='bbox 401 3108 432 3164; x_wconf 88' lang='lat' dir='ltr'><strong>in</strong></span> <span class='ocrx_word' id='word_1_234' title='bbox 454 3106 475 3164; x_wconf 83' lang='lat' dir='ltr'><strong>ir</strong></span> <span class='ocrx_word' id='word_1_235' title='bbox 498 3114 527 3166; x_wconf 89' lang='lat' dir='ltr'><strong>et</strong></span> <span class='ocrx_word' id='word_1_236' title='bbox 548 3105 638 3185; x_wconf 78' lang='lat' dir='ltr'><strong>paulo</strong></span> <span class='ocrx_word' id='word_1_237' title='bbox 660 3107 782 3168; x_wconf 89' lang='lat' dir='ltr'><strong>ulterius</strong></span> <span class='ocrx_word' id='word_1_238' title='bbox 803 3109 940 3182; x_wconf 90' lang='lat' dir='ltr'><strong>tenditur,</strong></span> <span class='ocrx_word' id='word_1_239' title='bbox 964 3107 1082 3186; x_wconf 86' lang='lat' dir='ltr'><strong>Jupiter</strong></span> <span class='ocrx_word' id='word_1_240' title='bbox 1097 3126 1133 3168; x_wconf 86' lang='lat' dir='ltr'><strong>ex</strong></span> <span class='ocrx_word' id='word_1_241' title='bbox 1155 3109 1174 3166; x_wconf 78' lang='lat' dir='ltr'><strong>i</strong></span> <span class='ocrx_word' id='word_1_242' title='bbox 1196 3109 1226 3164; x_wconf 92' lang='lat' dir='ltr'><strong>in</strong></span> <span class='ocrx_word' id='word_1_243' title='bbox 1245 3107 1267 3164; x_wconf 83' lang='lat' dir='ltr'><strong>cl</strong></span> <span class='ocrx_word' id='word_1_244' title='bbox 1288 3113 1317 3166; x_wconf 95' lang='lat' dir='ltr'><strong>et</strong></span> <span class='ocrx_word' id='word_1_245' title='bbox 1339 3105 1474 3180; x_wconf 88' lang='lat' dir='ltr'><strong>amplius,</strong></span> <span class='ocrx_word' id='word_1_246' title='bbox 1494 3111 1617 3178; x_wconf 88' lang='lat' dir='ltr'><strong>pessunt</strong></span> <span class='ocrx_word' id='word_1_247' title='bbox 1639 3105 1698 3180; x_wconf 79' lang='lat' dir='ltr'><strong>igi-</strong></span> 
     </span>
     <span class='ocr_line' id='line_1_27' title="bbox 348 3188 1697 3274; baseline -0.001 -23"><span class='ocrx_word' id='word_1_248' title='bbox 348 3200 397 3251; x_wconf 92' lang='lat' dir='ltr'><strong>tur</strong></span> <span class='ocrx_word' id='word_1_249' title='bbox 418 3196 588 3272; x_wconf 81' lang='lat' dir='ltr'><strong>contingere</strong></span> <span class='ocrx_word' id='word_1_250' title='bbox 610 3195 685 3254; x_wconf 87' lang='lat' dir='ltr'><strong>iuter</strong></span> <span class='ocrx_word' id='word_1_251' title='bbox 705 3195 815 3254; x_wconf 79' lang='lat' dir='ltr'><strong>lovem</strong></span> <span class='ocrx_word' id='word_1_252' title='bbox 837 3203 867 3256; x_wconf 89' lang='lat' dir='ltr'><strong>et</strong></span> <span class='ocrx_word' id='word_1_253' title='bbox 888 3195 1046 3258; x_wconf 81' lang='lat' dir='ltr'><strong>Saturnum</strong></span> <span class='ocrx_word' id='word_1_254' title='bbox 1074 3194 1248 3260; x_wconf 69' lang='lat' dir='ltr'><strong>harmoniae¹</strong></span> <span class='ocrx_word' id='word_1_255' title='bbox 1270 3196 1358 3252; x_wconf 88' lang='lat' dir='ltr'><strong>etism</strong></span> <span class='ocrx_word' id='word_1_256' title='bbox 1381 3194 1454 3274; x_wconf 86' lang='lat' dir='ltr'><strong>istae</strong></span> <span class='ocrx_word' id='word_1_257' title='bbox 1483 3203 1571 3264; x_wconf 89' lang='lat' dir='ltr'><strong>supra</strong></span> <span class='ocrx_word' id='word_1_258' title='bbox 1592 3188 1697 3269; x_wconf 84' lang='lat' dir='ltr'><strong>dispa-</strong></span> 
     </span>
     <span class='ocr_line' id='line_1_28' title="bbox 348 3277 1696 3360; baseline -0.001 -21"><span class='ocrx_word' id='word_1_259' title='bbox 348 3298 415 3354; x_wconf 90' lang='lat' dir='ltr'><strong>son,</strong></span> <span class='ocrx_word' id='word_1_260' title='bbox 441 3284 529 3341; x_wconf 88' lang='lat' dir='ltr'><strong>tertia</strong></span> <span class='ocrx_word' id='word_1_261' title='bbox 550 3289 673 3360; x_wconf 90' lang='lat' dir='ltr'><strong>utraque</strong></span> <span class='ocrx_word' id='word_1_262' title='bbox 703 3290 733 3341; x_wconf 91' lang='lat' dir='ltr'><strong>et</strong></span> <span class='ocrx_word' id='word_1_263' title='bbox 755 3282 952 3359; x_wconf 67' lang='lat' dir='ltr'><strong>diatessarum</strong></span> <span class='ocrx_word' id='word_1_264' title='bbox 984 3283 1099 3346; x_wconf 84' lang='lat' dir='ltr'><strong>illarum</strong></span> <span class='ocrx_word' id='word_1_265' title='bbox 1128 3281 1246 3358; x_wconf 89' lang='lat' dir='ltr'><strong>quidem</strong></span> <span class='ocrx_word' id='word_1_266' title='bbox 1277 3277 1414 3339; x_wconf 86' lang='lat' dir='ltr'><strong>alterutra</strong></span> <span class='ocrx_word' id='word_1_267' title='bbox 1446 3291 1498 3352; x_wconf 87' lang='lat' dir='ltr'><strong>per</strong></span> <span class='ocrx_word' id='word_1_268' title='bbox 1525 3278 1696 3352; x_wconf 86' lang='lat' dir='ltr'><strong>tensionem,</strong></span> 
     </span>
     <span class='ocr_line' id='line_1_29' title="bbox 349 3363 1695 3449; baseline 0 -23"><span class='ocrx_word' id='word_1_269' title='bbox 349 3385 428 3444; x_wconf 88' lang='lat' dir='ltr'><strong>qnae</strong></span> <span class='ocrx_word' id='word_1_270' title='bbox 451 3367 544 3428; x_wconf 80' lang='lat' dir='ltr'><strong>habet</strong></span> <span class='ocrx_word' id='word_1_271' title='bbox 566 3369 794 3444; x_wconf 87' lang='lat' dir='ltr'><strong>amplitudinem</strong></span> <span class='ocrx_word' id='word_1_272' title='bbox 809 3370 957 3449; x_wconf 88' lang='lat' dir='ltr'><strong>reliquae,</strong></span> <span class='ocrx_word' id='word_1_273' title='bbox 979 3371 1052 3431; x_wconf 85' lang='lat' dir='ltr'><strong>hacc</strong></span> <span class='ocrx_word' id='word_1_274' title='bbox 1070 3366 1144 3428; x_wconf 86' lang='lat' dir='ltr'><strong>&#39;vero</strong></span> <span class='ocrx_word' id='word_1_275' title='bbox 1167 3387 1220 3446; x_wconf 89' lang='lat' dir='ltr'><strong>per</strong></span> <span class='ocrx_word' id='word_1_276' title='bbox 1242 3365 1460 3444; x_wconf 87' lang='lat' dir='ltr'><strong>amplitudinem</strong></span> <span class='ocrx_word' id='word_1_277' title='bbox 1483 3364 1543 3421; x_wconf 89' lang='lat' dir='ltr'><strong>toni</strong></span> <span class='ocrx_word' id='word_1_278' title='bbox 1565 3363 1695 3440; x_wconf 90' lang='lat' dir='ltr'><strong>majoris.</strong></span> 
     </span>
     <span class='ocr_line' id='line_1_30' title="bbox 349 3447 1695 3523; baseline 0.001 -11"><span class='ocrx_word' id='word_1_279' title='bbox 349 3455 542 3516; x_wconf 69' lang='lat' dir='ltr'><strong>Distenaron</strong></span> <span class='ocrx_word' id='word_1_280' title='bbox 565 3459 642 3516; x_wconf 91' lang='lat' dir='ltr'><strong>euim</strong></span> <span class='ocrx_word' id='word_1_281' title='bbox 665 3460 719 3517; x_wconf 86' lang='lat' dir='ltr'><strong>erit</strong></span> <span class='ocrx_word' id='word_1_282' title='bbox 742 3473 799 3520; x_wconf 91' lang='lat' dir='ltr'><strong>nou</strong></span> <span class='ocrx_word' id='word_1_283' title='bbox 822 3465 934 3520; x_wconf 75' lang='lat' dir='ltr'><strong>motam</strong></span> <span class='ocrx_word' id='word_1_284' title='bbox 956 3475 976 3517; x_wconf 90' lang='lat' dir='ltr'><strong>a</strong></span> <span class='ocrx_word' id='word_1_285' title='bbox 1000 3455 1026 3517; x_wconf 80' lang='lat' dir='ltr'><strong>a</strong></span> <span class='ocrx_word' id='word_1_286' title='bbox 1048 3457 1166 3516; x_wconf 82' lang='lat' dir='ltr'><strong>Saturni</strong></span> <span class='ocrx_word' id='word_1_287' title='bbox 1189 3459 1218 3513; x_wconf 92' lang='lat' dir='ltr'><strong>iu</strong></span> <span class='ocrx_word' id='word_1_288' title='bbox 1242 3473 1273 3514; x_wconf 89' lang='lat' dir='ltr'><strong>ce</strong></span> <span class='ocrx_word' id='word_1_289' title='bbox 1294 3453 1393 3523; x_wconf 86' lang='lat' dir='ltr'><strong>Jovis,</strong></span> <span class='ocrx_word' id='word_1_290' title='bbox 1421 3447 1472 3508; x_wconf 90' lang='lat' dir='ltr'><strong>sed</strong></span> <span class='ocrx_word' id='word_1_291' title='bbox 1495 3451 1584 3510; x_wconf 87' lang='lat' dir='ltr'><strong>etiam</strong></span> <span class='ocrx_word' id='word_1_292' title='bbox 1605 3453 1644 3513; x_wconf 86' lang='lat' dir='ltr'><strong>ab</strong></span> <span class='ocrx_word' id='word_1_293' title='bbox 1667 3455 1695 3512; x_wconf 80' lang='lat' dir='ltr'><strong><em>A</em></strong></span> 
     </span>
     <span class='ocr_line' id='line_1_31' title="bbox 347 3537 1695 3622; baseline 0.001 -21"><span class='ocrx_word' id='word_1_294' title='bbox 347 3542 470 3602; x_wconf 80' lang='lat' dir='ltr'><strong>Saturni</strong></span> <span class='ocrx_word' id='word_1_295' title='bbox 493 3545 522 3602; x_wconf 90' lang='lat' dir='ltr'><strong>in</strong></span> <span class='ocrx_word' id='word_1_296' title='bbox 545 3543 686 3603; x_wconf 80' lang='lat' dir='ltr'><strong>deovis</strong></span> <span class='ocrx_word' id='word_1_297' title='bbox 708 3554 738 3603; x_wconf 91' lang='lat' dir='ltr'><strong>et</strong></span> <span class='ocrx_word' id='word_1_298' title='bbox 759 3562 811 3622; x_wconf 90' lang='lat' dir='ltr'><strong>per</strong></span> <span class='ocrx_word' id='word_1_299' title='bbox 832 3543 1002 3605; x_wconf 87' lang='lat' dir='ltr'><strong>intermedia</strong></span> <span class='ocrx_word' id='word_1_300' title='bbox 1023 3546 1123 3603; x_wconf 87' lang='lat' dir='ltr'><strong>omnis</strong></span> <span class='ocrx_word' id='word_1_301' title='bbox 1144 3546 1218 3602; x_wconf 88' lang='lat' dir='ltr'><strong>iuter</strong></span> <span class='ocrx_word' id='word_1_302' title='bbox 1231 3541 1266 3616; x_wconf 81' lang='lat' dir='ltr'><strong>G,</strong></span> <span class='ocrx_word' id='word_1_303' title='bbox 1289 3543 1315 3599; x_wconf 81' lang='lat' dir='ltr'><em>A</em></span> <span class='ocrx_word' id='word_1_304' title='bbox 1338 3537 1415 3596; x_wconf 90' lang='lat' dir='ltr'><strong>illius</strong></span> <span class='ocrx_word' id='word_1_305' title='bbox 1431 3543 1460 3596; x_wconf 86' lang='lat' dir='ltr'><strong>et</strong></span> <span class='ocrx_word' id='word_1_306' title='bbox 1474 3553 1514 3610; x_wconf 88' lang='lat' dir='ltr'><strong>cc,</strong></span> <span class='ocrx_word' id='word_1_307' title='bbox 1537 3537 1578 3596; x_wconf 82' lang='lat' dir='ltr'><strong>dd</strong></span> <span class='ocrx_word' id='word_1_308' title='bbox 1596 3538 1695 3618; x_wconf 84' lang='lat' dir='ltr'><strong>hujus.</strong></span> 
     </span>
     <span class='ocr_line' id='line_1_32' title="bbox 348 3623 1694 3709; baseline 0 -21"><span class='ocrx_word' id='word_1_309' title='bbox 348 3629 506 3706; x_wconf 84' lang='lat' dir='ltr'><strong>Diapsson</strong></span> <span class='ocrx_word' id='word_1_310' title='bbox 539 3647 609 3688; x_wconf 84' lang='lat' dir='ltr'><strong>vero</strong></span> <span class='ocrx_word' id='word_1_311' title='bbox 639 3640 670 3689; x_wconf 86' lang='lat' dir='ltr'><strong>et</strong></span> <span class='ocrx_word' id='word_1_312' title='bbox 699 3631 837 3709; x_wconf 88' lang='lat' dir='ltr'><strong>diapente</strong></span> <span class='ocrx_word' id='word_1_313' title='bbox 866 3634 895 3690; x_wconf 92' lang='lat' dir='ltr'><strong>iu</strong></span> <span class='ocrx_word' id='word_1_314' title='bbox 922 3632 993 3692; x_wconf 90' lang='lat' dir='ltr'><strong>solis</strong></span> <span class='ocrx_word' id='word_1_315' title='bbox 1016 3623 1152 3707; x_wconf 72' lang='lat' dir='ltr'><strong>apsidum</strong></span> <span class='ocrx_word' id='word_1_316' title='bbox 1173 3630 1287 3707; x_wconf 86' lang='lat' dir='ltr'><strong>punctis</strong></span> <span class='ocrx_word' id='word_1_317' title='bbox 1314 3625 1462 3699; x_wconf 77' lang='lat' dir='ltr'><strong>sortilegii.</strong></span> <span class='ocrx_word' id='word_1_318' title='bbox 1505 3623 1586 3684; x_wconf 85' lang='lat' dir='ltr'><strong>Mars</strong></span> <span class='ocrx_word' id='word_1_319' title='bbox 1614 3644 1694 3704; x_wconf 84' lang='lat' dir='ltr'><strong>vero,</strong></span> 
     </span>
     <span class='ocr_line' id='line_1_33' title="bbox 346 3710 1693 3796; baseline -0.001 -20"><span class='ocrx_word' id='word_1_320' title='bbox 346 3717 448 3793; x_wconf 81' lang='lat' dir='ltr'><strong>majus</strong></span> <span class='ocrx_word' id='word_1_321' title='bbox 466 3725 572 3778; x_wconf 88' lang='lat' dir='ltr'><strong>nactos</strong></span> <span class='ocrx_word' id='word_1_322' title='bbox 594 3717 779 3777; x_wconf 82' lang='lat' dir='ltr'><strong>intervallum</strong></span> <span class='ocrx_word' id='word_1_323' title='bbox 800 3720 958 3796; x_wconf 86' lang='lat' dir='ltr'><strong>proprium,</strong></span> <span class='ocrx_word' id='word_1_324' title='bbox 983 3718 1039 3794; x_wconf 83' lang='lat' dir='ltr'><strong>hqc</strong></span> <span class='ocrx_word' id='word_1_325' title='bbox 1060 3718 1201 3790; x_wconf 82' lang='lat' dir='ltr'><strong>obtinuit,</strong></span> <span class='ocrx_word' id='word_1_326' title='bbox 1225 3724 1257 3776; x_wconf 88' lang='lat' dir='ltr'><strong>ut</strong></span> <span class='ocrx_word' id='word_1_327' title='bbox 1278 3715 1363 3773; x_wconf 85' lang='lat' dir='ltr'><strong>etiam</strong></span> <span class='ocrx_word' id='word_1_328' title='bbox 1387 3710 1529 3787; x_wconf 81' lang='lat' dir='ltr'><strong>diapason</strong></span> <span class='ocrx_word' id='word_1_329' title='bbox 1550 3729 1618 3772; x_wconf 86' lang='lat' dir='ltr'><strong>cum</strong></span> <span class='ocrx_word' id='word_1_330' title='bbox 1639 3733 1693 3774; x_wconf 89' lang='lat' dir='ltr'><strong>su·</strong></span> 
     </span>
     <span class='ocr_line' id='line_1_34' title="bbox 346 3797 1693 3882; baseline -0.002 -18"><span class='ocrx_word' id='word_1_331' title='bbox 346 3804 513 3882; x_wconf 82' lang='lat' dir='ltr'><strong>periorilrus</strong></span> <span class='ocrx_word' id='word_1_332' title='bbox 540 3821 593 3881; x_wconf 91' lang='lat' dir='ltr'><strong>per</strong></span> <span class='ocrx_word' id='word_1_333' title='bbox 613 3805 741 3881; x_wconf 81' lang='lat' dir='ltr'><strong>aliquam</strong></span> <span class='ocrx_word' id='word_1_334' title='bbox 764 3808 905 3865; x_wconf 90' lang='lat' dir='ltr'><strong>tensionis</strong></span> <span class='ocrx_word' id='word_1_335' title='bbox 926 3805 1148 3881; x_wconf 84' lang='lat' dir='ltr'><strong>amplitudinem</strong></span> <span class='ocrx_word' id='word_1_336' title='bbox 1170 3805 1266 3865; x_wconf 88' lang='lat' dir='ltr'><strong>iaciat.</strong></span> <span class='ocrx_word' id='word_1_337' title='bbox 1309 3797 1469 3858; x_wconf 84' lang='lat' dir='ltr'><strong>Mercurius</strong></span> <span class='ocrx_word' id='word_1_338' title='bbox 1500 3806 1613 3860; x_wconf 87' lang='lat' dir='ltr'><strong>tautum</strong></span> <span class='ocrx_word' id='word_1_339' title='bbox 1637 3803 1693 3861; x_wconf 92' lang='lat' dir='ltr'><strong>ob-</strong></span> 
     </span>
     <span class='ocr_line' id='line_1_35' title="bbox 346 3886 1693 3969; baseline 0 -19"><span class='ocrx_word' id='word_1_340' title='bbox 346 3895 440 3957; x_wconf 84' lang='lat' dir='ltr'><strong>tinuit</strong></span> <span class='ocrx_word' id='word_1_341' title='bbox 459 3891 662 3966; x_wconf 84' lang='lat' dir='ltr'><strong>intervullum,</strong></span> <span class='ocrx_word' id='word_1_342' title='bbox 694 3901 726 3952; x_wconf 89' lang='lat' dir='ltr'><strong>ut</strong></span> <span class='ocrx_word' id='word_1_343' title='bbox 752 3891 922 3969; x_wconf 88' lang='lat' dir='ltr'><strong>plerumque</strong></span> <span class='ocrx_word' id='word_1_344' title='bbox 954 3910 1053 3964; x_wconf 81' lang='lat' dir='ltr'><strong>omrres</strong></span> <span class='ocrx_word' id='word_1_345' title='bbox 1087 3892 1349 3951; x_wconf 76' lang='lat' dir='ltr'><strong>harmonicorum</strong></span> <span class='ocrx_word' id='word_1_346' title='bbox 1378 3886 1512 3960; x_wconf 80' lang='lat' dir='ltr'><strong>omuibus</strong></span> <span class='ocrx_word' id='word_1_347' title='bbox 1535 3889 1693 3950; x_wconf 88' lang='lat' dir='ltr'><strong>constituat</strong></span> 
     </span>
     <span class='ocr_line' id='line_1_36' title="bbox 347 3974 1689 4056; baseline 0.001 -20"><span class='ocrx_word' id='word_1_348' title='bbox 347 3981 428 4038; x_wconf 84' lang='lat' dir='ltr'><strong>iutra</strong></span> <span class='ocrx_word' id='word_1_349' title='bbox 455 3995 544 4039; x_wconf 89' lang='lat' dir='ltr'><strong>unam</strong></span> <span class='ocrx_word' id='word_1_350' title='bbox 574 3979 726 4056; x_wconf 89' lang='lat' dir='ltr'><strong>periodum</strong></span> <span class='ocrx_word' id='word_1_351' title='bbox 753 3997 851 4052; x_wconf 87' lang='lat' dir='ltr'><strong>susm,</strong></span> <span class='ocrx_word' id='word_1_352' title='bbox 883 3997 959 4056; x_wconf 86' lang='lat' dir='ltr'><strong>quae</strong></span> <span class='ocrx_word' id='word_1_353' title='bbox 988 3996 1046 4040; x_wconf 91' lang='lat' dir='ltr'><strong>non</strong></span> <span class='ocrx_word' id='word_1_354' title='bbox 1075 3974 1214 4056; x_wconf 84' lang='lat' dir='ltr'><strong>prolixior</strong></span> <span class='ocrx_word' id='word_1_355' title='bbox 1239 3980 1282 4034; x_wconf 89' lang='lat' dir='ltr'><strong>est</strong></span> <span class='ocrx_word' id='word_1_356' title='bbox 1312 3975 1397 4031; x_wconf 90' lang='lat' dir='ltr'><strong>trium</strong></span> <span class='ocrx_word' id='word_1_357' title='bbox 1419 3974 1562 4032; x_wconf 89' lang='lat' dir='ltr'><strong>meusium</strong></span> <span class='ocrx_word' id='word_1_358' title='bbox 1584 3979 1689 4052; x_wconf 81' lang='lat' dir='ltr'><strong>spatio.</strong></span> 
     </span>
     <span class='ocr_line' id='line_1_37' title="bbox 347 4060 1692 4144; baseline -0.002 -19"><span class='ocrx_word' id='word_1_359' title='bbox 347 4064 453 4125; x_wconf 82' lang='lat' dir='ltr'><strong>Tellus</strong></span> <span class='ocrx_word' id='word_1_360' title='bbox 474 4084 491 4127; x_wconf 93' lang='lat' dir='ltr'><strong>e</strong></span> <span class='ocrx_word' id='word_1_361' title='bbox 514 4075 616 4127; x_wconf 87' lang='lat' dir='ltr'><strong>contra</strong></span> <span class='ocrx_word' id='word_1_362' title='bbox 636 4067 796 4142; x_wconf 81' lang='lat' dir='ltr'><strong>Venusque</strong></span> <span class='ocrx_word' id='word_1_363' title='bbox 817 4068 910 4126; x_wconf 90' lang='lat' dir='ltr'><strong>multo</strong></span> <span class='ocrx_word' id='word_1_364' title='bbox 932 4069 1026 4144; x_wconf 86' lang='lat' dir='ltr'><strong>magis</strong></span> <span class='ocrx_word' id='word_1_365' title='bbox 1048 4066 1182 4144; x_wconf 82' lang='lat' dir='ltr'><strong>augustis</strong></span> <span class='ocrx_word' id='word_1_366' title='bbox 1201 4062 1382 4138; x_wconf 87' lang='lat' dir='ltr'><strong>propriorum</strong></span> <span class='ocrx_word' id='word_1_367' title='bbox 1404 4060 1622 4120; x_wconf 86' lang='lat' dir='ltr'><strong>intervallorum</strong></span> <span class='ocrx_word' id='word_1_368' title='bbox 1643 4082 1692 4136; x_wconf 86' lang='lat' dir='ltr'><strong>re·</strong></span> 
     </span>
     <span class='ocr_line' id='line_1_38' title="bbox 346 4147 1690 4229; baseline -0.001 -16"><span class='ocrx_word' id='word_1_369' title='bbox 346 4155 497 4229; x_wconf 76' lang='lat' dir='ltr'><strong>stringunt</strong></span> <span class='ocrx_word' id='word_1_370' title='bbox 518 4154 685 4214; x_wconf 85' lang='lat' dir='ltr'><strong>harmonias</strong></span> <span class='ocrx_word' id='word_1_371' title='bbox 707 4169 776 4212; x_wconf 89' lang='lat' dir='ltr'><strong>eoas</strong></span> <span class='ocrx_word' id='word_1_372' title='bbox 798 4169 856 4212; x_wconf 91' lang='lat' dir='ltr'><strong>non</strong></span> <span class='ocrx_word' id='word_1_373' title='bbox 879 4162 992 4216; x_wconf 85' lang='lat' dir='ltr'><strong>tantum</strong></span> <span class='ocrx_word' id='word_1_374' title='bbox 1015 4171 1080 4214; x_wconf 90' lang='lat' dir='ltr'><strong>cum</strong></span> <span class='ocrx_word' id='word_1_375' title='bbox 1102 4152 1218 4224; x_wconf 86' lang='lat' dir='ltr'><strong>ceteris,</strong></span> <span class='ocrx_word' id='word_1_376' title='bbox 1249 4147 1301 4206; x_wconf 90' lang='lat' dir='ltr'><strong>sed</strong></span> <span class='ocrx_word' id='word_1_377' title='bbox 1324 4149 1449 4208; x_wconf 86' lang='lat' dir='ltr'><strong>maxime</strong></span> <span class='ocrx_word' id='word_1_378' title='bbox 1471 4149 1546 4207; x_wconf 88' lang='lat' dir='ltr'><strong>inter</strong></span> <span class='ocrx_word' id='word_1_379' title='bbox 1566 4167 1598 4208; x_wconf 89' lang='lat' dir='ltr'><strong>se</strong></span> <span class='ocrx_word' id='word_1_380' title='bbox 1620 4169 1690 4212; x_wconf 88' lang='lat' dir='ltr'><strong>mu·</strong></span> 
     </span>
     <span class='ocr_line' id='line_1_39' title="bbox 347 4233 1691 4318; baseline 0 -19"><span class='ocrx_word' id='word_1_381' title='bbox 347 4247 427 4314; x_wconf 78' lang='lat' dir='ltr'><strong>tuas,</strong></span> <span class='ocrx_word' id='word_1_382' title='bbox 448 4240 488 4300; x_wconf 83' lang='lat' dir='ltr'><strong>ad</strong></span> <span class='ocrx_word' id='word_1_383' title='bbox 510 4243 688 4318; x_wconf 82' lang='lat' dir='ltr'><strong>paucitatem</strong></span> <span class='ocrx_word' id='word_1_384' title='bbox 710 4239 908 4316; x_wconf 88' lang='lat' dir='ltr'><strong>spectabilem.</strong></span> <span class='ocrx_word' id='word_1_385' title='bbox 956 4239 1067 4317; x_wconf 86' lang='lat' dir='ltr'><strong>Quodsi</strong></span> <span class='ocrx_word' id='word_1_386' title='bbox 1090 4247 1147 4296; x_wconf 85' lang='lat' dir='ltr'><strong>tres</strong></span> <span class='ocrx_word' id='word_1_387' title='bbox 1170 4239 1199 4298; x_wconf 85' lang='lat' dir='ltr'><strong>in</strong></span> <span class='ocrx_word' id='word_1_388' title='bbox 1221 4253 1308 4299; x_wconf 88' lang='lat' dir='ltr'><strong>unam</strong></span> <span class='ocrx_word' id='word_1_389' title='bbox 1323 4233 1503 4294; x_wconf 80' lang='lat' dir='ltr'><strong>harmoniam</strong></span> <span class='ocrx_word' id='word_1_390' title='bbox 1527 4240 1691 4313; x_wconf 86' lang='lat' dir='ltr'><strong>conspirare</strong></span> 
     </span>
     <span class='ocr_line' id='line_1_40' title="bbox 349 4321 1691 4404; baseline 0 -18"><span class='ocrx_word' id='word_1_391' title='bbox 349 4328 496 4396; x_wconf 83' lang='lat' dir='ltr'><strong>debeant,</strong></span> <span class='ocrx_word' id='word_1_392' title='bbox 526 4327 634 4387; x_wconf 86' lang='lat' dir='ltr'><strong>multae</strong></span> <span class='ocrx_word' id='word_1_393' title='bbox 665 4327 783 4404; x_wconf 90' lang='lat' dir='ltr'><strong>quidem</strong></span> <span class='ocrx_word' id='word_1_394' title='bbox 803 4330 884 4390; x_wconf 74' lang='lat' dir='ltr'><strong>sices</strong></span> <span class='ocrx_word' id='word_1_395' title='bbox 914 4336 982 4387; x_wconf 87' lang='lat' dir='ltr'><strong>sunt</strong></span> <span class='ocrx_word' id='word_1_396' title='bbox 1008 4323 1230 4402; x_wconf 78' lang='lat' dir='ltr'><strong>exspectandae,</strong></span> <span class='ocrx_word' id='word_1_397' title='bbox 1260 4321 1369 4382; x_wconf 90' lang='lat' dir='ltr'><strong>multae</strong></span> <span class='ocrx_word' id='word_1_398' title='bbox 1399 4331 1496 4382; x_wconf 89' lang='lat' dir='ltr'><strong>tamen</strong></span> <span class='ocrx_word' id='word_1_399' title='bbox 1522 4322 1691 4386; x_wconf 88' lang='lat' dir='ltr'><strong>harmoniae</strong></span> 
     </span>
     <span class='ocr_line' id='line_1_41' title="bbox 264 4411 1690 4492; baseline 0 -18"><span class='ocrx_word' id='word_1_400' title='bbox 264 4447 271 4462; x_wconf 94' lang='lat'><strong>·</strong></span> <span class='ocrx_word' id='word_1_401' title='bbox 346 4423 433 4487; x_wconf 90' lang='lat' dir='ltr'><strong>sont,</strong></span> <span class='ocrx_word' id='word_1_402' title='bbox 464 4422 499 4474; x_wconf 90' lang='lat' dir='ltr'><strong>ut</strong></span> <span class='ocrx_word' id='word_1_403' title='bbox 527 4417 568 4474; x_wconf 91' lang='lat' dir='ltr'><strong>ita</strong></span> <span class='ocrx_word' id='word_1_404' title='bbox 588 4422 669 4474; x_wconf 88' lang='lat' dir='ltr'><strong>tanto</strong></span> <span class='ocrx_word' id='word_1_405' title='bbox 696 4415 810 4474; x_wconf 84' lang='lat' dir='ltr'><strong>lucilius</strong></span> <span class='ocrx_word' id='word_1_406' title='bbox 838 4417 1020 4492; x_wconf 78' lang='lat' dir='ltr'><strong>contingant,</strong></span> <span class='ocrx_word' id='word_1_407' title='bbox 1052 4414 1119 4472; x_wconf 90' lang='lat' dir='ltr'><strong>dum</strong></span> <span class='ocrx_word' id='word_1_408' title='bbox 1142 4413 1266 4470; x_wconf 77' lang='lat' dir='ltr'><strong>ricinum</strong></span> <span class='ocrx_word' id='word_1_409' title='bbox 1289 4427 1372 4469; x_wconf 89' lang='lat' dir='ltr'><strong>susm</strong></span> <span class='ocrx_word' id='word_1_410' title='bbox 1401 4411 1534 4486; x_wconf 82' lang='lat' dir='ltr'><strong>proxima</strong></span> <span class='ocrx_word' id='word_1_411' title='bbox 1556 4427 1690 4487; x_wconf 85' lang='lat' dir='ltr'><strong>quaeque</strong></span> 
     </span>
     <span class='ocr_line' id='line_1_42' title="bbox 346 4495 1689 4577; baseline -0.003 -16"><span class='ocrx_word' id='word_1_412' title='bbox 346 4503 467 4576; x_wconf 78' lang='lat' dir='ltr'><strong>exeipit,</strong></span> <span class='ocrx_word' id='word_1_413' title='bbox 491 4501 685 4577; x_wconf 83' lang='lat' dir='ltr'><strong>videnturque</strong></span> <span class='ocrx_word' id='word_1_414' title='bbox 706 4501 780 4561; x_wconf 91' lang='lat' dir='ltr'><strong>iuter</strong></span> <span class='ocrx_word' id='word_1_415' title='bbox 802 4501 935 4575; x_wconf 81' lang='lat' dir='ltr'><strong>Martem,</strong></span> <span class='ocrx_word' id='word_1_416' title='bbox 958 4496 1103 4562; x_wconf 82' lang='lat' dir='ltr'><strong>Tellurem</strong></span> <span class='ocrx_word' id='word_1_417' title='bbox 1124 4505 1153 4558; x_wconf 86' lang='lat' dir='ltr'><strong>et</strong></span> <span class='ocrx_word' id='word_1_418' title='bbox 1175 4498 1349 4558; x_wconf 85' lang='lat' dir='ltr'><strong>Mercurium</strong></span> <span class='ocrx_word' id='word_1_419' title='bbox 1371 4495 1497 4574; x_wconf 89' lang='lat' dir='ltr'><strong>triplices</strong></span> <span class='ocrx_word' id='word_1_420' title='bbox 1521 4499 1689 4574; x_wconf 84' lang='lat' dir='ltr'><strong>contingere</strong></span> 
     </span>
     <span class='ocr_line' id='line_1_43' title="bbox 344 4585 1688 4667; baseline -0.003 -17"><span class='ocrx_word' id='word_1_421' title='bbox 344 4588 543 4666; x_wconf 84' lang='lat' dir='ltr'><strong>saepiuscule.</strong></span> <span class='ocrx_word' id='word_1_422' title='bbox 587 4587 719 4662; x_wconf 86' lang='lat' dir='ltr'><strong>Quatuor</strong></span> <span class='ocrx_word' id='word_1_423' title='bbox 741 4605 811 4649; x_wconf 86' lang='lat' dir='ltr'><strong>vero</strong></span> <span class='ocrx_word' id='word_1_424' title='bbox 832 4589 1014 4667; x_wconf 85' lang='lat' dir='ltr'><strong>planetarum</strong></span> <span class='ocrx_word' id='word_1_425' title='bbox 1033 4587 1202 4647; x_wconf 84' lang='lat' dir='ltr'><strong>harmoniae</strong></span> <span class='ocrx_word' id='word_1_426' title='bbox 1220 4585 1283 4661; x_wconf 84' lang='lat' dir='ltr'><strong>jem</strong></span> <span class='ocrx_word' id='word_1_427' title='bbox 1305 4585 1444 4662; x_wconf 90' lang='lat' dir='ltr'><strong>incipiunt</strong></span> <span class='ocrx_word' id='word_1_428' title='bbox 1465 4585 1563 4658; x_wconf 77' lang='lat' dir='ltr'><strong>spargi</strong></span> <span class='ocrx_word' id='word_1_429' title='bbox 1586 4586 1615 4642; x_wconf 92' lang='lat' dir='ltr'><strong>in</strong></span> <span class='ocrx_word' id='word_1_430' title='bbox 1638 4605 1688 4648; x_wconf 89' lang='lat' dir='ltr'><strong>se-</strong></span> 
     </span>
     <span class='ocr_line' id='line_1_44' title="bbox 350 4669 1688 4755; baseline -0.002 -20"><span class='ocrx_word' id='word_1_431' title='bbox 350 4675 431 4750; x_wconf 87' lang='lat' dir='ltr'><strong>cula,</strong></span> <span class='ocrx_word' id='word_1_432' title='bbox 456 4677 585 4752; x_wconf 88' lang='lat' dir='ltr'><strong>quinque</strong></span> <span class='ocrx_word' id='word_1_433' title='bbox 606 4675 789 4752; x_wconf 83' lang='lat' dir='ltr'><strong>planetarum</strong></span> <span class='ocrx_word' id='word_1_434' title='bbox 812 4679 841 4738; x_wconf 90' lang='lat' dir='ltr'><strong>io</strong></span> <span class='ocrx_word' id='word_1_435' title='bbox 863 4675 1010 4755; x_wconf 84' lang='lat' dir='ltr'><strong>myriadas</strong></span> <span class='ocrx_word' id='word_1_436' title='bbox 1031 4691 1180 4734; x_wconf 88' lang='lat' dir='ltr'><strong>annorum.</strong></span> <span class='ocrx_word' id='word_1_437' title='bbox 1227 4669 1268 4732; x_wconf 89' lang='lat' dir='ltr'><strong>Ut</strong></span> <span class='ocrx_word' id='word_1_438' title='bbox 1284 4687 1352 4731; x_wconf 82' lang='lat' dir='ltr'><strong>sero</strong></span> <span class='ocrx_word' id='word_1_439' title='bbox 1375 4686 1541 4730; x_wconf 80' lang='lat' dir='ltr'><strong>aesomnes</strong></span> <span class='ocrx_word' id='word_1_440' title='bbox 1564 4687 1688 4735; x_wconf 88' lang='lat' dir='ltr'><strong>consen-</strong></span> 
     </span>
    </p>
   </div>
   <div class='ocr_carea' id='block_1_5' title="bbox 425 4830 1686 4953">
    <p class='ocr_par' dir='ltr' id='par_1_6' title="bbox 425 4830 1686 4953">
     <span class='ocr_line' id='line_1_45' title="bbox 425 4830 1686 4953; baseline -0.005 -45"><span class='ocrx_word' id='word_1_441' title='bbox 425 4869 449 4919; x_wconf 72' lang='lat' dir='ltr'><strong>s)</strong></span> <span class='ocrx_word' id='word_1_442' title='bbox 462 4867 530 4908; x_wconf 68' lang='lat' dir='ltr'><strong>naus</strong></span> <span class='ocrx_word' id='word_1_443' title='bbox 542 4867 650 4918; x_wconf 67' lang='lat' dir='ltr'><strong>Mtlum</strong></span> <span class='ocrx_word' id='word_1_444' title='bbox 663 4860 745 4914; x_wconf 75' lang='lat' dir='ltr'><strong>iecere,</strong></span> <span class='ocrx_word' id='word_1_445' title='bbox 760 4868 781 4907; x_wconf 85' lang='lat' dir='ltr'><strong>sl</strong></span> <span class='ocrx_word' id='word_1_446' title='bbox 793 4876 807 4907; x_wconf 76' lang='lat' dir='ltr'><strong>a</strong></span> <span class='ocrx_word' id='word_1_447' title='bbox 819 4865 915 4920; x_wconf 66' lang='lat' dir='ltr'><strong>singuiis</strong></span> <span class='ocrx_word' id='word_1_448' title='bbox 929 4860 995 4914; x_wconf 75' lang='lat' dir='ltr'><strong>icius</strong></span> <span class='ocrx_word' id='word_1_449' title='bbox 1008 4830 1250 4908; x_wconf 51' lang='lat' dir='ltr'><strong>uuus&#39;composrstts</strong></span> <span class='ocrx_word' id='word_1_450' title='bbox 1264 4857 1405 4898; x_wconf 71' lang='lat' dir='ltr'><strong>uniueisum</strong></span> <span class='ocrx_word' id='word_1_451' title='bbox 1418 4855 1515 4908; x_wconf 75' lang='lat' dir='ltr'><strong>aliquam</strong></span> <span class='ocrx_word' id='word_1_452' title='bbox 1527 4859 1632 4900; x_wconf 81' lang='lat' dir='ltr'><strong>mutatam</strong></span> <span class='ocrx_word' id='word_1_453' title='bbox 1642 4871 1686 4953; x_wconf 60' lang='lat' dir='ltr'><strong>pro</strong></span> 
     </span>
    </p>
   </div>
   <div class='ocr_carea' id='block_1_6' title="bbox 344 4907 1685 5022">
    <p class='ocr_par' dir='ltr' id='par_1_7' title="bbox 344 4907 1685 5022">
     <span class='ocr_line' id='line_1_46' title="bbox 344 4907 1685 4972; baseline -0.005 -13"><span class='ocrx_word' id='word_1_454' title='bbox 344 4924 388 4964; x_wconf 65' lang='lat' dir='ltr'><strong>bes</strong></span> <span class='ocrx_word' id='word_1_455' title='bbox 401 4921 478 4972; x_wconf 65' lang='lat' dir='ltr'><strong>slogio</strong></span> <span class='ocrx_word' id='word_1_456' title='bbox 492 4920 597 4969; x_wconf 57' lang='lat' dir='ltr'><strong>marni</strong></span> <span class='ocrx_word' id='word_1_457' title='bbox 624 4921 719 4960; x_wconf 70' lang='lat' dir='ltr'><strong>msam</strong></span> <span class='ocrx_word' id='word_1_458' title='bbox 732 4919 776 4960; x_wconf 83' lang='lat' dir='ltr'><strong>lsuc</strong></span> <span class='ocrx_word' id='word_1_459' title='bbox 789 4923 864 4969; x_wconf 77' lang='lat' dir='ltr'><strong>aptum</strong></span> <span class='ocrx_word' id='word_1_460' title='bbox 878 4917 967 4956; x_wconf 71' lang='lat' dir='ltr'><strong>Pariter</strong></span> <span class='ocrx_word' id='word_1_461' title='bbox 980 4913 1064 4962; x_wconf 64' lang='lat' dir='ltr'><strong>Regius</strong></span> <span class='ocrx_word' id='word_1_462' title='bbox 1078 4912 1192 4962; x_wconf 68' lang='lat' dir='ltr'><strong>ssuptqoe</strong></span> <span class='ocrx_word' id='word_1_463' title='bbox 1206 4909 1268 4950; x_wconf 78' lang='lat' dir='ltr'><strong>riseri</strong></span> <span class='ocrx_word' id='word_1_464' title='bbox 1283 4910 1332 4949; x_wconf 80' lang='lat' dir='ltr'><strong>libri</strong></span> <span class='ocrx_word' id='word_1_465' title='bbox 1347 4907 1490 4958; x_wconf 79' lang='lat' dir='ltr'><strong>suppeditare</strong></span> <span class='ocrx_word' id='word_1_466' title='bbox 1503 4913 1615 4960; x_wconf 88' lang='lat' dir='ltr'><strong>poterunt.</strong></span> <span class='ocrx_word' id='word_1_467' title='bbox 1662 4925 1685 4956; x_wconf 82' lang='lat' dir='ltr'><strong>s·</strong></span> 
     </span>
     <span class='ocr_line' id='line_1_47' title="bbox 344 4962 1684 5022; baseline -0.007 -6"><span class='ocrx_word' id='word_1_468' title='bbox 344 4987 394 5016; x_wconf 77' lang='lat' dir='ltr'><strong>ru</strong></span> <span class='ocrx_word' id='word_1_469' title='bbox 408 4976 467 5016; x_wconf 75' lang='lat' dir='ltr'><strong>heus</strong></span> <span class='ocrx_word' id='word_1_470' title='bbox 481 4975 567 5021; x_wconf 59' lang='lat' dir='ltr'><strong>roario</strong></span> <span class='ocrx_word' id='word_1_471' title='bbox 579 4974 644 5013; x_wconf 80' lang='lat' dir='ltr'><strong>cosio</strong></span> <span class='ocrx_word' id='word_1_472' title='bbox 656 4974 734 5022; x_wconf 86' lang='lat' dir='ltr'><strong>piures</strong></span> <span class='ocrx_word' id='word_1_473' title='bbox 747 4983 812 5022; x_wconf 75' lang='lat' dir='ltr'><strong>qoam</strong></span> <span class='ocrx_word' id='word_1_474' title='bbox 825 4982 866 5012; x_wconf 77' lang='lat' dir='ltr'><strong>ssu</strong></span> <span class='ocrx_word' id='word_1_475' title='bbox 879 4979 922 5010; x_wconf 86' lang='lat' dir='ltr'><strong>neu</strong></span> <span class='ocrx_word' id='word_1_476' title='bbox 936 4964 1077 5007; x_wconf 76' lang='lat' dir='ltr'><strong>concordant.</strong></span> <span class='ocrx_word' id='word_1_477' title='bbox 1104 4963 1164 5012; x_wconf 69' lang='lat' dir='ltr'><strong>liam</strong></span> <span class='ocrx_word' id='word_1_478' title='bbox 1172 4963 1236 5004; x_wconf 75' lang='lat' dir='ltr'><strong>Luat</strong></span> <span class='ocrx_word' id='word_1_479' title='bbox 1255 4962 1349 5002; x_wconf 80' lang='lat' dir='ltr'><strong>seorsim</strong></span> <span class='ocrx_word' id='word_1_480' title='bbox 1362 4971 1424 5002; x_wconf 78' lang='lat' dir='ltr'><strong>susus</strong></span> <span class='ocrx_word' id='word_1_481' title='bbox 1437 4963 1560 5014; x_wconf 72' lang='lat' dir='ltr'><strong>macedium</strong></span> <span class='ocrx_word' id='word_1_482' title='bbox 1573 4965 1684 5016; x_wconf 65' lang='lat' dir='ltr'><strong>astillat,</strong></span> 
     </span>
    </p>
   </div>
   <div class='ocr_carea' id='block_1_7' title="bbox 343 5015 1684 5131">
    <p class='ocr_par' dir='ltr' id='par_1_8' title="bbox 343 5015 1684 5131">
     <span class='ocr_line' id='line_1_48' title="bbox 345 5015 1684 5072; baseline -0.007 -4"><span class='ocrx_word' id='word_1_483' title='bbox 345 5029 424 5070; x_wconf 75' lang='lat' dir='ltr'><strong>Terris</strong></span> <span class='ocrx_word' id='word_1_484' title='bbox 439 5030 464 5067; x_wconf 89' lang='lat' dir='ltr'><strong>at</strong></span> <span class='ocrx_word' id='word_1_485' title='bbox 478 5026 543 5067; x_wconf 83' lang='lat' dir='ltr'><strong>suuis</strong></span> <span class='ocrx_word' id='word_1_486' title='bbox 557 5025 667 5066; x_wconf 81' lang='lat' dir='ltr'><strong>assidens.</strong></span> <span class='ocrx_word' id='word_1_487' title='bbox 696 5025 800 5066; x_wconf 61' lang='lat' dir='ltr'><strong>&amp;uisne</strong></span> <span class='ocrx_word' id='word_1_488' title='bbox 820 5021 938 5072; x_wconf 71' lang='lat' dir='ltr'><strong>symbolas,</strong></span> <span class='ocrx_word' id='word_1_489' title='bbox 953 5029 1008 5067; x_wconf 71' lang='lat' dir='ltr'><strong>eqo,</strong></span> <span class='ocrx_word' id='word_1_490' title='bbox 1029 5019 1054 5056; x_wconf 90' lang='lat' dir='ltr'><strong>ut</strong></span> <span class='ocrx_word' id='word_1_491' title='bbox 1070 5015 1127 5056; x_wconf 86' lang='lat' dir='ltr'><strong>iiber</strong></span> <span class='ocrx_word' id='word_1_492' title='bbox 1140 5015 1188 5063; x_wconf 81' lang='lat' dir='ltr'><strong>dat,</strong></span> <span class='ocrx_word' id='word_1_493' title='bbox 1213 5025 1252 5054; x_wconf 77' lang='lat' dir='ltr'><strong>sss</strong></span> <span class='ocrx_word' id='word_1_494' title='bbox 1270 5015 1371 5064; x_wconf 79' lang='lat' dir='ltr'><strong>partibus</strong></span> <span class='ocrx_word' id='word_1_495' title='bbox 1387 5019 1510 5058; x_wconf 76' lang='lat' dir='ltr'><strong>certiorem</strong></span> <span class='ocrx_word' id='word_1_496' title='bbox 1527 5028 1562 5058; x_wconf 89' lang='lat' dir='ltr'><strong>me</strong></span> <span class='ocrx_word' id='word_1_497' title='bbox 1582 5017 1684 5060; x_wconf 80' lang='lat' dir='ltr'><strong>sedulum</strong></span> 
     </span>
     <span class='ocr_line' id='line_1_49' title="bbox 343 5065 1682 5131; baseline -0.008 -10"><span class='ocrx_word' id='word_1_498' title='bbox 343 5082 462 5131; x_wconf 78' lang='lat' dir='ltr'><strong>polticeor.</strong></span> <span class='ocrx_word' id='word_1_499' title='bbox 491 5078 535 5126; x_wconf 76' lang='lat' dir='ltr'><strong>Qui</strong></span> <span class='ocrx_word' id='word_1_500' title='bbox 548 5078 639 5128; x_wconf 87' lang='lat' dir='ltr'><strong>propius</strong></span> <span class='ocrx_word' id='word_1_501' title='bbox 652 5079 757 5118; x_wconf 72' lang='lat' dir='ltr'><strong>memsam</strong></span> <span class='ocrx_word' id='word_1_502' title='bbox 771 5076 890 5122; x_wconf 69' lang='lat' dir='ltr'><strong>coelestem</strong></span> <span class='ocrx_word' id='word_1_503' title='bbox 904 5071 1013 5124; x_wconf 80' lang='lat' dir='ltr'><strong>exprimet</strong></span> <span class='ocrx_word' id='word_1_504' title='bbox 1026 5069 1069 5110; x_wconf 81' lang='lat' dir='ltr'><strong>hoo</strong></span> <span class='ocrx_word' id='word_1_505' title='bbox 1082 5077 1149 5119; x_wconf 87' lang='lat' dir='ltr'><strong>opere</strong></span> <span class='ocrx_word' id='word_1_506' title='bbox 1163 5067 1305 5118; x_wconf 79' lang='lat' dir='ltr'><strong>descriptum,</strong></span> <span class='ocrx_word' id='word_1_507' title='bbox 1321 5065 1427 5108; x_wconf 76' lang='lat' dir='ltr'><strong>aureolis</strong></span> <span class='ocrx_word' id='word_1_508' title='bbox 1443 5071 1533 5120; x_wconf 73' lang='lat' dir='ltr'><strong>samum,</strong></span> <span class='ocrx_word' id='word_1_509' title='bbox 1548 5069 1631 5114; x_wconf 82' lang='lat' dir='ltr'><strong>Ursule</strong></span> <span class='ocrx_word' id='word_1_510' title='bbox 1640 5069 1682 5120; x_wconf 75' lang='lat' dir='ltr'><strong>Vs-</strong></span> 
     </span>
    </p>
   </div>
   <div class='ocr_carea' id='block_1_8' title="bbox 344 5130 671 5185">
    <p class='ocr_par' dir='ltr' id='par_1_9' title="bbox 344 5130 671 5185">
     <span class='ocr_line' id='line_1_50' title="bbox 344 5130 671 5185; baseline -0.009 -7"><span class='ocrx_word' id='word_1_511' title='bbox 344 5130 671 5185; x_wconf 65' lang='lat' dir='ltr'><strong>mummoleni·</strong></span> 
     </span>
    </p>
   </div>
   <div class='ocr_carea' id='block_1_9' title="bbox 0 0 2238 6192">
    <p class='ocr_par' dir='ltr' id='par_1_10' title="bbox 0 0 2238 6192">
     <span class='ocr_line' id='line_1_51' title="bbox 0 0 2238 6192; baseline 0 5"><span class='ocrx_word' id='word_1_512' title='bbox 0 0 2238 6192; x_wconf 95' lang='lat' dir='ltr'><strong> </strong></span> 
     </span>
    </p>
   </div>
  </div>
 </body>
</html>
