4467 6192
806 606 1248 679 mmmmgrasoponscs.
1643 616 1703 676 1es
1777 590 1779 601 ’

272 793 273 800 ’
347 789 531 863 geometrica
552 788 704 864 proportio
725 788 767 846 sit
788 787 877 845 etiam
899 784 1084 861 harmonica,
1108 794 1141 845 ut
1166 790 1200 861 i,
1225 792 1258 860 2,
1284 790 1319 863 4,
1351 792 1428 849 sicui
1449 790 1499 850 hie
1521 790 1705 851 commodum
1774 792 1779 809 '

349 883 411 948 est,
442 883 477 934 ut
499 889 638 952 procerus
659 874 779 950 longam
802 881 916 933 vestem
936 872 1062 947 habeat,
1090 874 1235 934 interdum
1259 894 1327 935 vero
1351 878 1533 937 arithmetica
1554 881 1703 955 proportio

348 970 393 1021 est
417 966 510 1021 eiiam
530 963 709 1035 harmonica,
733 970 765 1021 ut
780 965 811 1032 3,
835 963 864 1033 3,
887 962 921 1031 4,
945 963 1023 1019 sicut
1044 962 1091 1020 hic
1106 962 1291 1021 commodum
1306 972 1359 1037 est,
1383 975 1414 1023 ut
1431 983 1583 1043 possessor
1598 966 1704 1041 longae

347 1051 441 1109 vestis
462 1049 593 1126 pumilus
614 1052 740 1109 retineat
762 1046 879 1125 quidem
903 1063 996 1119 suum,
1020 1049 1072 1108 sed
1095 1052 1125 1107 in
1140 1053 1294 1126 pecuniam
1316 1060 1538 1132 commutatum,
1559 1071 1619 1128 qua
1640 1070 1705 1112 reu-

348 1140 405 1196 tius
430 1140 476 1195 uti
498 1146 612 1214 potest,
637 1154 726 1213 quam
747 1135 895 1213 superfluo
919 1137 1019 1195 vestis.
1096 1194 1105 1223 ,

437 1224 498 1287 lll.
521 1224 596 1283 ilum
618 1224 800 1301 gubernandi
822 1225 951 1282 rationes
974 1238 1074 1283 omnes
1097 1223 1251 1300 complexa
1273 1228 1311 1283 sit
1330 1226 1460 1302 justitia,
1485 1243 1521 1286 ox
1544 1227 1704 1287 Aristotele

347 1310 461 1385 allegat
483 1320 581 1387 partes
603 1313 668 1388 ejus
691 1312 781 1384 duas,
805 1312 1043 1371 cummutativam
1067 1310 1296 1387 inaequalitate
1321 1313 1504 1373 arithmetica
1528 1320 1703 1387 remantem,

347 1399 567 1459 distributivam
588 1401 618 1457 iu
639 1398 830 1459 similitudine
851 1398 1042 1474 geometrica,
1071 1400 1134 1473 ipse
1158 1402 1272 1458 tertiam
1295 1401 1422 1478 speeiem
1441 1402 1576 1477 justitiae
1598 1400 1704 1462 suadet

347 1502 382 1545 ex
406 1494 535 1562 utraque
562 1488 690 1564 priorum
714 1487 884 1557 conflatam,
913 1499 989 1559 quaa
1021 1492 1168 1545 atrorum
1193 1487 1307 1562 copiam
1339 1489 1424 1548 certis
1447 1490 1580 1566 personis
1607 1489 1705 1548 viliori

348 1576 444 1651 pretio
470 1574 556 1633 vendi
580 1574 644 1633 vult
665 1592 755 1650 quum
777 1571 882 1632 celeria
911 1580 941 1629 et
962 1588 1022 1631 non
1044 1590 1161 1649 semper
1184 1576 1297 1650 magnis
1321 1592 1427 1649 magna
1455 1575 1588 1634 distribui
1612 1583 1642 1636 et
1662 1577 1705 1636 sic

349 1670 507 1736 utrumque
529 1677 622 1738 genus
648 1662 722 1737 justi
745 1660 847 1720 riolmi
877 1658 1107 1735 quadantenus,
1140 1662 1165 1719 si
1188 1660 1267 1721 salus
1291 1664 1493 1721 universorum
1524 1661 1553 1720 id
1576 1662 1706 1738 postulet

349 1758 400 1807 ant
423 1751 450 1807 si
474 1749 660 1808 commodum
683 1748 751 1808 inde
772 1748 923 1824 pubiicum
946 1757 1086 1823 emergat.
1132 1748 1197 1808 Non
1227 1750 1300 1809 bene
1324 1750 1465 1813 confletur
1496 1751 1644 1826 proportio
1668 1768 1704 1811 cx

350 1836 508 1912 speciebus
532 1836 646 1896 duabus
668 1834 744 1908 aliis,
767 1838 792 1896 si
816 1843 968 1910 utramque
990 1837 1123 1910 peremit.
1167 1836 1221 1895 Est
1243 1839 1331 1913 igitur
1353 1836 1512 1915 applicatio
1535 1836 1609 1897 haee
1632 1840 1704 1898 meis

350 1922 561 1983 medietatibus
583 1925 760 1984 harmonicis
782 1923 886 1999 aptior.
933 1918 971 1981 Ut
994 1924 1174 1981 innumeris
1198 1928 1233 1997 2,
1264 1928 1298 1997 3,
1330 1928 1346 1982 5
1377 1942 1430 1984 uec
1453 1924 1636 1984 arithmetica
1658 1932 1703 1985 est

349 2028 526 2073 excessuum
540 2013 713 2088 aequalitas,
738 2028 793 2069 nee
808 2011 987 2086 geometrica
1002 2012 1179 2086 progressio,
1196 2019 1352 2071 esttamen
1369 2015 1443 2071 inter
1458 2028 1510 2070 eos
1524 2010 1702 2071 harmonica.

436 2098 506 2157 Huc
528 2101 557 2155 in
581 2100 637 2158 line
659 2100 725 2158 libri
758 2102 861 2174 poetas
883 2097 1100 2175 accommodat,
1133 2100 1183 2172 qui
1206 2098 1356 2159 Themidis
1380 2094 1473 2180 (quae
1493 2100 1610 2175 justitia
1642 2096 1703 2182 est)

350 2194 406 2245 tres
430 2185 547 2262 lingunt
561 2184 636 2245 illias
653 2184 795 2259 εὐνομιω,
819 2183 979 2257 inerrans-r,
1004 2183 1128 2262 eipqrpr:
1156 2185 1246 2260 leges,
1270 2188 1459 2263 aequitatem,
1482 2202 1594 2263 pacem,
1613 2191 1703 2263 ‚quasi

351 2275 438 2331 triam
461 2275 684 2350 proportionum
707 2271 865 2344 tutelares,
887 2271 1105 2344 arithmeticae,
1129 2276 1338 2348 geometricae,
1363 2274 1558 2334 harmonicae.

439 2360 496 2418 IV.
521 2361 616 2437 Leges
631 2362 852 2431 connubiorum,
875 2359 1064 2436 praecipuum
1080 2361 1209 2419 civitatis
1227 2363 1383 2429 vinculum,
1407 2360 1586 2421 luculentum
1603 2380 1704 2421 orem-

354 2446 436 2522 pium
462 2445 794 2508 subministrant'trium
816 2448 1045 2523 proportionum.
1091 2446 1124 2503 Si
1146 2449 1260 2522 patricii
1282 2452 1420 2526 patricias
1444 2449 1549 2510 ducere
1573 2448 1705 2524 jubean-

352 2546 412 2607 tur,
436 2533 549 2611 plebeji
572 2534 722 2614 plebejas,
746 2536 923 2610 geometrica
945 2533 1106 2591 similitudo
1129 2542 1181 2593 esi.
1228 2526 1285 2593 Sin'
1300 2537 1349 2611 jus
1372 2538 1517 2609 omnibus,
1543 2540 1707 2615 promiscue

351 2624 501 2682 connubia
522 2624 572 2683 rel
594 2632 674 2683 sorte
696 2639 836 2699 quaerere
859 2620 906 2681 vel
928 2621 1037 2695 forma,
1061 2621 1177 2698 opibus,
1203 2625 1317 2697 virtute,
1341 2625 1404 2682 sine
1426 2625 1540 2699 generis
1563 2633 1706 2701 respectu,

351 2709 530 2769 contendere
559 2718 700 2787 qnantum
730 2711 844 2785 possis,
873 2726 928 2767 nee
957 2708 1017 2766 ulla
1050 2707 1179 2767 conditio
1208 2712 1316 2782 vetita,
1349 2710 1423 2769 haee
1454 2712 1508 2770 erit
1541 2712 1706 2787 aequalitas

351 2798 546 2857 arithmetica
592 2797 700 2857 Verum
723 2798 764 2855 ibi
787 2799 896 2856 cisium
919 2797 1008 2853 animi
1031 2794 1211 2855 divelluntur
1235 2799 1264 2855 in
1283 2798 1435 2870 lectiones,
1460 2797 1507 2856 hie
1522 2798 1707 2858 confundun-

353 2891 398 2942 tur
420 2885 556 2955 ordines,
580 2893 735 2961 nitrumque
757 2886 953 2960 pemieiosum
976 2883 1165 2958 reipublicae.
1211 2883 1322 2945 Suadet
1345 2886 1434 2959 igitur
1448 2884 1590 2959 Bodinus,
1613 2889 1706 2963 patri-

352 2973 401 3030 ciis
426 2972 612 3031 tenuioribus
634 2971 779 3032 interdum
800 2972 966 3047 permittere
990 2972 1138 3031 connubia
1160 2970 1279 3047 plebejc
1302 2972 1457 3049 opulenta,
1480 2971 1605 3049 plebejia
1628 2974 1707 3033 divi·-

353 3061 429 3117 tibus
451 3061 594 3135 patricias
616 3061 726 3135 inopes.
772 3058 840 3117 Hoc
869 3060 945 3117 enim
970 3060 1083 3132 utrique
1108 3057 1202 3115 ordini
1233 3058 1435 3132 commodum,
1467 3058 1615 3119 nobilibus
1639 3062 1707 3136 qui-

353 3145 425 3217 dem,
449 3154 485 3204 ut
507 3149 586 3205 aneti
610 3148 717 3222 opibus
741 3154 877 3208 sumatur
898 3145 1001 3204 locum·
1018 3162 1106 3220 quem
1130 3146 1271 3218 obtinent,
1295 3153 1325 3205 ci
1345 3146 1470 3207 feminae
1486 3146 1574 3222 hujus
1597 3148 1706 3207 ordinis

353 3237 541 3307 maritantem
572 3233 651 3310 plebi
675 3250 761 3305 vcro,
794 3243 825 3291 ut
852 3232 998 3309 patefacto
1030 3232 1067 3291 ad
1091 3232 1216 3291 honores
1247 3232 1328 3293 aditu
1360 3234 1459 3293 virtuti
1485 3234 1554 3292 dent
1577 3252 1705 3312 operam,

354 3320 482 3397 denique
503 3323 574 3396 reip.
597 3324 668 3398 ipsi,
693 3332 726 3379 ut
747 3320 864 3379 ordines
886 3328 989 3380 mutua
1009 3337 1076 3379 sess
1099 3318 1242 3379 charitate
1266 3320 1505 3396 complectantur.

439 3408 568 3467 Rursum
598 3409 647 3467 hic
674 3411 797 3484 peremit
825 3409 1032 3481 geometricam
1058 3405 1241 3483 analogiam,
1280 3414 1313 3466 ut
1340 3406 1539 3467 harmonicam
1569 3407 1705 3483 efiiceret,

357 3514 450 3571 neque
475 3504 571 3555 umen
601 3514 666 3555 eam
689 3495 727 3554 ad
750 3513 859 3555 meram
882 3494 1091 3569 aequalitatem
1119 3494 1318 3555 arithmeticae
1342 3497 1553 3573 progressionis
1582 3495 1706 3571 redegit.

358 3580 445 3641 Utri
472 3587 501 3652 l,
526 3584 554 3655 3,
579 3584 607 3650 9.
630 3584 818 3659 geometrica,
842 3583 1007 3658 perimetur,
1036 3581 1146 3656 fiatque
1173 3585 1199 3653 1,
1224 3585 1252 3649 3,
1271 3584 1301 3660 8,
1330 3590 1471 3658 quantum
1493 3582 1541 3640 hic
1563 3599 1707 3641 recessum

359 3671 464 3729 catab
493 3673 518 3739 l,
542 3672 573 3742 3,
596 3674 625 3742 9,
648 3678 762 3731 tanturn
786 3669 845 3728 illic
868 3669 1041 3743 derogatum
1056 3671 1197 3743 patriciis,
1221 3676 1407 3745 etquantum
1422 3670 1451 3728 in
1471 3672 1498 3742 1,
1523 3670 1552 3741 3,
1578 3671 1606 3742 3,
1630 3688 1707 3745 quo-

357 3773 419 3815 rnm
444 3774 583 3817 excessus
606 3761 641 3829 2,
673 3753 798 3838 5·(cum
822 3758 901 3834 prius
928 3763 1028 3816 essent
1056 3761 1091 3827 3,
1122 3752 1173 3835 6),
1205 3759 1380 3817 accessimus
1409 3756 1448 3815 ad
1475 3759 1706 3833 progressionem

358 3844 570 3903 arithmeticam
598 3848 629 3912 i,
661 3848 696 3917 3,
728 3847 746 3902 i
770 3840 857 3924 (quia
881 3843 983 3902 horum
1014 3858 1151 3901 excessus
1175 3847 1213 3915 3,
1244 3849 1262 3901 a
1292 3839 1467 3926 aequales),
1498 3851 1613 3903 tantum
1643 3843 1704 3902 illic

358 3930 456 3990 datam
480 3931 574 4007 plebi,
598 3941 630 3989 ut
652 3934 681 3989 iu
704 3935 832 3991 numeris
855 3930 974 4007 quidem
996 3929 1203 3996 concordantia
1226 3934 1449 3991 constitueretur
1470 3932 1543 3991 inter
1569 3936 1600 4003 1,
1624 3932 1652 4003 3,
1677 3932 1706 4003 8,

358 4021 385 4074 in
407 4036 469 4095 rep.
496 4036 566 4085 vero
588 4018 795 4077 concordantia
825 4020 900 4077 inter
920 4020 1060 4094 patricios
1088 4025 1118 4076 et
1145 4017 1275 4094 plebem,
1303 4027 1441 4078 manente
1464 4025 1561 4079 tamea
1584 4017 1707 4093 distino-

357 4108 434 4165 tione
458 4106 602 4165 ordiinum.
647 4106 734 4166 Hase‘
753 4108 942 4166 commutatio
968 4108 1003 4178 l,
1032 4106 1103 4163 9in
1131 4108 1165 4177 l,
1196 4106 1214 4163 8
1246 4114 1376 4165 occurret
1399 4106 1474 4166 libro
1497 4104 1535 4165 V.
1566 4107 1706 4165 etiamid

278 4188 284 4196 ’
357 4193 437 4253 melo
460 4197 535 4270 ipso.

443 4280 478 4338 V.
503 4281 608 4356 Inepta
637 4287 682 4339 est
703 4278 888 4339 arimmetica
908 4278 1073 4354 aequalitas
1101 4280 1130 4335 in
1154 4280 1328 4357 symposiis,
1359 4280 1383 4337 si
1411 4279 1577 4356 promiscue
1607 4286 1707 4337 omnes

357 4368 546 4436 accumbunt,
572 4367 655 4426 nulla
675 4381 780 4439 sexus,
812 4367 1002 4438 conditionis,
1030 4368 1137 4425 aetatis
1160 4366 1262 4427 habita
1284 4368 1413 4441 ratione;
1444 4365 1555 4425 insulsa
1578 4365 1707 4425 vicissim

357 4472 434 4513 mera
463 4455 623 4513 similitudo
652 4455 840 4531 geometrica.
885 4454 960 4513 Nam
988 4456 1013 4513 ai
1043 4452 1122 4513 docti
1157 4461 1269 4513 mnium
1302 4453 1395 4513 doctis
1424 4454 1601 4529 jungantur,
1635 4452 1707 4527 quid

358 4541 513 4617 proderunt
535 4542 698 4619 imperitis?
721 4544 746 4601 si
769 4542 895 4600 leminea
917 4542 988 4600 solis
1010 4541 1135 4613 leminis,
1160 4558 1237 4616 quae
1260 4540 1419 4616 voluptas?
1452 4542 1477 4598 si
1501 4537 1621 4597 clamosi
1645 4538 1706 4599 ola-

357 4631 463 4701 mosis,
491 4632 558 4705 quis
579 4637 683 4688 auctor
705 4631 740 4687 iis
762 4628 950 4689 modestiae?
995 4629 1036 4687 rit
1058 4629 1084 4685 si
1106 4645 1202 4703 nequo
1226 4645 1345 4691 mecam
1367 4626 1576 4701 aequalitatem
1599 4627 1708 4685 admit·-

359 4723 416 4781 tas,
447 4734 542 4793 neque
564 4733 710 4775 morosam
731 4715 967 4788 similitudinem,
998 4714 1050 4774 sed
1072 4717 1198 4775 misceas
1222 4724 1390 4789 utramque,
1421 4711 1533 4773 modice
1557 4721 1707 4775 tamensi

272 4865 273 4870 ,
359 4821 422 4862 oum
441 4804 553 4880 judicio
575 4805 706 4876 rationis,
730 4805 880 4880 proportio
903 4804 957 4862 erit
979 4802 1156 4861 harmonica.
1202 4801 1318 4861 Eiiicies
1341 4802 1433 4873 enim,
1457 4809 1491 4859 ut
1511 4818 1597 4861 senes
1616 4802 1707 4877 juva-

272 4889 273 4970 ]
364 4908 445 4963 num,
476 4894 531 4949 viri
551 4893 724 4950 laminarum
754 4898 876 4967 aspectu
903 4889 1070 4966 gaudeant,
1098 4888 1224 4963 juvenes
1254 4888 1410 4963 prudentia
1430 4904 1550 4962 sanum,
1580 4890 1706 4949 laminae

272 5015 273 5056 3
367 4980 491 5036 virorum
512 4980 687 5041 auctoritato
709 4989 855 5053 regantur,
878 4979 996 5037 tetricos
1018 4976 1122 5035 urbani
1145 4977 1271 5035 excitent
1291 4976 1479 5055 vicissimque
1500 4986 1529 5037 et
1544 4984 1706 5049 vereantur,
