4467 6192
915 709 950 769 de
967 685 1122 774 Harmonia
1651 715 1691 782 66
1710 777 1716 788 ,

353 889 480 952 drpositto
496 888 547 938 hta
563 889 708 940 barmonlea
725 889 775 940 dlol
791 892 897 960 poterit,
909 891 1020 943 etiarnsi
1036 889 1122 941 nudus
1139 895 1205 940 esset
1220 890 1286 943 tufrt
1303 893 1422 958 spiritua,
1444 893 1490 956 qut
1506 891 1691 942 harmoniarum

352 960 449 1008 istarum
466 963 555 1022 typum
572 959 674 1010 lraberet
691 965 716 1008 st
731 972 776 1023 per
793 975 953 1026 oomeanns,
964 962 1017 1026 ¹qui
1034 962 1095 1010 istas
1107 962 1245 1024 superiores
1259 962 1402 1033 btrmontqe
1414 962 1613 1024 pereantleueret3
1627 966 1693 1012 esser

353 1033 430 1078 tamen
447 1029 612 1079 nibilominus
630 1033 743 1093 superior
759 1028 869 1098 spiritns,
887 1033 933 1102 qni
951 1031 1044 1095 dirigit,
1063 1030 1162 1080 ordinat
1179 1036 1205 1080 et
1222 1032 1270 1081 erit
1286 1031 1441 1081 harmoniam
1458 1028 1534 1080 istem
1551 1033 1692 1091 ooudgura-

354 1100 425 1148 tionis
442 1095 598 1162 superiorum
616 1113 755 1162 eorporum.
790 1101 867 1152 Vides
885 1115 949 1163 argo,
968 1114 1044 1166 quam
1062 1113 1171 1164 aesopo
1189 1103 1295 1166 aberres,
1314 1101 1373 1150 dmn
1390 1100 1465 1166 dieis,
1483 1101 1693 1162 oonilguratlones

354 1169 490 1232 superiores
509 1167 669 1232 planetarum
693 1185 744 1221 uon
768 1184 822 1220 esse
845 1173 1002 1221 harmonicae
1020 1169 1138 1220 dioendae
1163 1184 1208 1220 neo
1225 1171 1379 1220 humentem
1401 1173 1429 1220 ln
1450 1173 1513 1233 ipsis
1537 1185 1592 1220 esse
1613 1168 1693 1220 ullam

354 1240 403 1288 eine
419 1241 502 1288 anima
520 1237 705 1303 contemplante
730 1246 754 1288 et
771 1247 933 1304 eomparante
956 1245 982 1291 et
999 1255 1028 1291 eo
1045 1243 1101 1303 ipso
1119 1241 1192 1306 quaet
1208 1242 1370 1303 progtgneute
1387 1242 1544 1290 harmoniam
1565 1243 1592 1290 in
1616 1254 1693 1303 sups-

353 1310 438 1358 riorum
454 1311 619 1359 terminorum
636 1311 835 1372 configuratione.
869 1313 924 1361 Iino
942 1312 1093 1362 eontrarium
1111 1325 1196 1360 verum
1213 1316 1262 1372 est,
1284 1309 1381 1363 nullm
1402 1312 1435 1359 ab
1461 1312 1547 1360 anima
1563 1309 1693 1360 sublunari

353 1379 502 1428 sunonem
521 1381 650 1446 oognosoi,
667 1383 813 1447 persentiri,
831 1379 939 1442 intelligi
955 1395 1041 1446 posse,
1059 1383 1109 1430 nisi
1128 1380 1350 1447 deprehenderetur
1368 1393 1392 1428 er
1409 1387 1473 1430 esset
1492 1382 1520 1428 ln
1537 1382 1692 1444 superiorum

354 1451 541 1511 oouQmetioue
558 1452 694 1514 antitypioa
711 1452 850 1518 harmonia,
878 1457 938 1514 typo
954 1453 999 1500 isti
1017 1452 1163 1501 barmoniae
1183 1454 1213 1501 iu
1234 1453 1320 1501 anima
1341 1451 1472 1499 sublunari
1488 1452 1691 1515 eonsepondene

353 1519 495 1568 llsoeuarta
511 1535 569 1582 ergo
588 1525 626 1570 est
637 1521 670 1569 ad
687 1524 821 1572 essentiam
838 1523 983 1572 harmoniae
1001 1523 1028 1570 in
1046 1523 1153 1572 usauria
1169 1523 1254 1570 anima
1272 1523 1324 1571 sire
1342 1521 1453 1587 spiritus,
1471 1534 1521 1570 nou
1538 1534 1691 1583 cognossent

353 1589 504 1638 moniam
521 1592 550 1640 iu
567 1587 627 1655 ilio,
645 1591 689 1644 sed
706 1593 859 1642 harmoniam
876 1593 992 1642 materiae
1009 1591 1183 1658 introdueeus,
1202 1593 1332 1640 maurium
1350 1591 1492 1639 barmoniae
1510 1590 1647 1653 disponens
1666 1596 1691 1640 et

353 1662 476 1708 materiam
493 1659 638 1709 harmonloe
656 1661 804 1724 dispositam
821 1675 922 1713 servans
942 1667 968 1712 et
985 1662 1095 1722 dirigens
1112 1662 1249 1712 seeundum
1266 1674 1351 1711 omnes
1369 1661 1553 1710 harmoniarum
1575 1662 1625 1710 sibi
1643 1662 1692 1710 im·

354 1727 518 1790 plantatarum
535 1731 617 1780 ideae:
641 1743 741 1781 neeesse
757 1735 819 1785 item
836 1733 870 1782 sd
887 1735 1021 1782 essentiam
1039 1733 1183 1783 barmoniae
1199 1746 1218 1781 a
1233 1733 1339 1780 materia
1355 1732 1511 1791 abstractae,
1536 1732 1601 1793 sire,
1619 1737 1647 1780 ut
1664 1737 1693 1780 tu

355 1801 476 1866 appelles,
494 1801 676 1867 uebetyploae,
694 1803 790 1870 anima,
808 1817 858 1854 non
879 1809 978 1852 tantum
991 1815 1153 1864 cognoscens,
1177 1802 1222 1852 sed
1238 1802 1380 1866 possidens,
1406 1812 1456 1849 nou
1479 1798 1648 1863 eoutemplans'
1665 1803 1693 1850 tn

353 1871 411 1929 elio,
434 1871 478 1920 sed
496 1872 527 1920 ln
544 1885 573 1920 se
587 1872 646 1933 ipsa
663 1873 743 1921 solens
763 1878 788 1922 et
805 1873 940 1923 seeundum
950 1885 1014 1922 eam
1031 1874 1162 1921 maurium
1180 1885 1267 1937 suam,
1285 1876 1407 1936 tanquam
1424 1870 1559 1921 seeundum
1577 1871 1692 1932 ποίειγ-

354 1951 415 2004 pum,
433 1939 576 2006 disponens
588 1947 614 1990 et
631 1941 762 1992 ordinans:
780 1944 846 1994 unde
862 1949 934 2006 patet
950 1945 1055 2009 lterum,
1074 1943 1185 1991 animem
1202 1940 1373 1991 sublunarium
1390 1940 1425 1989 ad
1441 1955 1491 1990 sees
1508 1941 1692 1989 harmoniarum

353 2011 377 2058 in
393 2012 587 2072 oonilguratlone
603 2017 629 2060 et
647 2013 834 2064 eoordinatlena
857 2027 986 2075 corporum
1005 2013 1159 2076 superiorum
1177 2013 1345 2076 non-requiri.
1375 2011 1432 2059 Aila
1449 2023 1507 2060 vero
1520 2012 1692 2077 estqueestio,
1759 2064 1774 2082 υ

354 2093 404 2130 urm
429 2083 514 2142 agitur
536 2082 567 2132 de
590 2083 615 2130 ri
637 2087 662 2130 et
684 2083 798 2133 ommia
822 2084 1020 2146 harmoniarum
1044 2085 1269 2144 wadgurationnm
1293 2084 1320 2130 in
1347 2081 1492 2142 oorporlbus
1516 2080 1693 2143 superioribus,

354 2151 474 2214 quomodo
503 2153 600 2202 esltioet
624 2165 668 2201 eae
693 2155 811 2214 agentin
829 2153 948 2203 inferiore
965 2153 1070 2218 etquid
1087 2153 1120 2201 ad
1137 2154 1203 2201 beno
1220 2153 1388 2216 operationem
1405 2151 1590 2214 produoendam
1607 2152 1693 2214 requi·

320 2229 324 2240 ·
353 2227 423 2272 ratur.
462 2219 521 2271 Hie
536 2223 656 2288 conrado,
675 2237 725 2271 non
743 2223 855 2274 suidoers
873 2225 1028 2287 superiorum
1045 2224 1209 2288 harmoniam,
1227 2223 1277 2272 nisi
1293 2217 1397 2271 aebedat
1414 2222 1441 2268 m
1453 2219 1631 2271 sublunaribus
1648 2233 1692 2270 su·

353 2292 437 2350 periuri
454 2292 651 2354 eorrerpoudens
668 2293 807 2356 harmonia,
827 2303 898 2356 quaes
909 2307 965 2347 test
982 2297 1137 2343 eumaeum
1154 2293 1230 2342 babet
1245 2294 1276 2346 in
1290 2292 1382 2354 spiritu
1393 2291 1532 2357 sublunari,
1550 2304 1581 2340 ea
1600 2303 1651 2352 que
1669 2297 1694 2340 et

354 2363 417 2421 orins
434 2363 461 2409 ri
476 2364 586 2424 percipit
603 2364 737 2425 superioris
755 2365 958 2426 oendgurstlonis
976 2366 1098 2414 rationem
1116 2367 1142 2412 et
1158 2377 1189 2412 ea
1205 2365 1262 2426 ipsa
1279 2363 1376 2411 ratione
1394 2360 1541 2410 admonetur
1560 2363 1614 2424 elus
1631 2373 1696 2423 ope·

353 2433 451 2480 rationis
467 2433 496 2480 in
514 2435 645 2481 materiem
662 2443 747 2498 suem,
772 2436 939 2496 quamtotius
957 2435 1102 2483 hermoniae
1119 2434 1185 2482 ratio
1202 2433 1315 2495 requirit.
1351 2431 1529 2493 Quantitativa
1549 2432 1616 2480 eninr
1633 2432 1692 2481 har·

354 2503 433 2552 monta
448 2503 576 2556 rationem
594 2503 739 2552 barmoniae
757 2497 921 2567 qnalltetlvee
937 2505 1040 2554 indleat

435 2589 496 2638 Jam
515 2593 614 2652 tempor
632 2596 682 2653 eet,
707 2590 738 2640 de
762 2591 892 2640 harmonia
910 2593 1061 2653 qualitativa
1084 2593 1173 2656 pausis
1195 2591 1271 2641 stiam
1288 2605 1375 2654 agore,
1399 2602 1475 2650 quam
1495 2586 1524 2637 t‘u
1540 2585 1694 2644 rel,unllam

355 2659 464 2708 eouoedls
481 2657 524 2708 rel
542 2661 655 2721 aliquam
672 2661 786 2722 negligis.
820 2661 877 2712 Nou
895 2663 969 2725 enlm,
988 2668 1016 2710 nt
1032 2667 1060 2710 tn
1079 2663 1221 2712 existimare
1238 2660 1338 2727 videris,
1356 2661 1442 2708 anima
1453 2656 1593 2708 sublunaris
1610 2671 1694 2724 quan·

354 2729 450 2777 titativa
468 2734 570 2779 tantum
586 2731 719 2782 harmonia
736 2732 769 2780 ad
788 2733 911 2792 egendum
930 2733 1116 2798 exstimulatur3
1140 2731 1202 2793 quid
1218 2734 1303 2780 autem
1321 2729 1481 2779 exstimulata
1501 2742 1574 2794 agere
1595 2728 1693 2795 debeat,

354 2813 381 2847 er
399 2799 507 2848 fortuiti
522 2803 642 2850 materiae
660 2807 725 2850 oerto
743 2802 818 2850 modo
837 2803 972 2865 dispositae
989 2804 1132 2865 praesentia
1148 2803 1224 2866 petit,
1242 2801 1285 2850 sed
1303 2798 1378 2850 simul
1396 2796 1558 2863 qualitativas
1575 2796 1695 2858 intelligit

354 2867 503 2934 barmoniae,
522 2871 623 2932 quibus,
641 2871 702 2932 quid
723 2873 750 2920 in
767 2873 816 2920 hae
832 2870 873 2920 rel
889 2873 940 2922 leta
958 2863 1128 2933 quantitatum
1146 2871 1310 2933 dispositione
1326 2883 1399 2932 agere
1417 2868 1515 2931 debeat,
1534 2867 1693 2923 admoneturs

354 2939 410 2986 item
426 2935 550 3001 intediglt
567 2937 678 2989 ordinem
696 2943 829 3003 spirituum
847 2943 1008 3007 superiorum,
1026 2940 1153 3007 intelligit,
1171 2955 1247 3002 quam
1259 2939 1407 3002 qualitatum
1424 2939 1577 2987 harmoniam
1596 2939 1638 2987 blo
1655 2935 1695 3007 vel

355 3009 398 3056 late
416 3009 522 3072 optritae
539 3010 568 3059 in
585 3010 633 3058 hoo
649 3010 688 3059 vel
707 3013 755 3061 isto
774 3012 928 3074 superiorum
946 3025 1076 3073 corporum
1094 3013 1237 3073 concinnet,
1259 3010 1377 3073 intelligit
1394 3009 1546 3060 differentias
1562 3009 1694 3070 spirituum

358 3077 491 3127 seeundum
508 3083 619 3129 rationes
637 3079 843 3140 qualitativam
860 3083 1054 3144 harmoniarum,
1070 3081 1138 3132 undo
1155 3082 1232 3147 novit,
1250 3079 1315 3130 allae
1332 3095 1385 3130 esse
1402 3081 1472 3129 ideas
1489 3075 1695 3139 qualitativarum

353 3144 538 3198 harmoniarum
556 3151 584 3200 ln
601 3149 677 3217 Jove,
701 3149 766 3201 aliae
783 3154 811 3200 in
827 3151 951 3203 Mercurio
970 3157 1030 3215 eto,
1053 3153 1204 3201 lineatim
1222 3153 1281 3214 solt,
1304 3150 1383 3205 aliam
1401 3150 1551 3214 operationis
1571 3148 1694 3199 rationem

353 3242 402 3278 ue
418 3227 445 3276 ln
463 3227 500 3293 Δ
520 3227 610 3278 biantis
623 3230 760 3298 oumlose,
778 3229 856 3281 aliem
873 3234 900 3282 in
917 3231 953 3298 Δ
975 3229 1091 3282 ίίοῐοιπίί
1108 3244 1165 3280 oum
1181 3230 1253 3296 lore,
1271 3229 1349 3279 aliam
1365 3231 1393 3278 in
1414 3227 1555 3293 Adiartis
1573 3231 1598 3275 ot
1612 3225 1694 3275 Vene-

354 3311 394 3360 ris.
430 3309 475 3358 Sir
492 3307 556 3356 ordo
574 3311 600 3354 et
616 3313 697 3358 motus
715 3311 869 3371 superiorum
886 3313 913 3360 in
932 3310 1057 3374 operando
1075 3317 1163 3372 regunt
1181 3310 1292 3362 ordinem
1310 3315 1336 3359 et
1351 3313 1446 3359 motum
1464 3306 1615 3371 operationis
1633 3306 1694 3355 sub-

353 3376 476 3427 lunarium
494 3382 521 3426 et
537 3375 684 3426 inferiorum
702 3381 888 3442 operationibus
906 3373 1031 3446 praesunt,
1049 3383 1098 3443 ipsi
1117 3396 1216 3443 quoque
1232 3382 1260 3430 in
1278 3382 1444 3440 aua·regioue
1458 3389 1510 3428 non
1523 3375 1616 3427 frusua
1632 3384 1695 3438 ope·

354 3453 432 3496 rantes
450 3455 477 3496 et
495 3445 648 3508 qualitatum
666 3448 780 3501 efdoaoes
798 3451 940 3500 barmoniae
947 3451 1113 3516 possidentes,
1133 3451 1344 3512 quemadmodum
1361 3448 1490 3498 inferiores
1508 3446 1611 3508 spiritus
1629 3455 1694 3506 qua-

353 3515 612 3580 litatumbarmonias
628 3517 661 3566 ad
678 3532 736 3567 snos
755 3525 779 3569 et
796 3523 878 3571 rarior
889 3532 950 3570 usus
962 3521 1092 3583 possident
1109 3520 1227 3572 effloaoee.
1256 3520 1376 3586 Quaeres,
1394 3532 1457 3580 quae
1476 3530 1533 3578 ergo
1545 3514 1695 3577 qualitatum

352 3589 457 3638 rationes
477 3588 615 3649 superiores
633 3589 736 3649 spiritns
753 3591 899 3652 possideant
923 3596 948 3639 et
965 3592 991 3640 in
1008 3592 1138 3657 maurium
1162 3605 1234 3640 suam
1250 3590 1427 3640 introducant?
1463 3587 1516 3636 iias
1540 3601 1571 3635 er
1588 3585 1693 3652 inferio·

353 3658 417 3709 ribus
434 3656 582 3706 inferiorum
601 3659 732 3720 spirituum
751 3661 938 3722 operationibus
955 3659 1035 3724 diros,
1061 3666 1086 3710 et
1102 3662 1156 3724 lpse
1172 3665 1225 3723 jam
1249 3661 1276 3709 in
1293 3661 1378 3710 Tertio
1395 3658 1589 3723 interveniente,
1612 3669 1691 3717 quau·

354 3741 424 3789 quam
442 3725 567 3787 mutilate,
586 3719 700 3790 doonieti;
728 3742 792 3790 quae
810 3733 875 3780 euim
899 3735 923 3780 te
941 3732 1005 3779 ratio
1024 3732 1104 3796 erigit
1129 3736 1182 3780 tam
1198 3733 1270 3780 tirma
1287 3734 1313 3780 st
1330 3734 1432 3794 potens,
1454 3732 1483 3778 ut
1506 3728 1645 3776 eieoltalem
1670 3732 1695 3776 et

352 3797 525 3862 frigiditatem,
550 3799 737 3859 potentissimas
756 3799 902 3866 qualitates,
925 3815 938 3849 e
962 3801 1112 3864 qualitatum
1134 3814 1235 3854 numero
1259 3801 1375 3863 eleoerisi
1409 3797 1573 3869 Erperleutia
1596 3796 1694 3846 medica

354 3873 467 3934 testetur,
488 3866 550 3927 quid
568 3863 683 3916 soliditas
702 3875 728 3918 et
744 3869 868 3931 frigiditas
886 3873 912 3919 ln
931 3871 1085 3920 oonoltandts
1105 3873 1207 3920 etitem
1224 3870 1352 3920 medendis
1369 3869 1462 3919 morbis
1485 3880 1570 3931 pugna
1592 3880 1640 3916 aua
1657 3866 1695 3916 ei·

353 3941 420 3987 teere
438 3942 528 3999 queat;
553 3937 654 3985 dende
671 3951 764 3999 aquarn
781 3939 895 4001 frigidam
914 3940 1030 4002 candenti
1047 3939 1126 4003 lepidi
1144 3945 1169 3990 et
1186 3940 1297 4007 videbis,
1321 3954 1380 3990 num
1403 3940 1504 3990 siooltas
1527 3942 1551 3986 et
1569 3936 1695 3999 frigiditas

353 4007 446 4058 trutum'
470 4009 523 4056 sint
539 4007 699 4068 privationes.
729 4009 864 4060 Habonius
881 4013 1032 4074 privationes
1049 4012 1115 4058 bario
1133 4013 1196 4076 vim,
1221 4015 1251 4059 at
1274 4011 1394 4073 positivae
1412 4007 1548 4069 qualitates
1571 4006 1695 4071 expellere

354 4083 456 4140 queant,
480 4077 549 4138 quod
566 4083 650 4125 temen
665 4077 730 4128 isoio
747 4079 871 4141 frigiditas
888 4083 916 4129 in
933 4095 1002 4146 naso,
1019 4079 1127 4142 pedibus
1144 4086 1169 4129 et
1185 4082 1270 4143 genie,
1294 4077 1344 4131 imo
1362 4093 1435 4142 saepe
1459 4085 1512 4128 toto
1531 4091 1632 4140 eorpore
1649 4090 1695 4140 per

353 4145 419 4210 alpes
436 4148 483 4196 diu
501 4149 528 4194 in
546 4147 645 4195 nisibus
663 4147 863 4198 ambulantium?
899 4147 1025 4212 Compone
1042 4148 1144 4199 herbam
1156 4165 1251 4200 summe
1265 4150 1375 4200 oaltdam
1386 4154 1411 4199 et
1422 4151 1514 4198 eiooam
1531 4162 1588 4198 oum
1599 4159 1696 4196 summe

353 4219 453 4268 humida
470 4221 497 4266 et
513 4216 607 4280 frigida
625 4222 691 4266 oerta
708 4221 881 4282 proportione,
900 4226 924 4270 et
941 4222 1044 4283 impone
1061 4217 1151 4286 ulosrl,
1170 4235 1187 4269 a
1205 4235 1279 4270 oausa
1297 4219 1387 4270 biliosa
1403 4218 1527 4288 profesto,
1553 4224 1580 4266 et
1595 4216 1694 4264 videbis

354 4288 411 4350 quid
428 4287 554 4337 riiseturis
571 4289 615 4338 sis.
651 4285 701 4336 Gur
724 4289 813 4338 ebullit
834 4288 894 4340 bilis
919 4293 946 4339 ln
972 4305 1072 4353 corpore
1094 4289 1203 4340 humano
1225 4293 1303 4340 affusa
1325 4297 1426 4352 repente
1443 4288 1547 4352 frigida,
1572 4287 1600 4334 in
1617 4286 1695 4333 nimie

353 4372 431 4420 aquae
448 4357 644 4418 ingurgitatione
661 4363 789 4410 aestuante
809 4373 909 4422 corpore
921 4361 1055 4410 universo?
1084 4357 1135 4409 Gur
1150 4369 1298 4422 rumpuntur
1313 4362 1378 4412 vitra
1389 4359 1512 4408 feruentia
1529 4356 1611 4404 affusa
1627 4367 1695 4415 aqua

354 4427 457 4488 ulgldn
494 4427 527 4475 Et
545 4440 667 4487 quaenam
685 4428 781 4489 reliqua
799 4436 863 4478 esset
880 4421 1042 4479 contrarietas
1060 4431 1086 4480 ln
1104 4432 1192 4496 rebus,
1215 4432 1237 4480 si
1254 4432 1302 4480 bae
1319 4431 1384 4479 duae
1403 4427 1538 4490 qualitates
1555 4421 1694 4473 calholica

354 4501 459 4548 emnium
478 4498 675 4560 auripatnlemm
694 4504 718 4546 ot
735 4500 931 4564 sympathiemm
952 4507 1002 4555 aire
1026 4515 1081 4549 cnm
1104 4499 1207 4562 reliquls
1235 4502 1332 4550 duabus
1355 4513 1446 4548 oausae
1469 4512 1482 4545 e
1504 4500 1596 4545 natura
1612 4505 1695 4544 rerum

353 4569 458 4629 positiva
476 4564 643 4616 tollerentur?
679 4567 749 4618 Unde
770 4577 839 4618 tuum
858 4566 967 4621 medium
992 4575 1016 4619 et
1033 4583 1141 4632 aequum
1166 4571 1289 4633 prodiret,
1314 4571 1364 4619 nisi
1387 4573 1452 4619 esset
1475 4567 1563 4615 barum
1588 4571 1694 4628 quatuor

353 4637 502 4699 qualitatum
529 4640 742 4704 contemperatio?
764 4641 813 4688 imo
838 4639 935 4689 nullum
959 4643 986 4690 ln
1004 4654 1085 4690 rerum
1108 4643 1200 4689 natura
1217 4641 1317 4690 daretur
1333 4641 1565 4702 temperamentum.
1606 4635 1693 4696 Vides,

354 4709 418 4769 quod
434 4713 592 4773 argumenta,
611 4710 701 4769 qulbus
717 4705 806 4758 eontra
823 4715 848 4758 te
865 4723 957 4776 pugno,
975 4711 1064 4760 saltem
1081 4711 1197 4759 lundam:
1216 4716 1244 4759 tu
1260 4708 1365 4759 ulterius
1381 4707 1505 4770 perpende
1523 4711 1555 4773 st,
1574 4706 1597 4754 sl
1613 4710 1693 4771 potes,

355 4785 431 4828 rrerte
450 4794 489 4829 ea.
526 4777 568 4845 dd
583 4780 657 4827 duem
675 4792 788 4845 propero,
806 4781 851 4829 ubi
867 4783 968 4830 unioum
986 4780 1068 4829 adhuo
1085 4793 1211 4833 monuero.
1249 4779 1358 4829 Nimium
1376 4777 1494 4826 audenter
1516 4782 1544 4825 tu
1560 4776 1695 4838 gomal-

355 4861 391 4900 ras
407 4853 520 4899 rationes
538 4847 660 4897 deiiceeti
682 4853 782 4913 praeter
803 4855 828 4899 et
845 4856 930 4900 oontra
946 4851 994 4900 Del
1012 4851 1128 4914 verbnm;
1150 4850 1217 4898 ratio
1235 4850 1335 4910 quidem
1354 4849 1452 4897 ourioas
1473 4849 1512 4901 lta
1535 4847 1584 4897 tibi
1602 4846 1694 4896 euaelt:

353 4918 477 4968 bonoad
495 4919 629 4979 lutarium
650 4919 698 4968 Det
716 4924 740 4968 et
756 4921 889 4984 praecipue
906 4923 991 4970 anima
1013 4923 1067 4984 etus
1085 4917 1186 4968 condita
1210 4923 1260 4984 eet,
1287 4925 1312 4967 et
1329 4915 1536 4979 quomadmodum
1558 4918 1586 4968 in
1609 4918 1696 4964 anima

354 4987 460 5037 bominis
479 4989 607 5050 mebetypi
625 4994 682 5048 eunt
699 4990 883 5039 harmoniarum
901 4992 1025 5053 omnium,
1046 4991 1081 5052 sio
1100 4993 1125 5037 et
1141 4990 1168 5037 in
1186 4989 1255 5050 Deo,
1282 4987 1349 5050 quod
1367 4993 1451 5038 autem
1468 4989 1497 5039 in
1513 4988 1567 5038 Deo
1585 4993 1635 5039 eet.
1658 4987 1696 5033 eat

355 5058 419 5107 Deus
437 5062 506 5122 ipse:
524 5071 583 5120 ergo
601 5059 745 5109 harmoniae
762 5066 787 5109 et
803 5063 966 5122 geometricae
984 5061 1092 5109 rationes
1104 5057 1159 5106 Deo
1178 5064 1236 5107 sunt
1247 5051 1393 5110 coaeternae
1409 5065 1434 5110 et
1447 5061 1513 5113 Dens
1527 5059 1588 5120 lpse.
1617 5053 1694 5105 Plan·

357 5129 435 5178 sibilie
453 5129 557 5192 quidem
574 5130 648 5186 rutlo.
666 5143 715 5191 que
733 5135 757 5179 et
775 5144 819 5192 ego
838 5137 919 5180 motus
938 5129 997 5180 olim
1016 5129 1125 5192 ejusdem
1144 5142 1211 5177 oram
1228 5130 1367 5179 „nunnae
1384 5135 1410 5178 et
1421 5132 1486 5180 hano
1502 5130 1623 5190 insignem
1642 5135 1695 5175 ease

257 5227 258 5272 3
356 5199 505 5260 sapientiam
523 5200 662 5266 eredebem,
681 5213 732 5262 qna
749 5203 834 5250 omnia
851 5201 965 5251 deliram
982 5205 1109 5263 poteram:
1127 5199 1154 5247 lu
1170 5200 1226 5262 lpao
1244 5200 1320 5267 enlm,
1337 5199 1392 5251 Deo
1409 5200 1504 5252 seilicet
1522 5199 1612 5260 (inquit
1624 5198 1694 5259 Apo·

403 5293 499 5346 rosen
512 5293 586 5346 ow·
599 5293 625 5337 v.
1519 5280 1538 5342 l
