4467 6192
929 680 1071 752 Apologia
1612 690 1674 749 sal

413 856 464 917 hd
488 858 672 937 Analysin
696 860 799 919 vm..
833 858 928 936 Quem
957 860 1004 920 hic
1035 861 1117 936 ieris,
1150 860 1303 922 Robsrtei
1329 870 1381 922 aut
1408 864 1474 939 quis
1503 878 1593 929 cama
1621 863 1677 921 tibi

323 947 396 1003 tanti
431 946 550 1006 motus?
594 948 668 1006 Nam
701 965 755 1025 ego
785 949 902 1025 quidem
933 949 1033 1025 procul
1064 968 1082 1008 a
1110 951 1169 1008 tuis
1200 951 1307 1009 ictibus
1336 953 1365 1007 iu
1388 950 1528 1027 angulum
1554 968 1606 1009 me
1627 966 1676 1009 re·

326 1032 459 1107 condidi;
488 1042 520 1093 at
547 1052 601 1094 nee
623 1052 741 1103 causam
770 1037 824 1095 tibi
846 1044 942 1095 textus
965 1050 1047 1095 meus
1070 1037 1219 1113 praebuit,
1248 1046 1280 1095 nt
1303 1039 1353 1112 qui
1382 1045 1496 1113 praeter
1519 1039 1676 1112 ingenuam

324 1121 553 1197 conleasionem,
584 1128 616 1181 nt
645 1125 753 1183 scirent
777 1124 921 1197 lectores,
951 1142 1030 1199 ,quac
1060 1143 1079 1182 a
1108 1142 1174 1184 meo
1202 1124 1279 1183 libro
1307 1133 1407 1201 petere
1438 1142 1496 1192 uon
1526 1125 1675 1197 deberent,

322 1208 394 1267 nihil
420 1204 568 1288 babet.⁴⁰)
627 1266 631 1274 ,
794 1276 797 1283 ,

411 1295 464 1354 Ad
488 1297 665 1374 Analysin
690 1297 746 1356 lX.
793 1298 830 1355 lit
846 1299 918 1372 quis
942 1306 1045 1372 negat,
1075 1306 1103 1357 te
1127 1300 1217 1357 etiam
1239 1299 1268 1355 in
1293 1298 1406 1358 theoria
1430 1306 1592 1369 versatum,
1621 1297 1675 1357 sed

325 1382 460 1441 inlibris
483 1384 651 1460 prioribus?
696 1383 768 1461 Quis
791 1382 926 1445 dedecori
950 1386 1002 1443 tibi
1028 1403 1090 1445 esse
1114 1389 1217 1461 praxiu
1240 1385 1354 1461 garrit?
1398 1385 1515 1461 Dignus
1531 1384 1675 1460 equidem,

323 1472 506 1547 quiscunque
529 1474 566 1529 sit
590 1471 767 1545 audaculus,
794 1490 852 1532 non
876 1480 927 1531 tua
949 1483 1078 1545 tantum,
1107 1472 1159 1535 sed
1183 1482 1220 1533 et
1240 1490 1306 1533 mea
1328 1475 1421 1549 ipsius
1447 1476 1498 1531 ira
1544 1471 1621 1546 Quin
1645 1481 1675 1531 et

323 1575 425 1617 omnes
446 1558 563 1633 predas
584 1560 776 1619 eccellentiae
799 1562 853 1619 tibi
876 1559 1032 1636 perlubens
1055 1561 1093 1619 ob
1117 1561 1193 1619 banc
1214 1563 1316 1635 praxin
1340 1562 1467 1635 assigno.
1512 1558 1674 1634 Transiga-

321 1658 387 1703 mna·
412 1653 442 1705 et
465 1644 575 1704 detera:
606 1647 791 1723 Pythagoras
813 1647 986 1707 malleomm
1009 1650 1083 1707 ictus
1106 1647 1303 1707 consideravit
1331 1655 1400 1707 unte
1423 1664 1528 1707 cauam
1549 1649 1675 1707 musices

322 1734 475 1801 inventas,
506 1741 535 1791 et
559 1743 653 1793 tamen
677 1732 824 1815 Robertus
847 1734 935 1793 bodie
959 1734 1046 1793 tradit
1069 1722 1261 1793 iustrumenta
1283 1752 1374 1807 nova,
1402 1733 1548 1812 Keplcrus
1563 1750 1675 1793 causas

321 1840 340 1878 a
364 1820 536 1896 Pythagora
559 1820 652 1881 dictas
677 1822 723 1879 vel
749 1821 888 1881 convellit
910 1822 1073 1881 rationibus
1097 1822 1143 1879 vel
1167 1822 1311 1881 emendat.
1355 1820 1483 1879 Rursum
1510 1837 1569 1879 non
1591 1821 1674 1881 solus

321 1908 470 1966 Robertus
500 1910 646 1984 experitur
676 1927 779 1986 manu,
814 1926 871 1967 non
895 1926 989 1967 meras
1012 1908 1157 1984 chlerus
1188 1910 1271 1968 affert
1298 1907 1529 1984 speculationes,
1564 1908 1676 1967 orditur

322 1996 400 2053 enim
425 2001 455 2053 et
478 1996 540 2073 ipse
563 2014 581 2053 a
604 1999 773 2065 manuario,
806 1996 928 2055 adhibet
949 1996 1078 2055 chordae
1095 1998 1264 2070 plectrum,
1289 2014 1460 2070 campanae
1480 1995 1674 2069 marculum,-

320 2082 506 2143 cbordcrum
529 2087 725 2158 proportione
746 2086 959 2143 coruonnnties
981 2085 1135 2152 enucleat,
1159 2092 1291 2143 motuum
1314 2083 1486 2143 coelestium
1508 2085 1675 2159 proportio·
1745 2130 1754 2137 .

321 2186 373 2229 nea
397 2173 554 2243 examinat,
578 2172 729 2230 meliorem
756 2174 838 2229 υιαιιι
860 2188 923 2228 non
938 2172 1062 2229 inuenit.
1109 2169 1192 2229 Haec
1208 2173 1316 2241 omnia,
1340 2169 1476 2243 Roberte,
1497 2180 1566 2227 snut
1580 2172 1674 2228 utrin-

321 2274 380 2331 qne
404 2260 435 2315 in
459 2258 609 2333 conless03
634 2265 664 2317 et
686 2268 787 2316 tamen
806 2267 838 2316 nt
861 2257 896 2315 de
916 2251 1031 2331 potiore
1055 2274 1155 2317 verum
1178 2265 1207 2316 et
1229 2258 1287 2317 boc
1305 2267 1357 2329 est,
1381 2261 1428 2317 me
1450 2274 1503 2333 pro
1526 2275 1570 2329 eo,
1595 2256 1674 2333 quod

324 2348 384 2403 tuis
399 2346 600 2403 instrumentis
616 2344 688 2404 liber
703 2363 784 2403 meus
799 2354 904 2415 careat,
930 2347 1186 2403 consonantiarum
1202 2362 1307 2403 causas
1324 2347 1381 2403 mei
1398 2345 1500 2404 lectori
1514 2354 1673 2420 praestate.

411 2431 571 2507 Pergamus
599 2432 736 2491 rrlterius:
773 2440 802 2490 et
831 2447 934 2489 causas
965 2448 1075 2506 quaero
1104 2435 1360 2491 consonantiarum
1395 2441 1424 2491 et
1452 2433 1675 2493 mathematicas
1783 2426 1788 2437 ⁴

324 2519 590 2578 demonstrationes
622 2522 779 2590 concinunt
808 2518 856 2577 bic
886 2520 962 2577 enim
995 2536 1064 2577 usus
1096 2519 1154 2577 illis
1176 2522 1281 2594 potior.
1329 2520 1505 2579 Demonstro
1537 2519 1675 2595 equidem

321 2609 350 2663 in
376 2607 542 2679 abstracto,
574 2608 628 2663 nisi
654 2606 732 2681 quod
755 2623 843 2681 super
866 2606 982 2677 charta,
1013 2604 1065 2665 sed
1089 2606 1207 2683 applico
1230 2606 1429 2666 demonstrata
1451 2610 1612 2680 concretis,
1644 2607 1675 2666 id

324 2700 370 2753 est
398 2694 541 2768 subjectis
569 2692 713 2769 physicis,
742 2694 869 2759 motibus
899 2692 1013 2751 scilicet
1041 2710 1204 2771 corporum.
1251 2696 1288 2753 Et
1308 2703 1407 2768 tamen
1438 2696 1586 2756 abstractu
1607 2713 1676 2754 mea

320 2788 390 2840 sunt
412 2780 520 2840 similia
543 2780 600 2838 illis
624 2783 782 2851 concretis,
815 2780 885 2839 bihil
911 2782 987 2837 enim
1009 2784 1103 2855 magis
1126 2789 1170 2839 est
1198 2781 1250 2839 alii
1271 2782 1382 2851 simile,
1412 2798 1501 2857 qnam
1524 2784 1676 2858 antitypns

319 2884 376 2927 suo
402 2874 484 2944 typo.
530 2868 674 2927 Gonvenit
697 2876 727 2925 et
756 2868 791 2927 de
814 2867 870 2926 bia.
916 2865 992 2925 Illud
1016 2868 1111 2927 solnm
1140 2877 1239 2928 manet
1266 2871 1295 2925 in
1319 2886 1423 2929 eausa:
1452 2868 1590 2946 physicos
1612 2871 1675 2929 sine

320 2954 465 3013 mathesis
495 2972 550 3030 opo
583 2972 733 3014 causarum
762 2957 805 3013 ais
837 2956 1055 3030 inquisitionem
1084 2957 1190 3016 iecisse
1218 2973 1270 3032 per
1305 2958 1459 3032 principia*
1476 2958 1586 3033 priora;
1616 2974 1674 3031 ego

321 3046 350 3099 in
382 3040 470 3099 nudis
498 3044 687 3114 substantiis,
719 3045 781 3101 siue
811 3042 1005 3101 accidentium
1035 3044 1240 3115 internunciis,
1264 3046 1406 3118 negotiari
1428 3060 1505 3117 nego
1533 3043 1673 3119 possibile

321 3131 473 3205 cuiquam,
498 3131 572 3193 iuter.
594 3128 757 3187 accidentia
782 3147 850 3193 vero
873 3132 996 3204 primum
1020 3128 1113 3203 genus
1137 3135 1333 3205 quantitatum
1347 3148 1382 3188 ex
1402 3128 1558 3189 Aristotele
1574 3129 1673 3202 didici,

318 3216 438 3289 reliqna
461 3218 559 3276 omnia
580 3218 752 3293 posteriora.
799 3217 904 3289 Negas,
931 3225 1043 3275 veteres
1067 3217 1105 3275 ab
1129 3226 1191 3276 arte
1214 3219 1243 3274 iu
1266 3227 1357 3276 auem
1380 3219 1593 3287 transcurrisse,
1617 3234 1673 3291 ego

319 3322 338 3363 a
360 3303 490 3362 Platone
513 3303 611 3375 didici,
635 3307 766 3379 geminas
789 3320 853 3363 esse
876 3304 938 3363 alas
955 3307 1159 3372 astronomiae,
1183 3308 1374 3377 geometriam
1396 3314 1425 3363 et
1445 3303 1691 3387 arithmeticam,

320 3392 460 3467 quamvis
483 3389 534 3449 illa
565 3390 600 3451 ds
621 3391 779 3451 sensilibus
803 3399 887 3465 agat,
918 3393 993 3449 istae
1016 3390 1051 3451 de
1074 3392 1239 3451 abstractis.
1285 3390 1351 3466 Quo
1374 3394 1468 3466 magis
1498 3401 1578 3449 tuam
1601 3408 1673 3451 cou-

319 3479 484 3539 clusionem
509 3480 603 3551 miror,
627 3488 660 3538 nt
682 3496 757 3553 quae
781 3478 1037 3537 contradictorium
1061 3482 1285 3555 praemissarum
1298 3480 1455 3553 subsumit,
1478 3480 1674 3539 harmoniam

318 3575 347 3625 et
369 3565 592 3625 matiremata'eis
611 3567 747 3641 indigere
768 3573 796 3625 et
816 3566 946 3642 physicis
968 3566 1190 3625 calcaneorum
1207 3571 1422 3639 inventionem,
1445 3565 1593 3626 addideris
1608 3583 1674 3629 reu-

320 3654 436 3711 tissime
460 3652 675 3730 metaphysicis.
724 3654 759 3711 Et
783 3651 866 3711 addis
889 3651 1092 3727 quidem:‘ais
1114 3655 1201 3724 enim,
1225 3664 1320 3712 ortum
1343 3654 1562 3714 intervallorum
1587 3671 1673 3730 spec·

319 3750 383 3801 lare
407 3742 502 3814 magis
525 3740 563 3799 ad
586 3740 690 3819 physin
713 3743 827 3799 ratione
850 3758 921 3800 suae
943 3749 1066 3799 naturae
1090 3742 1238 3819 occultae,
1271 3760 1359 3817 quam
1388 3742 1426 3800 ad
1455 3742 1617 3813 mathesin,
1647 3742 1673 3798 si

319 3832 467 3887 internum
490 3827 554 3902 ejus
576 3830 751 3905 principium
775 3822 972 3902 inspiciamus.
1018 3826 1130 3903 Physin
1154 3829 1252 3903 procul
1278 3829 1368 3888 dubio
1392 3830 1480 3899 dicis,
1504 3846 1592 3902 quam
1616 3844 1673 3902 ego

318 3914 564 3992 metaphysicam.
608 3915 683 3975 Nam
706 3917 867 3991 subjungis,
892 3932 1028 3973 areanum
1054 3916 1116 3989 ejus
1149 3918 1308 3976 consistere
1339 3918 1367 3973 in
1390 3915 1552 3992 spiritualis
1575 3925 1672 3973 mate·

319 4007 384 4061 riae
408 4001 570 4073 divisione,
600 4003 683 4078 cnjus
706 4002 817 4061 divisor
839 4004 877 4061 sil
898 4004 1011 4073 anima,
1046 4010 1130 4061 actus
1153 4005 1284 4063 canentis
1307 4002 1354 4062 vel
1377 4002 1529 4079 pulsantis.
1574 4001 1670 4061 Multo

319 4088 402 4149 malo
427 4089 577 4151 commode
600 4100 652 4149 tua
674 4092 870 4166 interpretari,
894 4106 982 4165 quam
1012 4091 1196 4147 occasionem
1219 4090 1361 4165 arguendi
1383 4107 1532 4167 quaerere.
1578 4089 1671 4165 Igitur

319 4194 463 4255 arcannm
487 4176 619 4252 intelligo
641 4178 767 4235 sormam*
793 4186 822 4236 et
844 4180 999 4236 essentiam
1023 4179 1298 4253 contemperationis
1330 4177 1515 4237 harmonicae
1545 4179 1574 4234 in
1597 4174 1671 4235 Ter-

318 4282 394 4325 ram.
441 4259 475 4321 Id
499 4263 579 4324 disco
608 4282 672 4324 esse
695 4266 885 4339 spiritualem
906 4266 1085 4338 molarium
1115 4264 1376 4325 sanabarmonias
1404 4275 1434 4324 et
1463 4280 1518 4338 ego
1542 4280 1670 4339 agnosco

319 4370 374 4413 ens
398 4352 531 4422 rationis,
554 4354 628 4412 ratio
652 4368 721 4411 vero
745 4351 894 4427 spirituale
918 4354 1067 4429 quippiam
1091 4359 1143 4411 est.
1188 4352 1453 4427 Ejusds'uiaienem
1468 4349 1599 4425 intelligo
1614 4366 1670 4425 ego

319 4440 528 4498 discretionem
551 4440 628 4515 ejus,
661 4438 739 4513 quorl
769 4439 1051 4507 enharmonicum,
1081 4457 1179 4498 anon
1203 4440 1380 4511 harmonico.
1426 4439 1598 4496 Diviserem
1625 4439 1670 4494 ais

318 4526 488 4586 enimam?
535 4526 572 4585 Et
602 4530 664 4603 ipse
693 4526 767 4585 libro
797 4526 937 4585 meoli.
966 4528 1046 4602 prius
1076 4528 1204 4586 animam
1235 4528 1301 4587 inde
1335 4546 1353 4584 a
1383 4529 1428 4589 aui
1456 4527 1601 4591 seraone
1632 4523 1670 4581 ad

318 4612 491 4689 exemplum
514 4614 585 4683 Dei,
620 4614 665 4671 sui
694 4614 862 4689 archetypi,
895 4614 970 4674 lucio
1001 4623 1166 4691 compotem
1194 4615 1376 4673 formationis
1405 4627 1529 4671 arcanae
1551 4610 1671 4670 harmo-

317 4704 423 4771 nicae,
450 4702 606 4777 impressas
630 4701 671 4758 illi
695 4702 808 4760 seilicet,
828 4701 910 4759 ideas
933 4700 1168 4778 harmoniarum,
1197 4717 1319 4777 quarum
1342 4699 1537 4774 applicatione
1565 4698 1602 4765 ad
1625 4716 1670 4771 ea,

321 4804 403 4865 quae
426 4804 603 4863 persensus
627 4788 798 4851 offeruntur.
815 4788 1018 4851 harmonicum
1042 4804 1141 4845 anon
1164 4787 1332 4846 harmonico
1355 4785 1542 4844 discernatur.
1587 4783 1670 4843 Hac-

318 4886 408 4937 tenus
430 4878 521 4951 igitur
543 4876 631 4933 inlers
654 4878 682 4935 in
705 4873 900 4945 conclusione,
926 4874 1003 4948 quod
1027 4875 1054 4929 in
1079 4875 1245 4949 praemissis
1262 4880 1400 4949 negatum
1412 4872 1491 4938 ibas,
1514 4889 1568 4931 nee
1582 4872 1669 4933 lacile

318 4972 358 5035 tc,
383 4978 422 5021 ne
445 4979 482 5023 ex
505 4963 693 5037 sequentibus
717 4960 835 5037 quidem
858 4960 1135 5021 contradictionibus
1158 4960 1295 5032 exsolvo,
1332 4960 1386 5017 nisi
1404 4968 1434 5017 tu
1462 4976 1508 5017 me
1531 4959 1665 5033 adjuves.

321 5052 449 5111 Dixeras
475 5057 583 5135 nemeen
606 5050 645 5110 ab
668 5057 734 5111 rrrte
755 5052 789 5108 in
812 5055 910 5107 ortem
931 5065 995 5107 non
1017 5046 1200 5121 duarenus,
1222 5048 1413 5126 jamaaseria,
1436 5047 1501 5107 ilios
1522 5054 1671 5108 natarent
1749 5096 1760 5113 .
