4467 6192
544 657 584 719 gg
977 641 1193 714 benignarum
1210 641 1430 700 Harmonicnrum

544 818 811 957 οοωειεεεῗεεέῦὲἓι
828 831 865 874 so.
880 813 942 892 sola
958 816 1091 887 potentia,
1110 815 1145 874 ad
1162 816 1268 874 tertiam
1285 815 1414 887 adquam,
1432 823 1492 882 sola
1507 823 1629 896 potentia
1645 823 1868 884 commensurabi.

542 907 596 964 lem
648 918 681 959 nc
802 904 819 960 l.

613 903 686 1039 (Filias
710 985 765 1036 tres
787 976 862 1046 bigas
880 973 981 1045 duplici
1001 987 1098 1044 genere
1121 971 1260 1046 planorum
1278 973 1417 1034 dietindas
1435 979 1561 1042 Euclides
1587 983 1675 1046 obsid
1700 981 1870 1055 potIssimum

545 1067 624 1124 docet
639 1059 765 1125 invenus,
784 1057 847 1128 quia
862 1054 965 1111 iaciunt
981 1053 1016 1109 ed
1033 1053 1253 1124 compositionem
1266 1059 1293 1108 et
1304 1059 1520 1122 constitutionem
1532 1064 1681 1133 specierum
1693 1063 1869 1136 sequentium.

631 1136 705 1198 XX.
727 1133 923 1195 Definitio.
966 1129 1043 1206 Ergo
1065 1130 1203 1190 scientiae
1226 1127 1333 1206 gradem
1355 1139 1475 1200 octavus
1497 1155 1533 1200 ex
1553 1141 1718 1218 praemissis
1740 1140 1870 1217 Interpo-

545 1230 610 1292 sitIs
642 1225 788 1286 derivetur
818 1227 919 1296 estque
952 1217 1094 1278 linearum
1123 1217 1226 1276 iterum
1252 1217 1456 1300 singularium,
1484 1225 1536 1288 sed
1562 1245 1637 1304 quae
1663 1229 1871 1308 compositione

546 1317 668 1378 duorum
689 1311 847 1384 neminum,
870 1324 910 1367 sc
933 1305 1055 1370 duarum
1077 1302 1277 1380 copulatarum
1299 1321 1334 1367 ex
1355 1311 1595 1396 praecedentibus
1610 1315 1729 1394 copulis,
1751 1314 1803 1377 sel
1818 1315 1872 1380 eb·

547 1404 703 1467 structione
723 1399 824 1471 uuida,
846 1394 1071 1474 epbarmorneas
1093 1390 1202 1467 dictae,
1226 1392 1263 1453 ab
1286 1393 1377 1456 ultera
1397 1401 1489 1476 socia,
1513 1405 1740 1478 constituuntur,
1763 1420 1873 1464 noram

547 1491 675 1570 speciem
696 1486 844 1547 iacientes.
875 1478 916 1543 Ut
936 1483 980 1543 sic
1000 1483 1030 1541 in
1052 1479 1099 1539 his
1122 1479 1246 1541 sciemus
1268 1497 1320 1542 seu
1341 1501 1539 1550 mensuremus
1554 1507 1612 1552 non
1627 1493 1753 1569 integras
1767 1491 1871 1567 lineas,

546 1597 605 1640 non
628 1580 802 1653 Integrernm
826 1568 984 1650 quadratu,
1007 1583 1065 1627 nou
1085 1568 1156 1628 bins
1176 1569 1402 1652 uniuscujusque
1424 1579 1557 1654 nomina,
1580 1579 1632 1640 sed
1654 1597 1756 1644 eorum
1771 1579 1875 1658 juneta

547 1664 689 1746 quadrata
709 1670 739 1724 et
760 1675 911 1723 commum
930 1654 1138 1733 restinguam,
1160 1662 1193 1717 nt
1205 1657 1443 1736 praecedentibus
1456 1663 1572 1726 XVIII.
1588 1665 1678 1728 XIX.
1716 1667 1752 1726 Et
1767 1684 1873 1744 quam-

547 1757 592 1816 vis
615 1751 734 1814 totIdem
755 1749 894 1811 scientim
915 1743 1021 1824 greum
1043 1760 1193 1806 numerare
1214 1751 1379 1824 possemus,
1410 1760 1482 1828 quot
1510 1760 1578 1815 sunt
1607 1755 1720 1816 suturae
1749 1756 1872 1833 speeies,

548 1859 669 1921 quarum
690 1853 803 1915 semper
823 1836 902 1912 prior
924 1839 969 1896 est
989 1833 1148 1910 posteriore
1170 1833 1307 1909 nobilior,
1331 1837 1400 1913 quia
1422 1845 1517 1902 tamen
1540 1841 1687 1919 quaelibet
1701 1844 1872 1920 compositio

547 1931 595 1992 vei
617 1927 776 1991 abstractio
798 1922 836 1983 ad
858 1938 942 1982 suum
963 1919 1085 1998 gradum
1106 1922 1234 1998 respicit,
1265 1937 1319 1984 nee
1343 1926 1407 2001 ipso
1430 1931 1647 2006 compositionir
1669 1930 1717 1990 sel
1739 1929 1874 1990 abstrac-

547 2019 634 2080 tionis
657 2031 745 2093 opere
767 2011 951 2073 constituitur
972 2007 1034 2068 nlla
1053 2006 1221 2083 diversitas,
1253 2009 1307 2070 sed
1338 2027 1437 2074 omnes
1463 2033 1495 2077 se
1523 2016 1632 2078 hubent
1660 2033 1813 2094 exaequo
1836 2015 1875 2077 ad

546 2123 617 2167 suas
637 2103 786 2165 nominum
807 2115 860 2160 aen
881 2097 1088 2159 elementorum
1109 2096 1210 2174 bigae:
1241 2095 1307 2159 Ideo
1336 2116 1425 2160 uuum
1447 2103 1541 2165 solum
1563 2121 1662 2166 earum
1682 2104 1804 2184 gradum
1827 2104 1874 2168 ia·

547 2195 662 2265 ciamus,
692 2188 743 2250 scd
765 2187 878 2265 species
898 2186 962 2262 eJus
978 2186 1109 2245 sciamus
1131 2183 1282 2247 nobilitate
1304 2185 1463 2251 dlstinetas.

634 2276 723 2341 XXI.
746 2265 979 2352 Propositlo.
1022 2269 1178 2332 &lendum
1201 2278 1246 2333 est
1267 2281 1380 2350 antem,
1403 2293 1439 2338 ex
1460 2257 1670 2344 duabus⁶inter
1690 2298 1722 2342 se
1743 2279 1877 2358 longitu-

547 2368 614 2430 dine
637 2361 942 2428 commensurabtiibus
963 2358 1036 2420 nihil
1057 2358 1135 2434 lieri,
1165 2358 1245 2437 quod
1270 2361 1318 2423 bic
1344 2365 1375 2422 in
1397 2381 1513 2429 mosum
1536 2371 1635 2432 renim
1657 2368 1779 2433 debeat:
1811 2371 1875 2432 sire

547 2454 676 2518 eilabiles
698 2452 766 2515 ibae
787 2452 910 2524 luerunt,
934 2451 997 2509 sive
1019 2463 1126 2521 meses,
1149 2449 1212 2509 sive
1233 2449 1427 2527 ignobiliores.
1519 2481 1522 2488 ·

632 2538 702 2595 Nam
719 2536 744 2592 si
759 2531 1012 2591 commensurabiles
1027 2530 1206 2599 longitudine,
1231 2536 1290 2588 tote
1311 2533 1391 2590 etiam
1411 2550 1446 2593 ex
1467 2535 1501 2593 iis
1518 2538 1666 2609 composite
1683 2538 1735 2594 erit
1750 2537 1875 2611 partebus

546 2614 799 2674 commensurabilis.
833 2612 917 2682 seui
945 2623 1015 2682 qnae
1040 2607 1141 2692 effabili
1166 2613 1406 2691 commensuratur,
1433 2613 1546 2673 effabilis
1562 2623 1618 2684 est,
1640 2632 1690 2688 per
1706 2617 1877 2674 definitiones

546 2701 609 2754 aute
625 2693 660 2750 X.
677 2694 722 2752 20.
739 2692 817 2749 Eun.
852 2690 1008 2760 Quaerere
1025 2703 1115 2744 mesae
1133 2691 1387 2764 commensurabilis,
1405 2700 1448 2750 est
1463 2710 1537 2768 mese
1554 2711 1602 2766 per
1619 2696 1661 2754 et
1679 2696 1808 2765 ejusdem.
1838 2697 1878 2752 Et

546 2789 616 2847 quae
633 2769 729 2842 cuique
746 2787 781 2826 ex
794 2770 851 2840 jam
869 2767 1001 2824 secuturis
1018 2765 1198 2824 nominibus
1216 2775 1279 2839 post
1293 2785 1382 2828 meses
1400 2774 1657 2841 commensurabilis,
1674 2774 1795 2844 dumam
1813 2789 1877 2832 oum

546 2856 594 2913 illa
611 2851 710 2923 speciei
727 2855 783 2915 est,
809 2853 859 2917 per
876 2846 992 2915 tit-⁷0,
1020 2846 1164 2905 103-107.
1199 2849 1237 2905 Et
1258 2849 1298 2905 sic
1316 2856 1358 2907 est
1374 2851 1454 2909 etiam
1473 2868 1533 2908 cum
1550 2852 1610 2909 eliis
1630 2852 1770 2924 speciebus
1788 2868 1877 2910 ramo·

546 2933 669 3001 tIoribus,
686 2929 721 2986 ab
737 2926 850 2985 Euclide
866 2941 921 2982 nou
938 2928 1160 2996 commemoratis,
1178 2944 1247 2997 quae
1264 2930 1363 3000 medus
1380 2931 1536 2987 remotiores
1549 2931 1659 2988 iaciunt.
1686 2931 1726 2988 Ac
1743 2929 1795 2988 etsi
1813 2946 1877 2986 curn

545 3015 579 3072 iis
596 3011 706 3070 nonita
720 3015 807 3073 esset,
832 3006 861 3063 id
877 3013 967 3062 tumen
984 3005 1020 3060 ad
1044 3020 1094 3062 nos
1111 3005 1178 3061 nihil
1204 3007 1328 3076 pertinet
1362 3008 1418 3066 Aut
1435 3011 1505 3067 enim
1529 3011 1654 3068 recidunt
1669 3011 1698 3070 in
1715 3026 1796 3070 unam
1814 3025 1877 3082 spe·

547 3093 661 3160 ciorum,
680 3103 747 3160 quas
760 3087 819 3157 jem
837 3085 1027 3143 constituemus
1045 3099 1079 3140 ex
1094 3084 1419 3154 iucommeusmebilibus‚
1438 3096 1466 3145 et
1482 3090 1521 3146 sic
1537 3105 1593 3146 non
1610 3094 1709 3159 augent
1725 3107 1876 3161 numerum,

545 3178 594 3227 aut
610 3170 713 3228 iaciunt
728 3166 833 3238 species
849 3164 1020 3236 ignobiliores
1037 3163 1140 3221 velsui
1156 3164 1199 3221 rel
1216 3164 1327 3223 alterins
1344 3167 1458 3241 generis,
1477 3167 1555 3226 etsie
1572 3183 1627 3225 uon
1638 3174 1702 3225 sunt
1712 3168 1795 3240 hujus
1813 3169 1877 3244 loci,

545 3250 593 3308 ubi
609 3249 708 3319 gradem
725 3246 852 3303 struimus
869 3243 1022 3316 praemissis
1037 3243 1174 3314 proximos
1191 3244 1339 3301 nobilitate.
1574 3253 1578 3259 '
1617 3301 1623 3308 ,

633 3321 739 3383 XXII.
762 3321 969 3382 Definitio.
1012 3318 1201 3379 Ibausmbsis
1223 3321 1310 3398 igitur
1327 3321 1381 3398 iis,
1405 3339 1480 3400 quae
1501 3331 1571 3384 smrt
1589 3321 1770 3401 longitudine
1792 3340 1878 3385 eom·

545 3410 768 3485 mensurabiles,
798 3405 970 3470 accedamus
998 3405 1037 3467 ed
1064 3423 1128 3480 eas,
1158 3423 1234 3484 quae
1261 3406 1325 3468 sola
1345 3413 1477 3488 potentie
1500 3418 1569 3472 sunt
1590 3411 1875 3474 commensurabiles.

545 3501 638 3578 igitur
651 3501 677 3558 si
692 3503 900 3575 componantur
914 3494 988 3556 tales
1002 3493 1077 3556 duae
1092 3493 1231 3569 eiiabiies,
1252 3493 1285 3556 iit
1299 3495 1520 3563 binominis:
1543 3501 1588 3560 siu
1602 3498 1814 3574 abstrahantur,
1840 3517 1878 3564 ex

545 3587 645 3648 relicto
667 3585 699 3645 iit
721 3590 913 3662 apotome:
935 3582 1085 3660 utriusque
1107 3599 1159 3643 sex
1180 3589 1248 3642 sunt
1268 3587 1380 3661 species
1402 3585 1607 3648 subordinatas
1628 3581 1681 3665 (X.
1705 3587 1755 3647 84.
1779 3583 1854 3666 85.).

631 3673 682 3735 Sin
704 3680 802 3734 entem
823 3672 896 3734 tales
920 3669 994 3732 duae
1015 3687 1112 3731 mesae
1135 3679 1350 3750 componuntur,
1374 3681 1426 3735 aut
1447 3674 1561 3736 cilublle
1582 3675 1737 3737 formantes
1758 3683 1878 3735 motan-

545 3759 646 3840 gnlurn
667 3769 719 3822 aut
733 3776 850 3821 meson:
872 3758 946 3821 iinnt
960 3759 1168 3836 compositione
1190 3758 1426 3838 bimediales,
1449 3763 1643 3824 abstractione
1658 3779 1753 3825 meres
1768 3769 1878 3841 apoto·

545 3867 619 3925 mue,
641 3849 702 3910 illic
722 3850 842 3926 priores,
863 3847 911 3909 bic
932 3848 1105 3926 posteriores
1128 3849 1357 3925 cognomInatee.

508 4012 512 4023 .
629 3935 688 4008 liic
710 3936 885 4014 conjungere
905 3953 964 3996 uon
984 3934 1055 3997 licet
1075 3933 1220 3998 eiiabilem
1242 3953 1306 3997 cum
1327 3953 1421 3999 meses
1444 3943 1511 3998 suut
1526 3939 1601 4009 enim
1616 3937 1690 4000 tales
1705 3937 1780 3998 duae
1802 3939 1877 3998 aim·

544 4024 658 4106 pliciter
678 4022 989 4099 iucommeusurabilas,
1012 4023 1047 4086 de
1070 4039 1129 4102 quo
1151 4033 1255 4102 genere
1273 4023 1335 4102 jem
1357 4026 1541 4102 Insequenti
1562 4024 1706 4103 mendum
1727 4031 1781 4086 est

629 4111 750 4172 XXIII.
771 4111 1008 4191 Propositio.
1050 4111 1174 4173 Restare
1195 4114 1284 4189 igitur
1303 4112 1391 4191 plane
1412 4114 1485 4174 inter
1506 4130 1538 4174 se
1558 4109 1875 4175 incommensurabiles.

544 4195 589 4263 lix
611 4201 648 4261 iis
670 4217 740 4262 vero
762 4199 878 4278 aliquae
899 4189 990 4279 bigae'
1006 4202 1162 4279 requiritos
1190 4200 1307 4262 effectus
1335 4209 1482 4280 praestare
1504 4217 1561 4263 non
1584 4209 1722 4280 possunt,
1753 4205 1786 4286 ut
1807 4206 1878 4261 sunt

543 4289 630 4352 binae
652 4305 759 4361 mesae,
781 4289 851 4349 item
873 4305 932 4349 uua
952 4305 1031 4351 mese
1053 4305 1199 4365 eumuna
1221 4286 1337 4349 effabili.
1462 4290 1466 4296 '

569 4413 574 4420 .
628 4371 694 4428 illae
712 4371 819 4442 quidem
836 4369 1045 4443 propterbigae
1061 4369 1268 4443 ignobilitatem,
1291 4371 1361 4426 istae
1384 4385 1446 4426 vero
1469 4375 1581 4442 propter
1602 4385 1666 4427 suas
1689 4369 1877 4441 dIscrepentes

542 4459 661 4508 naturas.
694 4450 763 4507 Vide
780 4451 813 4507 X.
832 4451 874 4506 7¹.
894 4452 951 4508 108.
968 4452 1027 4509 109.
1045 4452 1123 4507 Encl.
1158 4451 1241 4509 Nulla
1265 4451 1347 4520 igitur
1363 4450 1467 4522 species
1485 4449 1685 4522 compositionis
1702 4450 1765 4506 binc
1781 4456 1877 4521 potest

542 4532 655 4604 mucul,
672 4537 829 4600 munique
845 4529 924 4586 uobis
940 4529 1241 4602 Ignobilioresgtantum,
1259 4530 1375 4588 exclusis
1393 4537 1421 4587 et
1438 4529 1589 4590 eiinbillbus
1607 4534 1634 4584 et
1650 4528 1741 4585 mosis.

628 4621 747 4684 XXIV.
770 4619 997 4700 Propositio.
1033 4621 1077 4681 Ex
1098 4623 1168 4701 biga
1189 4640 1259 4685 sero
1281 4625 1374 4704 primu
1395 4623 1497 4684 talium
1518 4621 1605 4700 plane
1627 4622 1883 4681 insumentum--

513 4747 517 4756 ι
542 4706 655 4785 blllnm,
679 4726 719 4770 sc.
742 4726 819 4788 qnae
840 4711 958 4769 suntin
979 4712 1139 4787 praemissa
1159 4710 1260 4772 XVII.
1283 4711 1399 4774 scibiles
1422 4710 1514 4789 gradu
1536 4712 1650 4788 quieto,
1674 4707 1876 4788 componendo

543 4795 909 4860 abstrahendoserursum
930 4798 1059 4859 amciter
1080 4798 1218 4876 effabilis3
1240 4807 1364 4882 suntque
1385 4799 1548 4860 necessario
1571 4797 1726 4858 binominis
1748 4803 1779 4857 et
1800 4813 1877 4875 apo·

542 4892 630 4961 mmo,
645 4882 714 4956 vide
729 4883 771 4944 X.
791 4887 861 4947 lli.
880 4886 950 4946 lid.
970 4887 1040 4945 114.
1060 4884 1199 4947 Eucliiis.
1237 4884 1277 4949 Ut
1289 4888 1315 4948 si
1337 4893 1499 4952 etsemma
1521 4883 1727 4962 quadratorum
1747 4884 1877 4945 binomi-

435 4975 442 4988 '
542 4976 589 5035 nts
610 4979 641 5036 et
662 4977 829 5049 apotomes,
859 4978 890 5033 et
911 4988 1063 5035 commune
1083 4973 1284 5054 reetangulum
1312 4973 1370 5036 iliis
1393 4977 1437 5037 'est
1459 4971 1588 5048 effabile,
1609 4977 1733 5052 oportet
1754 4974 1876 5032 nomina

542 5060 661 5141 singule
682 5059 768 5122 unius
789 5060 954 5123 nominibus
974 5059 1097 5140 siugulis
1119 5063 1238 5126 alterius
1262 5080 1327 5127 esse
1346 5061 1633 5138 commensurpbilie,
1661 5057 1741 5142 qued
1761 5058 1876 5120 uendit

542 5151 577 5222 ln.
594 5147 727 5216 omuibus
748 5147 943 5211 binominlbus
964 5156 995 5212 et
1016 5151 1168 5231 apotemlo.
