4467 6192
546 672 608 731 386
1053 664 1202 725 Ptolemaei
1218 666 1373 724 Harmonia

545 863 658 906 summa
689 844 848 907 mediarum
878 852 907 904 et
933 845 1032 905 intima
1060 844 1283 923 disjunctarum,
1312 847 1511 924 positionibus
1540 845 1825 925 quadrangulatim
1852 862 1881 903 ex

545 939 668 1009 utroque
691 934 882 1009 oppositionis
913 930 1071 1014 latmew),
1106 942 1138 993 ut
1169 942 1238 994 sunt
1265 936 1294 992 iu
1317 934 1400 993 Luna
1423 935 1553 995 biseciae
1580 936 1703 1011 species,
1732 940 1764 992 et
1795 931 1881 991 ulter

545 1018 875 1097 quidemconlignratio
898 1021 935 1080 ab
959 1028 1023 1079 ortu
1046 1021 1188 1099 cujusque
1203 1020 1314 1095 sideris,
1338 1024 1418 1081 etin
1444 1022 1527 1081 Luna
1549 1025 1643 1100 prima
1662 1020 1786 1097 quadra,
1809 1034 1883 1079 com·

545 1116 663 1184 paretur
684 1098 868 1167 tetrachordo
891 1125 1083 1167 summarum:
1115 1112 1186 1184 qnia
1208 1126 1321 1167 rursum
1335 1105 1366 1189 v)
1393 1126 1545 1168 commune
1576 1115 1622 1169 est
1650 1111 1786 1184 utrinque
1809 1108 1883 1183 prin·

545 1196 661 1271 cipium‚
686 1194 746 1254 iilic
768 1196 797 1254 in
820 1202 893 1269 ortu,
915 1195 963 1254 bic
985 1198 1014 1253 in
1038 1197 1220 1271 gravissimis
1241 1198 1337 1271 sonim
1361 1203 1391 1256 et
1413 1211 1490 1271 qnae
1512 1196 1581 1256 huic
1602 1194 1733 1256 succedit
1755 1193 1883 1270 confign-

544 1284 619 1340 ratio
641 1279 683 1363 (in
706 1280 790 1340 buna
810 1284 889 1359 prior
909 1284 999 1358 gibba
1022 1280 1139 1361 iacies),
1162 1285 1369 1360 aequiparetur
1390 1276 1574 1343 tetrachordo
1597 1281 1768 1343 mediarum.
1813 1278 1884 1339 Rur-

545 1384 608 1429 sum
631 1375 729 1428 autem
752 1369 942 1445 configuratio
966 1370 1031 1443 illa,
1055 1385 1131 1445 quae
1153 1370 1200 1430 vel
1225 1372 1263 1429 ab
1285 1372 1422 1447 opposite
1446 1368 1644 1450 apparitione,
1666 1377 1699 1430 ut
1720 1373 1752 1428 in
1776 1366 1884 1442 Venere

546 1463 574 1514 et
596 1456 755 1529 Mercurio,
785 1455 831 1515 sei
854 1456 892 1515 ab
916 1464 1044 1517 esncma
1065 1465 1152 1517 nocte
1184 1466 1317 1517 censetor
1344 1460 1389 1536 (ut
1412 1460 1440 1516 in
1470 1460 1564 1519 tribus
1586 1458 1706 1534 reliquis
1728 1467 1767 1517 ex
1790 1473 1885 1515 erran·

545 1540 653 1623 tibus),
683 1542 731 1603 vel
754 1562 772 1601 a
795 1540 966 1603 decursione
990 1544 1084 1625 dicta,
1114 1552 1145 1603 ut
1167 1547 1196 1602 in
1220 1544 1318 1620 Luna,
1350 1561 1454 1623 nempe
1477 1547 1620 1623 posterior
1643 1546 1707 1622 ejus
1729 1544 1824 1622 gibba
1846 1544 1886 1601 ia·

545 1632 612 1705 cies,
636 1639 817 1709 comparetur
839 1631 1022 1691 tetrachordo
1049 1631 1273 1708 disjunctarum,
1305 1649 1381 1709 qnae
1403 1632 1514 1692 iaciunt
1537 1633 1574 1693 ad
1602 1636 1725 1710 primam
1748 1630 1886 1709 quadram
1970 1635 1971 1654 ¹

545 1724 633 1794 atque
663 1717 876 1778 tetrachordum
909 1737 1051 1779 summam
1082 1721 1297 1797 oppositionem
1331 1718 1529 1803 diametralcm
1552 1729 1581 1781 et
1604 1721 1746 1797 diapason
1783 1719 1886 1777 identi-

545 1821 698 1879 sonorum,
729 1822 805 1881 quae
838 1822 906 1865 sero
929 1805 974 1865 his
1004 1808 1135 1867 succedit
1159 1823 1250 1884 usqne
1278 1806 1317 1865 ad
1339 1806 1563 1868 occultationem
1586 1817 1616 1869 et
1644 1816 1711 1886 post
1731 1805 1886 1867 secundam

545 1892 695 1968 quadram,
718 1891 883 1969 applicetur
904 1892 1087 1956 tetrachordo
1111 1892 1323 1966 excellentium,
1347 1912 1422 1971 quae
1444 1912 1559 1955 rursum
1579 1896 1689 1955 iaciunt
1703 1894 1742 1953 ad
1766 1896 1887 1971 primam

544 1980 664 2065 gibbam
687 1981 792 2039 iaciem
815 1989 843 2039 et
864 1980 1078 2041 tetrachordum
1093 1981 1253 2044 mediarum
1271 1985 1485 2059 oppositionem
1508 1982 1707 2045 diametralcm
1728 1990 1761 2041 et
1783 1980 1885 2057 diape-

543 2084 597 2127 son
617 2058 846 2129 'identisonornm
864 2063 922 2147 Vl).
968 2067 1004 2127 Et
1025 2078 1094 2128 suut
1116 2066 1234 2145 quidem
1262 2069 1416 2129 intervalla
1439 2071 1477 2129 ab
1501 2070 1748 2131 occultatiocibus
1769 2068 1810 2127 ad
1835 2086 1886 2143 ap·

544 2155 712 2232 peritioues,
735 2162 764 2213 et
779 2157 814 2221 ,ιιι
837 2155 882 2229 iis,
906 2157 956 2229 qui
980 2164 1126 2216 extremae
1141 2158 1235 2216 noctis
1258 2164 1338 2217 ortus
1359 2156 1479 2235 babent,
1502 2156 1657 2217 intervalla
1679 2175 1699 2215 a
1712 2156 1888 2231 vespertinis
1970 2161 1971 2242 j

544 2241 657 2301 ortibus
688 2258 781 2316 usque
816 2240 853 2299 ad
885 2244 1043 2303 matutinos
1074 2245 1225 2303 occubitus
1240 2240 1295 2323 vu)
1323 2241 1477 2320 (quamdiu
1499 2262 1539 2305 sc
1564 2252 1754 2305 accensentur
1774 2245 1813 2302 lis
1836 2243 1888 2301 hae

542 2324 759 2408 apparitiones),
783 2331 811 2386 in
834 2328 918 2387 inne
940 2346 1019 2403 vero,
1042 2330 1182 2406 quamdiu
1204 2330 1257 2389 illa
1278 2329 1366 2405 pleno
1388 2339 1510 2407 apparet
1532 2333 1602 2392 orbe
1616 2328 1700 2407 Vffl),
1725 2330 1822 2398 haec,
1845 2332 1889 2387 in·

543 2432 645 2492 qnam,
678 2424 745 2475 suut
768 2434 856 2491 quam
878 2418 1009 2494 proxime
1023 2414 1073 2499 ¹¹)
1096 2420 1199 2477 unciae
1226 2418 1341 2492 circuli,
1371 2418 1615 2493 quemadmodum
1643 2428 1673 2479 et
1702 2419 1804 2478 tonica
1828 2416 1886 2475 dis·
1970 2409 1971 2414 ’

539 2504 724 2579 junctionem
754 2502 908 2563 intervalla
921 2500 961 2583 ¹).
1007 2504 1175 2565 Ceteromm
1205 2522 1274 2564 sero
1306 2500 1525 2565 intervallomm
1558 2514 1700 2583 quatuor,
1730 2521 1783 2583 per
1814 2521 1889 2581 quae

543 2587 627 2649 durat
648 2590 796 2667 quaelibet
813 2578 1021 2668 configuratio,
1053 2600 1121 2652 sunt
1144 2586 1207 2673 2¹),
1230 2610 1318 2669 qnam
1347 2595 1477 2671 proxime
1498 2596 1661 2670 signorum,
1694 2592 1889 2670 quemadmo-

543 2674 722 2738 demetiam
746 2678 896 2754 quodlibet
919 2678 962 2739 ex'
978 2679 1169 2739 tetrachordia
1192 2687 1236 2759 ert
1260 2675 1323 2763 2¹s,
1346 2682 1476 2757 proxime
1498 2689 1633 2743 tonorum
1649 2678 1702 2760 ¹¹).
1732 2680 1890 2741 Praeterea

543 2766 572 2822 in
595 2763 681 2825 Luna
707 2764 817 2843 figurae
851 2766 938 2825 binae
970 2767 1096 2826 invicem
1127 2768 1280 2843 oppositae
1312 2766 1399 2827 simui
1428 2776 1542 2834 sumine
1565 2768 1687 2847 implent
1708 2766 1888 2827 soliditatem

437 2866 438 2869 ’
514 2893 526 2935 t
543 2852 629 2912 unius
652 2854 781 2929 integrae
804 2855 1006 2929 apparentiae,
1042 2854 1284 2929 quemadmodum
1318 2862 1347 2914 et
1376 2856 1442 2913 soni
1464 2852 1607 2934 diapason
1629 2854 1774 2918 dismntes
1797 2871 1888 2913 nuum
1970 2907 1971 2920 ,

544 2940 695 3016 quippiam
717 2940 846 3000 alliciunt
868 2947 984 3018 propter
1005 2940 1225 3001 similitudinem
1247 2930 1452 3018 perceptionis.
1481 2941 1565 3018 Quae
1582 2945 1675 3020 igitur
1697 2942 1890 3002 communiter

542 3029 634 3104 aptari
657 3034 788 3105 possunt,
811 3026 879 3088 hinc
903 3026 1071 3088 ffldercntiis
1085 3045 1181 3088 rerum
1195 3028 1235 3087 ad
1248 3037 1365 3088 cantum
1387 3030 1600 3107 pertinentium,
1622 3030 1690 3089 inde
1713 3029 1890 3089 coelestibus
1970 3007 1971 3034 ¹

541 3115 685 3189 motibus,
720 3132 756 3176 ex
788 3114 868 3174 bisce
890 3114 1149 3175 assimilationibos
1178 3116 1237 3176 iere
1259 3115 1383 3192 intelligi
1405 3114 1642 3192 datum-restat,
1673 3125 1707 3177 nt
1738 3120 1831 3177 etiam
1852 3114 1890 3173 ari
1970 3145 1971 3154 ι

541 3202 721 3279 singuiomm
744 3201 1005 3263 considerationem
1027 3210 1210 3263 transeamus
1228 3199 1304 3285 ¹¹¹),
1334 3204 1499 3280 probabilia
1530 3204 1690 3266 consectati
1711 3221 1765 3281 per
1786 3204 1889 3264 obser·
1970 3201 1971 3222 ¹

541 3292 690 3350 radonem
712 3306 811 3351 eorum
834 3288 921 3369 (quae
944 3291 1120 3364 factasunt,
1144 3288 1208 3371 seu)
1230 3307 1305 3366 quae
1327 3288 1497 3367 liunt1m).
1970 3349 1971 3356 ,

626 3398 699 3452 Nota
716 3397 736 3451 1.
772 3398 871 3451 Mirum
886 3397 915 3452 iu
932 3396 975 3451 his
993 3397 1141 3453 Ptolemaei
1158 3398 1313 3469 ingenium,
1341 3398 1394 3477 qni
1412 3401 1495 3454 ctiam
1518 3406 1638 3469 systema
1654 3398 1810 3467 perlectum
1828 3415 1891 3455 eras
1970 3389 1971 3416 *

541 3477 601 3532 suis·
615 3478 688 3532 tonis
706 3476 875 3541 disjunctivis
894 3483 922 3530 et
939 3478 1121 3533 tetrachordia
1140 3478 1229 3548 potuit
1254 3477 1390 3547 applicare
1417 3477 1518 3532 circuio
1545 3478 1746 3546 apparitionum
1764 3493 1801 3532 ex
1819 3477 1890 3532 Solis

541 3554 631 3610 radiis.
668 3554 720 3609 Est
737 3553 829 3623 aliqua
847 3556 1042 3625 convenientia,
1061 3557 1161 3625 fateor,
1190 3558 1238 3614 ssd
1260 3555 1375 3611 ridicula
1399 3565 1427 3611 et
1444 3556 1609 3613 destructiva
1626 3556 1763 3624 legitimae
1781 3572 1889 3626 compe

540 3632 660 3690 rationis.
680 3632 756 3689 Sicut
774 3634 844 3689 enim
863 3632 961 3689 accidit
979 3634 1120 3703 systemati
1137 3636 1267 3705 perfeeto,
1286 3640 1318 3688 ut
1334 3632 1362 3688 id
1374 3632 1509 3689 dividatur
1525 3633 1554 3689 in
1571 3634 1746 3691 uumnorda
1764 3642 1795 3690 et
1809 3644 1890 3690 tonos

541 3710 730 3782 diqiunetisos,
758 3714 801 3767 vel
820 3713 883 3781 quia
900 3713 1015 3781 primum
1032 3714 1242 3769 instrumentum
1259 3712 1390 3768 musicum
1408 3713 1424 3767 i
1443 3713 1559 3789 chordas
1577 3713 1687 3783 habuit,
1715 3730 1778 3769 cum
1796 3720 1890 3784 pumat

540 3794 567 3866 5,
587 3791 629 3847 rel
647 3792 711 3860 quia
730 3792 898 3848 diatessaron
915 3808 933 3846 a
949 3790 1105 3861 Pythagora
1124 3808 1173 3862 pro
1191 3792 1301 3848 minima
1319 3792 1555 3848 consonantiarum
1573 3791 1627 3846 init
1642 3791 1751 3859 habita,
1779 3809 1839 3847 cum
1856 3806 1890 3845 ra
1970 3795 1971 3798 ’

539 3888 602 3931 esra
619 3872 716 3929 tertiae
734 3873 789 3927 sint
806 3879 834 3926 et
860 3872 936 3941 ipsae
962 3871 1156 3927 consonantiae
1182 3872 1353 3939 minoresque
1380 3869 1435 3924 sint
1455 3871 1516 3939 ipsa
1533 3870 1719 3926 diatessaron:
1748 3870 1790 3925 sic
1806 3869 1888 3923 etia·

538 3953 722 4028 apparitiones
740 3950 989 4019 occultationesqne
1007 3949 1127 4007 siderum
1146 3953 1197 4007 snb
1216 3949 1286 4005 Solis
1313 3948 1405 4005 radios
1423 3951 1579 4004 mera‘sunt
1595 3947 1750 4003 accidentia
1763 3956 1888 4005 motuum

539 4030 696 4089 coelestium
714 4029 795 4099 idque
813 4036 918 4083 tautum
934 4037 1062 4099 respectu
1079 4030 1227 4097 hominum,
1245 4028 1291 4097 qui
1310 4026 1344 4081 da
1362 4026 1431 4083 coeli
1449 4028 1570 4083 essentia
1586 4044 1641 4082 non
1659 4033 1739 4095 sunt,
1757 4028 1811 4081 imo
1828 4034 1888 4079 tarr·

503 4143 508 4152 ·
538 4118 597 4167 tum
613 4114 741 4180 respectu
758 4109 952 4179 proportionis,
978 4124 1047 4179 quae
1074 4117 1117 4164 est
1143 4108 1319 4174 intercisum
1346 4106 1494 4162 hammum
1512 4113 1541 4160 et
1557 4105 1628 4160 luter
1645 4104 1800 4161 clamatam
1816 4104 1886 4158 aeria

538 4191 616 4254 nobis
634 4184 797 4244 circumfusi.
832 4187 900 4242 Nam
920 4186 943 4239 si
960 4187 1042 4256 paulo
1060 4185 1197 4257 limpidior
1214 4192 1288 4247 esset
1305 4191 1370 4256 aer,
1396 4182 1473 4241 nulla
1500 4184 1608 4239 omnino
1635 4183 1714 4238 limet
1740 4180 1886 4238 omulutio

537 4268 655 4323 siderum
673 4266 725 4322 sub
743 4263 814 4320 Solis
830 4264 930 4333 radios,
948 4272 979 4319 ut
996 4265 1131 4320 interdum
1148 4267 1239 4321 videre
1257 4273 1299 4320 est
1316 4263 1344 4319 i'n
1361 4264 1441 4319 Luna
1458 4269 1486 4318 et
1496 4262 1611 4317 Venere.
1630 4261 1698 4315 (lum
1716 4262 1802 4331 igitur
1817 4261 1885 4315 haec

536 4349 664 4423 ntripque
682 4344 869 4401 diversissimis
888 4342 921 4398 de
939 4344 1028 4398 causis
1046 4344 1085 4398 ita
1102 4343 1234 4414 accidant,
1252 4343 1340 4398 modis
1358 4342 1440 4398 etiam
1457 4339 1655 4407 diversissimis,
1673 4338 1791 4419 alterum
1807 4336 1884 4393 alteri

537 4441 626 4497 neque
643 4439 727 4480 musa
744 4423 796 4478 erit
813 4438 901 4492 neque
918 4420 1031 4477 effectus
1049 4438 1138 4492 neqne
1155 4422 1306 4479 communis
1323 4422 1432 4491 utrique
1449 4422 1488 4475 rei
1505 4436 1598 4487 causa,
1616 4420 1786 4487 comparatio
1802 4418 1884 4487 igitur

536 4501 650 4561 lortmta
667 4511 717 4568 est,
734 4501 842 4556 minime
860 4516 923 4555 rere
942 4502 1066 4558 muralis.
1101 4502 1138 4558 Ut
1154 4506 1231 4558 tanto
1250 4500 1355 4558 sithoc
1372 4500 1481 4569 certius,
1499 4515 1535 4553 ex
1552 4498 1605 4553 bae
1621 4499 1801 4568 congruentia
1816 4495 1882 4552 auri

537 4582 673 4645 accedere,
683 4580 759 4637 coelo
778 4580 924 4651 dignitatis,
943 4589 972 4637 ιιι
988 4581 1096 4651 ingenio
1114 4580 1264 4637 Ptolemaei
1281 4580 1429 4649 plurimum
1439 4576 1658 4645 existimationis,
1674 4578 1732 4644 qui,
1750 4592 1819 4647 qnae
1833 4590 1882 4629 ne-

536 4662 664 4718 cessitate
681 4674 786 4716 summe
803 4667 924 4715 motuum
943 4660 1014 4716 Solis
1032 4659 1256 4730 planetarumque
1272 4659 1344 4715 inter
1361 4675 1399 4715 se·
1414 4657 1624 4727 compositorem
1642 4655 1771 4723 remaque
1788 4653 1881 4709 illumi·

535 4741 592 4795 nati
611 4746 639 4794 et
655 4740 729 4795 risus
746 4738 861 4794 hnmani
875 4738 909 4793 ad
927 4730 1000 4794 hunc
1026 4738 1153 4807 mium,
1181 4754 1261 4808 quem
1279 4737 1401 4806 obtinet,
1427 4737 1555 4807 perlecti,
1577 4742 1801 4805 consequuntur,
1824 4739 1880 4785 ura

535 4828 600 4891 apte
617 4820 708 4890 potuit
725 4818 760 4874 ad
777 4817 1010 4874 tenaciordornm
1028 4818 1104 4875 ideas
1123 4818 1240 4872 hnmano
1258 4814 1370 4871 arbitrio
1392 4816 1574 4871 conformatas
1591 4814 1746 4884 applicare,
1771 4806 1881 4881 perinde

536 4914 569 4954 ec
586 4896 610 4952 si
626 4904 723 4953 natura
740 4914 843 4953 summa
861 4905 888 4953 et
904 4912 978 4953 mera
1004 4898 1129 4953 libertate
1146 4911 1197 4952 usa
1223 4895 1297 4951 bunc
1322 4894 1508 4951 harmonicum
1532 4892 1712 4964 mehetypm
1727 4891 1757 4946 in
1775 4902 1878 4961 appui·

535 4977 654 5035 tionibus
671 4974 725 5031 iilis
743 4977 942 5033 conformandis
960 4976 1131 5046 spectaverit

621 5075 695 5129 Nota
711 5074 745 5127 11.
780 5073 928 5130 Residuum
946 5072 1055 5129 residuo
1073 5076 1220 5142 comparat,
1239 5078 1282 5127 eet
1292 5072 1382 5142 igitur,
1400 5078 1432 5128 ut
1448 5086 1533 5141 supra
1544 5083 1654 5139 quoque
1671 5068 1781 5136 dictum,
1798 5062 1876 5120 adee-

534 5158 592 5209 reta
608 5153 782 5223 comparatio,
799 5159 827 5210 et
845 5154 952 5210 omnino
970 5152 1016 5209 dat
1028 5166 1138 5221 operam
1155 5150 1337 5222 Ptolemaeus,
1354 5159 1386 5207 ιιι
1397 5150 1473 5207 nulia
1489 5165 1555 5221 para
1572 5145 1873 5218 neumnensium
