4467 6192
531 629 594 691 300
967 624 1009 680 ilo
1026 622 1251 693 Propertionihne
1268 621 1447 679 trementes.

530 821 585 865 nec
605 805 637 863 in
658 801 864 863 scurrilitatem
894 819 959 865 eeee
981 803 1166 881 profundant.
1211 804 1337 864 Rursum
1365 805 1439 865 haec
1461 820 1520 863 non
1542 805 1716 881 compositio
1739 810 1783 865 est
1804 805 1874 865 inte·

530 910 647 971 grarum
670 892 842 968 specierum,
864 890 917 951 sed
942 893 1062 953 violatio
1085 890 1236 965 nonnulla,
1260 898 1294 951 ut
1315 892 1484 953 harmonica
1506 893 1623 953 existat

544 1038 547 1048 ,
617 979 671 1038 VI.
695 977 742 1037 nd
764 979 977 1057 arithmeticam
998 982 1125 1056 pertinet
1147 980 1372 1057 aequalitatem,
1405 978 1484 1057 quod
1512 980 1673 1056 antiquitus
1695 985 1794 1056 patres
1816 995 1877 1038 curn

530 1067 618 1146 plebe
640 1068 805 1145 promiscuo
829 1084 968 1127 consessu
989 1065 1077 1128 ludos
1099 1074 1233 1144 spectare
1248 1066 1342 1140 soliti,
1366 1066 1405 1127 ad
1426 1068 1634 1145 geometricam
1655 1068 1876 1144 proportionem,

531 1156 609 1232 quod
640 1161 744 1233 postea
770 1160 868 1231 patrea
899 1174 917 1215 a
947 1155 1034 1231 plebe
1064 1156 1199 1233 sejuncti.
1245 1154 1311 1215 Hoc
1334 1156 1452 1232 quidem
1482 1158 1525 1215 eie
1547 1162 1607 1227 eet,
1640 1156 1667 1215 si
1695 1155 1777 1214 solos
1797 1152 1878 1219 ludos

531 1241 709 1304 consideres.
755 1242 796 1301 Αι
817 1243 843 1301 ιι
866 1244 1003 1318 upivcrea
1026 1245 1096 1319 reip.
1121 1241 1275 1303 commoda
1297 1259 1356 1303 uno
1378 1244 1483 1303 mentis
1505 1240 1661 1320 complexu
1682 1248 1794 1317 tenen,
1817 1258 1879 1302 cnm

531 1338 566 1391 er
579 1332 625 1415 iis
648 1329 774 1407 plurime
796 1331 928 1406 patribus
952 1329 1102 1391 vindicata
1133 1331 1239 1392 tuerint
1260 1332 1373 1391 ratione
1393 1332 1590 1407 geometrica,
1625 1329 1736 1407 populo
1757 1327 1879 1403 ιιιιιιι,

432 1483 440 1495 κ
530 1420 672 1496 pertinuit
691 1416 826 1494 equidem
849 1417 923 1478 hacc
945 1419 1062 1496 ipsein
1084 1417 1162 1478 ludis
1185 1420 1338 1493 utriusque
1362 1418 1470 1479 ordinis
1493 1419 1666 1495 exaequatio
1689 1416 1728 1482 ad
1750 1424 1881 1479 contern-

530 1507 710 1584 perationem
732 1504 823 1580 illam,
847 1523 937 1565 sensu
959 1505 1067 1566 Bodini
1089 1506 1287 1566 harmonicam
1304 1506 1393 1567 totius
1415 1505 1596 1587 gubernandi
1619 1505 1748 1579 Iormee;
1772 1507 1879 1582 quippe

531 1612 590 1671 qua
612 1600 643 1653 ct
664 1591 748 1670 plebe
771 1592 979 1667 deliniebatur,
1014 1600 1047 1654 ut
1067 1596 1151 1671 pueri
1183 1593 1278 1653 solent
1300 1594 1387 1653 rebus
1410 1593 1563 1668 leviculis,
1595 1591 1692 1670 adque
1715 1592 1881 1671 diligendos

530 1680 648 1741 ordines
671 1682 835 1758 superiores
858 1681 1046 1755 invitabatur,
1069 1698 1165 1757 neque
1181 1683 1338 1759 quiequam
1361 1681 1558 1758 derogabatur
1581 1680 1716 1759 dignitati
1740 1680 1881 1741 ordinum.

532 1767 666 1844 Quadret
688 1769 776 1827 etiarn
801 1767 838 1828 ad
861 1786 942 1828 meas
958 1768 1139 1843 medietates,
1164 1776 1309 1846 quatenus
1324 1772 1472 1846 proportio
1495 1786 1554 1830 non
1577 1776 1701 1843 tenetur,
1724 1776 1759 1829 ut
1781 1776 1883 1831 tenne·

530 1864 578 1916 tur
600 1855 764 1917 concordia.
808 1856 893 1915 Prius
915 1858 945 1915 in
968 1859 1053 1918 certis
1074 1860 1207 1935 personis
1230 1858 1363 1917 ordinum
1387 1856 1582 1941 derogabatur
1602 1855 1776 1934 analogiae,
1809 1872 1884 1917 nunc

530 1946 561 2003 in
583 1945 670 2005 certis
691 1944 839 2021 praemiis.

511 2066 521 2085 2
617 2031 686 2091 VH.
712 2030 864 2090 Amicitias
886 2033 997 2092 animat
1019 2029 1190 2092 harmonica
1213 2034 1451 2109 contemperatio.
1485 2029 1572 2109 Quod
1595 2032 1671 2093 enim
1694 2036 1740 2091 aet
1760 2031 1792 2089 in
1816 2048 1885 2110 pro·

529 2120 664 2197 portione
695 2119 916 2193 concordantia,
949 2120 1007 2179 hoc
1040 2127 1086 2180 est
1114 2122 1155 2177 in·
1176 2121 1267 2181 totius
1294 2120 1447 2197 humanae,
1463 2122 1543 2180 vitae
1571 2116 1683 2179 ambitu
1706 2136 1805 2193 amor,
1836 2119 1884 2195 qni

529 2206 750 2266 tundamentum
773 2213 819 2265 est
841 2208 996 2268 amicitiae.
1043 2206 1157 2282 Quodsi
1178 2224 1259 2268 mera
1280 2209 1444 2285 aequalitas
1465 2208 1627 2268 officiorum
1649 2205 1800 2267 inducitur
1821 2204 1884 2283 lege

530 2295 722 2367 arithmetica,
744 2293 828 2353 nulla
849 2295 904 2353 erit
925 2296 981 2354 nisi
1003 2295 1079 2355 inter
1092 2295 1233 2371 aequales
1249 2297 1395 2372 amicitia;
1417 2302 1445 2356 et
1467 2297 1493 2355 si
1515 2296 1589 2357 inter
1610 2294 1783 2371 inaequales
1807 2311 1886 2355 mera

530 2387 562 2442 et
583 2382 730 2458 exquisite
752 2380 912 2441 similitudo
942 2380 1103 2444 officiorum
1134 2385 1326 2459 geometrice,
1358 2383 1551 2460 neutrubique
1578 2384 1803 2455 amicitiamn,
1835 2380 1885 2442 sed

530 2470 574 2528 ibi
594 2476 737 2547 perpetua
758 2472 918 2546 negotiatio
941 2470 1174 2547 nundinatioque
1198 2468 1376 2545 ciliciorum,
1400 2470 1545 2532 commodi
1568 2473 1612 2531 sui
1636 2486 1735 2545 eausa,
1758 2470 1811 2531 hic
1833 2486 1886 2531 ne·

530 2560 658 2617 maaria
686 2558 802 2633 patroni
834 2563 863 2618 et
892 2556 1006 2619 clientis
1034 2559 1230 2632 consectatio,
1264 2558 1345 2619 nulla
1372 2560 1479 2619 amoris
1508 2556 1725 2619 demonstrandi
1752 2556 1885 2631 libertas,

530 2644 603 2703 nIhil
626 2652 830 2721 spontaneum.
876 2646 1013 2706 Amicitia
1041 2647 1096 2706 etsi
1112 2648 1283 2708 consistere
1311 2662 1376 2706 oum
1406 2647 1514 2706 crebris
1543 2647 1657 2723 iniuriis
1688 2661 1746 2705 non
1775 2652 1886 2723 potest,

529 2730 612 2809 leges
634 2738 730 2793 tamen
753 2732 865 2809 respuit
888 2735 1044 2810 omniaque
1074 2731 1113 2794 ed
1136 2734 1267 2793 sobrium
1298 2741 1328 2794 et
1349 2750 1452 2794 eanum
1475 2735 1582 2794 amoris
1614 2734 1765 2795 arbitrium
1789 2735 1886 2808 reteri,

530 2836 608 2880 nunc
630 2818 767 2897 aequalia
788 2819 963 2898 rependens,
997 2838 1075 2881 nunc
1096 2818 1342 2898 proportionalia,
1377 2828 1422 2882 eat
1444 2822 1494 2881 ubi
1518 2829 1637 2895 nenne,
1665 2836 1780 2897 semper
1804 2820 1887 2895 talia,

435 2978 440 2981 ‚
531 2924 610 2984 quae
631 2924 685 2986 pro
709 2925 740 2968 re
762 2915 833 2967 nate
860 2907 956 2970 iecere
978 2908 1116 2968 videntur
1138 2908 1177 2968 ad
1199 2910 1448 2970 conservationem
1482 2912 1605 2984 amoris,
1637 2910 1689 2986 qut
1712 2909 1822 2983 etiam,
1856 2915 1888 2967 ut

529 2995 684 3057 harumnia
707 2995 895 3055 dissonantiia
916 3003 947 3056 ct
968 3005 1000 3055 ut
1022 2997 1099 3073 ignis
1123 2994 1189 3056 terri
1212 2986 1300 3075 stylo,
1328 2996 1437 3057 foditur
1460 2997 1574 3075 injuriis
1595 2994 1744 3059 nonnullis
1766 3013 1888 3057 wum-

530 3100 589 3160 quc
612 3083 827 3145 condonatione
849 3086 979 3160 gratuita
1001 3086 1079 3144 vires
1100 3092 1232 3145 renovat.

557 3198 562 3205 ·
617 3169 702 3230 VIII.
726 3170 945 3248 aequalitatem
967 3171 1180 3233 arithmeticam
1196 3169 1328 3231 Bodinue
1350 3169 1471 3247 pulchra
1491 3178 1642 3249 comparat
1655 3168 1775 3248 regulae
1792 3170 1888 3249 Poly-

445 3251 449 3260 *
531 3256 600 3318 cleti
620 3257 741 3331 terreae,
764 3276 841 3335 quae
862 3258 957 3336 trangt
979 3260 1060 3337 prius
1082 3277 1171 3336 quam
1193 3258 1270 3321 flecti
1292 3266 1407 3336 posset,
1436 3257 1655 3319 eimtlitudinem
1677 3258 1889 3336 geometricum

530 3344 650 3422 regulae
673 3346 798 3407 Lesbiae
819 3343 985 3424 plumbeae,
1008 3365 1085 3423 quae
1109 3344 1244 3407 omnibus
1267 3345 1384 3423 angulis
1405 3344 1692 3408 accommodabuntur.
1723 3346 1793 3423 lpsc
1817 3345 1888 3405 her·

531 3435 676 3493 manicam
697 3436 914 3512 proportionem
936 3452 1008 3496 suae
1031 3434 1206 3495 definitionis
1228 3432 1384 3496 adumbret
1406 3434 1508 3512 regule
1529 3435 1637 3512 lignea,
1660 3451 1737 3511 qnae
1760 3434 1890 3494 flectitur

531 3519 659 3598 quidem,
682 3529 715 3582 at
736 3540 753 3583 e
775 3523 902 3598 ventgm
924 3521 1008 3583 redit„
1480 3566 1482 3571 2

616 3608 675 3667 IX.
698 3607 733 3667 Iu
756 3609 967 3686 gubernatione
989 3610 1083 3671 omnis
1105 3610 1221 3686 generIa
1243 3607 1412 3686 politiarnm
1435 3612 1513 3687 rigor
1533 3608 1632 3685 legum
1655 3616 1684 3669 et
1702 3607 1815 3684 jndicle
1838 3608 1887 3669 ol·

530 3694 628 3756 tlciurn
653 3704 858 3774 comparantur
880 3696 1051 3773 aequalitati
1073 3697 1283 3770 arithmeticae,
1308 3714 1367 3772 qua
1388 3714 1447 3756 non
1471 3698 1583 3757 taniam
1605 3712 1691 3757 enum
1714 3697 1824 3773 cuique
1847 3695 1887 3757 ed

531 3784 670 3843 amussim
693 3785 844 3858 tribuitur,
867 3783 919 3845 sed
942 3788 1031 3845 etlam
1053 3802 1167 3862 poenae
1189 3788 1354 3862 irrogantur
1376 3780 1612 3861 delinquentibus
1635 3782 1798 3860 acqualiter
1819 3786 1886 3845 sine

530 3886 720 3949 personarum
742 3878 885 3948 respectu,
909 3878 939 3933 et
961 3890 1021 3950 qua
1042 3872 1261 3949 adstringuntur
1279 3870 1395 3949 judices
1418 3871 1456 3933 ad
1479 3872 1560 3948 leget
1582 3870 1679 3948 adque
1700 3871 1834 3947 allegata
1857 3880 1887 3933 et

530 3959 664 4038 probata,
686 3966 720 4019 ut
742 3959 902 4020 seeundum
924 3978 975 4020 aas
994 3960 1136 4037 judicent,
1162 3961 1276 4020 etiamsi
1298 3960 1417 4035 Iniqnae
1439 3962 1520 4037 legee
1544 3958 1707 4019 videantur.
1742 3959 1885 4019 Vicissim

530 4047 665 4122 aequitas
688 4055 718 4107 ct
740 4046 890 4107 arbitrium
913 4050 1101 4124 magistratus
1124 4064 1249 4121 merum,
1280 4049 1330 4123 qni
1360 4054 1456 4107 tauma
1489 4047 1584 4107 bonus
1613 4048 1651 4106 sit
1684 4053 1715 4107 et
1743 4064 1781 4107 ex
1812 4064 1886 4107 con-

531 4135 655 4194 scientia
676 4140 755 4211 agat,
778 4137 974 4209 geometricae
996 4136 1153 4212 analogiae
1175 4141 1309 4194 naturam
1331 4133 1435 4195 induit.
1479 4135 1520 4195 Αι
1540 4132 1673 4195 Bodinna
1694 4134 1887 4197 harmonicae

531 4224 807 4299 contemperationIe
829 4222 963 4300 exemplo
986 4223 1112 4283 medium
1136 4226 1294 4300 interponit
1316 4221 1443 4282 efficium
1459 4222 1508 4285 ael
1523 4222 1704 4299 superiorum
1727 4224 1885 4297 curiarum,

530 4308 578 4369 rel
602 4311 750 4384 omnium,
784 4309 833 4370 rel
863 4312 969 4369 summi
998 4312 1202 4387 magistratus,
1233 4310 1340 4386 quibus
1372 4326 1467 4387 neque
1494 4309 1564 4369 licet
1594 4326 1630 4370 ex
1651 4310 1771 4369 arbitrio
1796 4328 1886 4387 agera

528 4413 610 4457 mero
633 4403 663 4458 ct
685 4404 782 4457 tamen
805 4399 988 4476 permittitur,
1012 4391 1045 4457 nt
1067 4397 1148 4474 leges
1170 4397 1223 4475 pro
1245 4399 1359 4457 ratione
1374 4399 1656 4457 circumetmtiaram
1672 4397 1802 4471 deamat,
1825 4415 1885 4457 uon

532 4484 679 4562 frangant,
702 4493 733 4546 at
754 4500 806 4544 eas
828 4486 857 4543 in
877 4484 999 4561 judiciis
1021 4484 1182 4545 secundum
1205 4487 1384 4560 aequitatem
1400 4487 1632 4562 interpretentur,
1656 4492 1689 4543 nt
1711 4492 1810 4545 umen
1833 4504 1888 4563 per

530 4572 694 4649 singulares
717 4574 861 4633 curIarum
884 4572 1045 4632 sententies
1066 4572 1138 4631 nihil
1162 4572 1221 4649 legi
1245 4571 1408 4649 derogetur.
1453 4572 1527 4633 Vult
1547 4570 1631 4649 leges
1650 4571 1753 4633 baberi
1773 4572 1888 4633 simitea

530 4674 602 4719 suae
631 4675 767 4734 normae,
798 4666 831 4718 ut
862 4658 968 4719 cedant
989 4658 1107 4735 quidem
1136 4662 1165 4717 in
1187 4660 1309 4729 flexum,
1340 4668 1371 4719 at
1401 4662 1500 4719 statirn
1523 4658 1652 4719 redeant.
1697 4650 1885 4736 Quamquam

529 4745 676 4807 hocloco
699 4747 832 4807 Bodinus
860 4745 995 4824 exemplo
1017 4764 1071 4807 sne
1094 4764 1196 4807 verum
1220 4746 1447 4822 demonstrarit,
1479 4746 1559 4825 quod
1589 4746 1625 4807 de
1644 4748 1719 4824 juris
1742 4747 1886 4808 consultis

531 4832 726 4894 affirmaverat
756 4844 858 4895 antea:
890 4837 970 4914 ipsos
998 4834 1207 4895 mathematica
1238 4836 1295 4894 ieta
1324 4842 1443 4913 propter
1470 4836 1517 4895 sni
1546 4836 1756 4895 obscuritatem
1786 4838 1884 4897 minna

529 4923 687 4998 percipere.
731 4920 806 4981 Nam
827 4938 886 4983 non
909 4922 1035 5000 quadrat
1056 4923 1121 5000 ejus
1151 4922 1187 4983 de
1209 4925 1336 4983 numeria
1364 4922 1524 5000 disputatio
1550 4922 1588 4983 ad
1611 4940 1742 4983 normam
1766 4931 1885 4985 nonhae

531 5007 722 5088 disciplinae,
744 5022 809 5069 cunr
833 5012 884 5084 ait,
907 5011 970 5071 lieri
992 5027 1050 5071 non
1072 5028 1176 5089 poene,
1201 5019 1233 5071 ut
1253 5012 1404 5089 proportio
1427 5014 1619 5087 geometrica,
1643 5027 1720 5088 queo
1742 5019 1789 5072 est
1810 5015 1885 5072 inter

531 5103 657 5181 quatuor
678 5097 833 5171 terminos,
867 5096 930 5161 ulla
957 5100 1147 5161 terminorum
1177 5101 1404 5179 transpositione
1430 5106 1534 5178 pereat
1563 5097 1747 5179 eandemque
1779 5101 1884 5162 amarit
