4467 6192
562 735 602 795 dt
1048 733 1089 790 De
1105 732 1264 804 uignmun
1281 730 1502 791 morium

562 904 720 984 geometria
741 906 851 968 nulum
872 908 1032 985 habeant“,
1055 917 1182 974 vestrum
1203 917 1275 987 suo,
1296 924 1413 988 carpere
1434 923 1510 986 quse
1530 921 1589 968 neu
1609 905 1786 984 intelligitis:
1808 903 1890 979 mibi.

563 996 616 1071 qui
633 1009 726 1054 rerum
749 1010 851 1057 causas
873 996 995 1074 indagQ
1025 1005 1226 1076 praeterquam
1254 1000 1283 1056 in
1311 996 1423 1058 decimo
1451 992 1580 1056 Euclidis
1608 996 1729 1056 semitm
1756 991 1798 1055 ad
1823 991 1891 1055 iuss

562 1081 659 1143 nullae
681 1088 841 1161 patuerunt.

645 1166 769 1228 &mum
791 1176 908 1230 secutus
929 1170 1056 1231 Lazarus
1071 1170 1234 1232 Schunerus
1255 1173 1285 1230 iu
1301 1168 1468 1232 Geometria
1489 1185 1544 1230 sua
1564 1173 1661 1230 rusus
1681 1174 1735 1243 ert,
1756 1184 1790 1228 se
1804 1168 1893 1243 quiu-

562 1272 619 1332 que
633 1272 783 1334 corporum
804 1257 978 1334 regularium
999 1275 1083 1318 usum
1102 1258 1190 1336 piane
1212 1258 1323 1318 nullum
1344 1260 1372 1317 in
1394 1255 1501 1319 munde
1523 1255 1621 1316 videre
1636 1257 1777 1334 potuisse.
1798 1253 1892 1314 donec

562 1341 691 1403 libellum
712 1360 816 1418 meum,
839 1361 925 1423 quem
947 1341 1118 1424 Mysterium
1133 1344 1410 1424 cosmographicum
1430 1343 1571 1421 inscripsi,
1594 1329 1763 1422 perlegerit:
1786 1342 1817 1400 ln
1832 1356 1890 1418 que

561 1430 743 1509 planetarum
763 1449 912 1493 numerum
947 1441 976 1492 et
1003 1432 1157 1495 intervalla
1188 1433 1279 1513 prcho
1309 1451 1345 1492 ex
1373 1431 1540 1512 corporibus
1562 1431 1690 1508 quinque
1712 1428 1893 1506 regularibus

563 1535 626 1579 esse
648 1516 787 1581 dmumta.
832 1519 906 1582 liceo
929 1517 999 1597 quid
1021 1522 1152 1582 nocuerit
1172 1519 1282 1582 Ramns
1303 1521 1441 1599 magister
1462 1509 1609 1588 Schdnere
1631 1515 1781 1597 discipule.
1826 1513 1893 1576 Pri-

563 1623 640 1664 mum
661 1604 948 1668 Rumns'hristotele
978 1607 1119 1686 perlecto,
1151 1610 1201 1685 qui
1228 1608 1405 1669 refutaverat
1425 1604 1650 1684 Pythagoricum
1678 1601 1893 1683 philosophiam

563 1694 638 1756 eires
659 1692 864 1754 elementorum
884 1695 1073 1774 proprietates
1094 1712 1130 1756 ex
1152 1697 1279 1774 quinque
1300 1695 1468 1774 corporibus
1489 1691 1641 1767 deductas,
1670 1694 1768 1753 statim
1794 1692 1892 1750 animo

563 1782 694 1859 concepit
716 1789 890 1842 contemtum
912 1783 1001 1841 totius
1023 1780 1225 1862 philosophiae
1240 1781 1466 1862 Pythagoricae3
1489 1778 1593 1841 deinde
1614 1796 1680 1842 cum
1700 1781 1795 1852 sciret,
1818 1776 1894 1838 Pro·

563 1866 639 1926 cium
660 1867 748 1927 fuisse
770 1867 983 1947 Pythagoricae
1005 1875 1110 1944 secus,
1132 1887 1192 1929 non
1213 1868 1332 1930 credidit
1355 1871 1382 1930 ei
1404 1868 1570 1944 altimenti,
1592 1865 1670 1944 quod
1691 1873 1752 1928 erat
1773 1866 1895 1925 omissi·

562 1971 649 2027 mum,
671 1972 711 2014 sc.
735 1954 866 2015 Euclidei
888 1957 982 2036 operis
1004 1955 1137 2018 ultimum
1158 1956 1259 2033 duem,
1288 1956 1326 2017 ad
1355 1974 1441 2035 quem
1462 1955 1632 2018 referrentur
1653 1971 1752 2015 omnes
1775 1952 1894 2013 cumino

563 2044 775 2120 propositiones
797 2044 925 2103 omnium
945 2042 1083 2104 librorum
1104 2041 1244 2126 (exceptis
1266 2061 1342 2122 quae
1363 2043 1402 2105 ad
1423 2060 1572 2104 nnmerum
1594 2042 1751 2121 perfectum
1772 2037 1894 2112 ducunt)

564 2146 628 2190 esse
651 2131 778 2208 quinque
800 2145 919 2209 corpora
940 2130 1091 2210 regularia
1137 2131 1213 2192 Hine
1242 2138 1306 2192 erta
1332 2138 1377 2192 est
1407 2128 1485 2211 apud
1506 2129 1630 2192 mum
1652 2127 1895 2190 confidentissime

562 2217 728 2294 persuasio,
760 2219 887 2294 quinque
916 2234 1036 2297 corpora
1065 2236 1129 2280 csse
1158 2217 1334 2280 removenda
1354 2237 1373 2280 a
1393 2217 1449 2280 tine
1478 2216 1616 2279 librorum
1635 2215 1896 2278 Elementsriorous

563 2302 701 2363 Euclidis.
1726 2334 1730 2343 ·

651 2389 773 2450 Ademto
795 2390 852 2451 fine
874 2393 978 2470 operis,
1003 2392 1092 2453 veluti
1113 2393 1206 2454 forma
1227 2391 1350 2454 aedilicii
1372 2389 1506 2466 sublata,
1526 2378 1746 2470 relinquebatur
1766 2387 1896 2450 informis

564 2483 659 2537 struas
679 2479 910 2557 propositionum
936 2482 966 2538 in
994 2478 1128 2557 Euclide,
1156 2483 1186 2540 in
1214 2497 1301 2559 quam
1329 2477 1410 2540 uelut
1438 2481 1468 2538 in
1495 2476 1607 2540 luvam
1636 2477 1763 2557 aliquam
1784 2475 1897 2538 Remus

565 2567 634 2624 totis
658 2567 699 2624 28
721 2566 803 2626 lihris
825 2563 996 2627 Scholarum
1017 2567 1172 2644 invehitur,
1195 2585 1302 2646 magna
1324 2565 1440 2628 dicendi
1460 2567 1627 2638 acerbitate,
1650 2582 1756 2645 magus
1777 2565 1896 2626 temeri·

564 2659 641 2723 tate,
672 2658 753 2714 uoto
780 2654 843 2713 viro
872 2652 1081 2733 indignissima.
1124 2653 1210 2716 Hane
1230 2653 1316 2716 Romi
1342 2656 1559 2733 persuasionem
1587 2661 1704 2716 secutus
1731 2651 1897 2713 Schonerus

523 2738 526 2747 '
565 2737 686 2800 eredidit
707 2757 773 2800 soce
796 2745 825 2800 et
847 2740 924 2820 lpse,
947 2757 1067 2821 corpora
1088 2742 1234 2822 regularia
1255 2742 1328 2803 nulli
1349 2758 1413 2804 esse
1435 2743 1518 2818 usui,
1540 2757 1594 2803 nec
1614 2740 1671 2801 hoc
1692 2746 1821 2810 tantum,
1844 2736 1897 2800 sed

565 2835 595 2887 et
616 2827 751 2887 Proclum
772 2827 899 2904 neglexit
920 2837 971 2888 aut
993 2832 1153 2904 contemsit,
1173 2828 1315 2907 judicium
1329 2829 1415 2890 lierni
1437 2838 1563 2903 secutus,
1586 2845 1605 2888 a
1626 2845 1684 2907 qno
1706 2825 1810 2888 Proclo
1834 2824 1897 2886 dis·

566 2931 629 2975 cere
650 2921 763 2994 poterat
792 2931 877 2974 usum
909 2927 1059 2995 corporum
1086 2918 1214 2995 quinque
1244 2926 1274 2979 et
1295 2920 1325 2976 in
1346 2917 1504 2978 Elementis
1526 2914 1655 2977 liuclldis
1683 2920 1713 2978 at
1742 2916 1772 2973 iu
1794 2911 1897 2974 mundi

565 3002 683 3064 fabrica.
728 3003 765 3061 lit
785 3002 903 3079 quidem
929 3001 1039 3064 felicior
1061 3011 1123 3065 erat
1144 3003 1303 3081 discipulus
1324 3005 1477 3084 magistro,
1507 3005 1576 3081 qnia
1598 3003 1682 3063 nsum
1703 3018 1857 3079 corporum
1878 3017 1898 3061 a

565 3107 611 3150 mc
633 3089 810 3166 patefactum
832 3091 862 3148 in
884 3091 993 3152 fabrica
1014 3091 1114 3151 mundi
1136 3091 1365 3169 gratulabundus
1386 3093 1504 3168 recepit,
1527 3107 1612 3168 quern
1627 3089 1737 3150 Remus
1759 3086 1898 3149 aProolo

566 3177 741 3238 inculcatum
763 3174 974 3253 repudiaverat
1019 3176 1097 3254 Quid
1119 3186 1181 3238 turn
1202 3181 1292 3253 enirn,
1314 3182 1340 3239 st
1362 3179 1540 3258 Pythagorei
1561 3177 1668 3256 figuras
1690 3177 1745 3236 has
1766 3175 1898 3236 elemeu·

566 3267 612 3340 tis,
636 3281 694 3324 nou
717 3281 787 3325 vero
810 3271 843 3323 ut
864 3281 928 3342 ege,
951 3266 1081 3342 sphaeris
1102 3265 1202 3325 mundi
1225 3265 1431 3327 attribuerint?
1474 3265 1602 3325 Annisus
1622 3271 1701 3325 emet
1720 3261 1841 3336 Remus,
1864 3267 1899 3321 ut

567 3369 689 3416 errorem
710 3351 788 3413 huuc
808 3353 934 3428 ipsorum
953 3345 1033 3412 'circa
1063 3356 1219 3430 genuinum
1249 3354 1405 3431 figurarum
1432 3353 1595 3429 subjeetum
1620 3350 1760 3436 tolleret„
1780 3356 1813 3409 ut
1842 3365 1898 3426 ego

565 3441 635 3512 feci,
662 3455 720 3498 non
744 3447 834 3499 totum
856 3439 931 3500 hauc
952 3437 1166 3516 philosophiam
1188 3455 1246 3502 uno
1268 3442 1358 3502 verbo
1381 3443 1531 3519 tymnnice
1552 3439 1726 3500 sustulisset.
1770 3435 1900 3513 Quidni

566 3525 754 3604 Pythagorici
776 3525 832 3586 hoe
853 3525 930 3586 idem
952 3525 1123 3602 docuerunt,
1156 3527 1235 3604 qnod
1263 3544 1335 3606 ego,
1365 3529 1537 3588 sententiam
1562 3527 1721 3587 involucris
1741 3524 1899 3585 verborum

566 3612 722 3673 texerunt?
765 3611 868 3674 Nonne
890 3613 1089 3689 Cepernicana
1110 3614 1210 3692 mundi
1230 3615 1323 3676 forma
1344 3620 1440 3676 exstat
1461 3617 1491 3672 in
1512 3617 1577 3691 lpse
1599 3611 1767 3687 Aristotele,
1788 3627 1899 3688 perpe·

567 3716 628 3759 ram
651 3701 688 3760 ah
711 3701 775 3778 ipso
796 3701 922 3761 refutata
942 3702 997 3762 sub
1019 3702 1184 3762 nominihus
1206 3701 1285 3763 altis:
1308 3702 1378 3762 dum
1398 3701 1441 3761 illi
1455 3700 1554 3762 Solem
1574 3701 1685 3779 lgnem,
1707 3700 1821 3759 Lunam
1833 3699 1900 3757 An·

566 3785 717 3848 tichthona
738 3787 942 3863 appellarunt?
985 3788 1164 3866 sinumque
1185 3787 1337 3866 dispositio
1360 3790 1472 3849 orbium
1494 3788 1595 3849 eadem
1616 3787 1671 3848 fuit
1692 3785 1770 3865 apud
1784 3785 1901 3864 Pytha-

568 3890 685 3951 goreos,
715 3891 790 3950 quae
818 3874 897 3951 apud
919 3875 1123 3952 (lopernicum‚
1149 3878 1175 3936 si
1202 3885 1273 3937 nota
1300 3892 1421 3953 corpora
1448 3878 1575 3952 quinque
1604 3891 1761 3951 eorumque
1788 3874 1903 3934 numeri

568 3964 691 4039 quinarii
712 3964 879 4036 necessitas,
902 3965 927 4021 si
941 3969 1107 4025 constanter
1121 3979 1221 4025 omues
1235 3964 1403 4039 docuemm,
1426 3979 1547 4040 corpora
1568 3965 1695 4042 quinque
1714 3977 1782 4021 esse
1798 3959 1901 4020 mnndi

514 4089 519 4107 ,
567 4052 692 4128 partium
715 4047 895 4127 archetypos,
919 4052 1089 4126 quantulum
1111 4059 1252 4130 superest,
1274 4058 1308 4110 ut
1329 4050 1479 4111 credamus
1500 4049 1615 4110 illorum
1636 4050 1821 4122 sententiam,
1844 4047 1902 4108 sub

568 4140 730 4213 aenigmate
759 4137 797 4195 ah
819 4137 975 4198 Aristotele
1010 4138 1129 4214 lectam,
1170 4141 1254 4216 quasi
1285 4137 1339 4197 suh
1368 4155 1437 4198 reru
1458 4137 1665 4199 vocabulorum
1693 4153 1781 4198 sensn
1810 4135 1902 4196 fnisse

568 4226 738 4285 refutatam:
771 4221 839 4283 dum
862 4223 1031 4286 Aristoteles
1052 4225 1125 4304 legit
1145 4224 1282 4299 Terram,
1314 4225 1362 4285 cui
1382 4225 1488 4285 cubum
1510 4223 1632 4298 dabant,
1662 4241 1726 4285 cnm
1748 4224 1805 4300 ipsi
1827 4223 1902 4284 forte

568 4311 725 4373 Saturnum
746 4310 948 4388 intellexerint,
975 4312 1058 4390 cujus
1081 4314 1159 4373 orbis
1181 4314 1353 4390 interpositu
1375 4310 1440 4374 cubi
1462 4320 1623 4373 summotus
1645 4320 1690 4372 est
1711 4329 1730 4377 a
1750 4309 1841 4371 Jove·
1863 4310 1903 4370 Et

568 4399 675 4460 Terrae
700 4397 816 4475 quidem
839 4399 967 4476 quietem
993 4399 1099 4477 vulgus
1121 4399 1275 4475 adscribit,
1304 4397 1446 4461 Saturnus
1467 4417 1538 4462 vero
1559 4406 1670 4460 motum
1697 4396 1905 4470 tardissimum,

568 4489 658 4564 quieti
681 4487 851 4565 proximum,
874 4494 919 4546 est
940 4488 1068 4561 sortitus,
1091 4486 1169 4548 unde
1184 4489 1271 4548 eham
1292 4486 1369 4565 apud
1384 4485 1534 4549 Hebraeus
1556 4504 1574 4547 a
1597 4487 1695 4564 quiete
1715 4501 1824 4545 nomen
1846 4485 1904 4544 oh-

569 4577 662 4634 tinuit.
709 4573 758 4634 Sic
779 4574 839 4633 siri
862 4571 961 4634 datum
984 4571 1138 4635 oetaeum
1160 4573 1233 4652 legit
1253 4575 1440 4649 Aristoteles,
1469 4591 1535 4635 cum
1561 4572 1604 4633 illi
1629 4572 1702 4633 forte
1723 4569 1905 4634 Macerinus

569 4659 775 4736 intellexerint,
803 4659 885 4738 cujus
908 4661 985 4722 orbis
1008 4662 1143 4722 octaedro
1166 4661 1294 4723 inclusus
1316 4670 1387 4743 est„
1407 4678 1462 4724 nec
1487 4662 1583 4724 minus
1610 4659 1697 4722 velox
1717 4668 1762 4721 ast
1782 4658 1905 4721 Mercu·

568 4749 628 4807 rius
651 4743 773 4829 (quippe
797 4749 924 4810 omnium
947 4743 1165 4830 velocissimus)
1195 4765 1283 4826 quarn
1311 4748 1429 4810 mobilis
1458 4752 1508 4810 atr
1536 4747 1666 4810 habetur.
1707 4745 1789 4825 Ignis
1810 4762 1905 4808 roca·

569 4834 639 4894 bulo
660 4835 782 4897 tortasse
804 4833 884 4898 Mars
904 4836 960 4896 fuit
980 4838 1151 4912 insinuatos,
1174 4837 1223 4898 cni
1243 4837 1319 4898 alias
1341 4837 1430 4898 ctiam
1450 4833 1487 4898 ab
1510 4835 1578 4914 igne
1599 4850 1704 4896 nemen
1726 4840 1772 4896 est
1785 4831 1904 4914 Pyrois,

569 4929 657 4998 atque
679 4919 723 4980 illi
744 4921 909 4985 munimen
931 4923 1045 4998 datum,
1076 4924 1148 4984 forte
1179 4923 1251 5000 quia
1278 4922 1434 4988 includitur
1456 4922 1519 5000 eius
1541 4923 1619 4984 urbis
1640 4921 1697 4985 bac
1717 4920 1820 4999 Qut&
1865 4919 1906 4982 Et

569 5025 664 5085 aquae
685 5007 739 5068 suh
762 5011 926 5086 nvclucro,
949 5013 996 5074 cul
1018 5005 1188 5073 icosaddrnn
1204 5013 1390 5085 attributum,
1413 5011 1532 5072 Veneris
1552 5008 1639 5072 stella
1660 5004 1709 5091 (ut
1730 5009 1814 5085 cujus
1835 5025 1906 5068 cur-

568 5095 690 5158 riculum
712 5095 861 5158 icosaidro
885 5094 1060 5180 continetur)
1084 5097 1175 5160 latere
1197 5102 1311 5177 potuit,
1335 5099 1405 5177 quic
1427 5097 1533 5159 Veneri
1554 5096 1690 5160 humores
1710 5095 1835 5172 subjecti
1857 5097 1906 5172 ip-

569 5200 660 5262 saque
683 5181 786 5245 dicitur
808 5192 872 5246 orta
900 5187 988 5246 maris
1015 5181 1136 5263 spuma,
1166 5184 1244 5250 unde
1272 5203 1330 5248 vox
1349 5182 1517 5266 Ἀφροθκη.
1560 5183 1696 5263 Denique
1721 5181 1824 5246 muudi
1844 5198 1906 5245 vor
1977 5192 1980 5200 ⁴
