4467 6192
531 638 594 699 m
944 629 986 687 Dc
1005 625 1272 700 Condgurationibas
1290 628 1468 688 Harmonicis.

484 855 488 868 .
531 816 663 893 proxime
679 809 809 884 adstans,
834 826 932 871 crassa
948 813 1033 868 nimis
1044 827 1140 885 eoque
1165 818 1194 869 et
1209 810 1347 871 inhabilis
1365 813 1418 871 iu‘it
1437 813 1474 872 ad
1489 812 1687 892 recipiandam
1702 812 1884 891 purissiman

530 901 727 981 proportionis
748 897 854 971 ideam,
879 906 911 957 ut
929 900 993 974 jam
1016 901 1124 974 statim
1139 897 1272 977 pluribus
1295 899 1458 977 explicabo.

617 988 702 1047 Nunc
724 988 801 1045 enim
824 986 862 1044 ad
884 987 1066 1061 energetioas
1088 984 1244 1045 facultates
1268 990 1369 1059 renio,
1393 1004 1470 1064 quae
1491 990 1567 1047 circa
1590 989 1795 1065 proportiones
1819 986 1886 1045 har-

530 1078 663 1135 monicis
692 1082 880 1152 occupantur.
927 1074 980 1132 list
1002 1091 1029 1131 n.
1058 1072 1132 1131 haec
1155 1088 1274 1148 quoque
1298 1074 1419 1151 duplex,
1451 1092 1519 1135 nam
1550 1084 1602 1135 aut
1630 1080 1660 1133 in
1692 1084 1724 1134 sc
1749 1078 1815 1152 ipsa
1844 1079 1886 1133 est

532 1179 666 1243 operosa,
690 1170 741 1221 aut
762 1164 792 1217 in
815 1161 902 1220 rebus
926 1170 1007 1219 extra
1028 1177 1075 1231 se,
1100 1163 1237 1235 utrinque
1260 1162 1426 1221 assimilans
1450 1178 1539 1241 opera
1561 1180 1616 1222 sna
1638 1161 1885 1241 proportionibus,

532 1261 585 1311 aut
606 1250 746 1309 inducens
769 1248 875 1306 basin
899 1248 959 1307 illa.
984 1248 1043 1305 'Et
1063 1247 1115 1305 illa
1139 1247 1258 1323 quidem
1280 1252 1419 1326 passivae
1441 1251 1545 1309 similis
1568 1258 1622 1325 cst,
1646 1254 1703 1309 ista
1725 1253 1800 1308 citra
1816 1264 1886 1307 con·

530 1340 703 1398 troversiam
723 1338 754 1392 in
777 1335 892 1412 agendo
915 1342 1079 1403 exercetor,
1111 1334 1163 1393 ilia
1186 1337 1275 1410 igitur
1297 1338 1463 1397 inieriorum
1486 1342 1602 1397 animae
1624 1338 1800 1397 insultatum
1825 1352 1887 1393 rur·

530 1445 594 1485 sum
618 1434 662 1485 cst
684 1423 811 1496 soboles,
836 1426 893 1482 iata
915 1425 1113 1499 superiorum3
1142 1422 1194 1481 ilia
1217 1432 1339 1483 naturae
1363 1427 1473 1484 viribus
1496 1426 1611 1498 subest,
1642 1425 1715 1484 hacc
1737 1422 1885 1483 voluntati

531 1514 667 1584 hominis,
690 1511 742 1569 iila
764 1525 836 1569 sanc
851 1516 933 1569 motu
947 1509 1041 1587 pollet
1056 1509 1248 1583 alterationis,
1271 1527 1360 1587 quarn
1377 1514 1490 1591 corpori
1512 1529 1565 1573 suo
1580 1513 1693 1586 inierat,
1718 1519 1751 1570 ut
1767 1512 1887 1571 omnino

531 1601 665 1661 iacultsti
692 1599 788 1657 subsit
818 1598 910 1655 vitali.
956 1594 1044 1671 Quod
1075 1599 1151 1655 enim
1182 1596 1361 1657 delectamur
1390 1599 1549 1659 harmoniis
1572 1612 1723 1666 sonorum,
1758 1601 1887 1676 speciem

530 1689 677 1767 passionis
698 1686 796 1760 habet,
820 1687 930 1763 quippe
953 1684 1131 1743 delinitionis
1156 1682 1421 1765 demulsionisque,
1447 1687 1525 1748 unde
1548 1692 1638 1747 etiam
1659 1705 1678 1746 a
1699 1686 1888 1765 philosophis

531 1773 710 1853 spatiendo
733 1772 900 1851 sympathia
922 1772 1029 1830 dicitur
1050 1774 1214 1830 animorum
1236 1788 1302 1831 oum
1325 1782 1426 1848 cantu3
1458 1783 1627 1836 esttamen
1657 1793 1687 1834 re
1709 1790 1783 1833 aera
1815 1790 1888 1850 opc·

529 1867 605 1922 ratio
628 1865 752 1934 animae,
776 1860 902 1919 naturali
925 1865 1006 1917 moto
1029 1861 1144 1934 agentis
1165 1862 1196 1917 in
1218 1864 1359 1938 seipsam
1374 1878 1498 1939 seseque
1514 1864 1727 1935 exsuscitantis,
1753 1860 1792 1920 ad
1808 1859 1889 1937 qnod

530 1950 582 2009 illa
603 1966 662 2008 non
685 1948 807 2008 consilio
830 1964 884 2007 nco
907 1947 1068 2018 voluntate,
1092 1946 1144 2004 sed
1168 1949 1306 2006 instinctu
1330 1950 1456 2009 naturali
1479 1950 1568 2009 icrtur
1589 1950 1737 2025 habetque
1760 1950 1827 2023 jam
1851 1948 1888 2006 ab

530 2041 595 2116 ipso
618 2045 682 2096 ortu
706 2052 852 2095 connexas
874 2043 905 2094 et
927 2037 956 2090 in
979 2048 1068 2093 unum
1091 2036 1176 2109 quasi
1199 2035 1340 2095 coniicias
1364 2036 1444 2095 ideas
1467 2044 1496 2096 et
1511 2038 1726 2097 harmoniarum
1749 2038 1781 2093 in
1796 2050 1888 2093 sonos

530 2128 797 2203 incorporatam,
827 2128 857 2181 et
884 2120 1069 2180 affectionum
1098 2123 1188 2180 animi
1219 2122 1471 2199 respondentium,
1502 2136 1535 2185 ut
1562 2141 1620 2185 non
1651 2125 1736 2183 aliter
1768 2125 1829 2201 ipsi
1851 2126 1890 2180 sit

530 2212 704 2290 implantata
731 2210 797 2269 idea
826 2209 1013 2281 barmoniae,
1050 2225 1140 2285 quam
1176 2220 1321 2284 quatenus
1358 2210 1497 2294 laetificat
1531 2222 1633 2289 estque
1663 2210 1888 2270 delectabilium

531 2299 645 2375 aliquid
667 2306 697 2358 et
719 2306 865 2374 quatenus
887 2304 931 2356 cst
953 2295 1037 2354 ideae
1059 2306 1157 2354 motus
1179 2298 1334 2356 conformis
1358 2298 1494 2376 implexa.
1541 2298 1607 2359 Hoc
1629 2302 1732 2377 opinor
1748 2296 1891 2357 Proclam

524 2403 619 2465 ¹supra
650 2386 796 2457 suluisse,
828 2401 893 2443 cum
916 2382 1086 2458 aiiirmarct,
1119 2384 1323 2460 paradigmata
1351 2403 1443 2445 rerum
1474 2388 1745 2446 mathematicorum
1780 2386 1826 2460 (et
1849 2387 1891 2443 sic

533 2477 622 2534 etiam
644 2472 796 2549 multoque
819 2470 1167 2547 maginharmoniarum)
1191 2474 1288 2532 inesse
1305 2476 1343 2530 in
1366 2482 1463 2532 menie
1489 2474 1724 2535 intellectualiter
1746 2470 1891 2553 (noeane),

531 2565 561 2620 in
588 2563 688 2621 anima
717 2577 788 2620 vero
814 2559 944 2618 ritaliter
969 2555 1132 2639 (ζωτικως);
1161 2561 1203 2618 sic
1231 2574 1259 2616 n.
1289 2562 1403 2618 inerunt
1431 2562 1519 2620 ctiam
1547 2562 1576 2619 in
1599 2561 1738 2620 laenitate
1769 2559 1892 2618 auditus

531 2665 646 2722 sonore,
669 2651 699 2706 io
722 2647 806 2706 vitali
828 2647 1029 2705 sublunarium
1048 2646 1168 2704 radiosa
1191 2654 1220 2705 et
1242 2650 1401 2722 operativa,
1425 2666 1465 2707 sc.
1490 2666 1546 2707 non
1570 2658 1637 2708 aunt
1657 2651 1723 2727 ipsa
1745 2646 1893 2724 paradig-

534 2746 615 2796 mata
637 2752 710 2813 pura
732 2737 861 2806 interna,
885 2734 937 2793 sed
959 2735 1059 2792 icones
1077 2732 1215 2805 iliorum,
1238 2734 1316 2793 toras
1340 2736 1473 2795 derivati.

619 2822 704 2899 Quod
727 2840 798 2882 vcro
820 2836 879 2880 non
903 2828 1017 2880 tautum
1039 2818 1218 2879 delectamur
1241 2820 1392 2881 harmonia
1408 2830 1520 2896 cantus,
1545 2818 1701 2881 sedetiam
1717 2821 1892 2897 digitorum,

532 2915 605 2985 oris,
634 2899 742 2988 pedum
765 2910 953 2987 corporisque
980 2916 1077 2966 motus
1101 2909 1370 2984 accommodamus,
1401 2910 1439 2968 td
1450 2912 1514 2986 jam
1541 2916 1723 2986 praestamus
1745 2906 1893 2968 facultate

532 2998 668 3072 animali,
693 2998 798 3075 juncta
821 2996 988 3055 voluntate.
1034 2996 1074 3053 nt
1102 3012 1168 3053 aum
1192 2998 1279 3056 etiam
1297 3012 1405 3057 rocem
1435 2998 1472 3057 ad
1496 2996 1663 3073 harmonias
1686 2995 1893 3071 intelligibiles

532 3085 795 3160 accommodamus,
817 3084 993 3143 meditantes
1016 3085 1189 3142 concinnum
1213 3094 1338 3158 cantum,
1362 3092 1450 3145 antea
1473 3100 1530 3144 non
1549 3083 1690 3157 auditum,
1714 3082 1763 3142 bic
1786 3100 1894 3161 supre-

532 3177 590 3234 mis
611 3172 778 3249 iniimisque
801 3174 937 3232 omnibus
959 3170 1150 3229 facultatibus
1174 3172 1296 3245 utimur3
1320 3165 1462 3252 supremis
1485 3170 1613 3248 quidem,
1642 3169 1721 3247 quod
1745 3181 1778 3229 ct
1801 3170 1894 3229 volu·

531 3278 596 3321 mus
619 3271 650 3320 et
673 3260 794 3319 consilio
817 3263 934 3331 utimur,
957 3258 1144 3316 interioribus
1169 3275 1251 3332 vero,
1277 3260 1354 3337 quod
1378 3274 1533 3337 possumus
1558 3268 1588 3317 et
1609 3257 1688 3334 quod
1712 3259 1803 3317 etiarn
1829 3261 1895 3317 sine

532 3348 730 3408 intellectione
752 3349 971 3426 proportionum
994 3343 1073 3405 solas
1097 3345 1178 3405 ideas
1201 3347 1432 3421 intervallorum,
1455 3357 1560 3406 natura
1588 3346 1779 3423 lopiantatas,
1804 3354 1896 3404 cantu

534 3438 736 3514 exprimimus,
766 3435 948 3495 incoationis
962 3434 1110 3513 ⁸omnibus
1139 3434 1280 3509 exclusis,
1313 3452 1365 3513 per
1391 3435 1456 3494 sola
1484 3432 1641 3493 intervalla
1666 3435 1815 3493 concinna
1848 3430 1896 3491 di-

534 3534 686 3601 vagantes.
884 3538 888 3547 ·

526 3597 531 3607 ’
619 3610 770 3669 Hactenus
792 3608 882 3682 igitur
904 3606 1064 3684 explicatas
1085 3607 1241 3668 facultates
1264 3608 1453 3668 harmonicas
1472 3606 1636 3668 essentialis
1661 3605 1713 3664 illa
1736 3607 1896 3667 hannonia

533 3699 616 3757 Deus
636 3700 701 3774 ipsc
723 3697 884 3772 exspiravit
913 3694 1056 3766 creando,
1088 3703 1122 3753 ut
1144 3698 1193 3771 qui
1224 3703 1269 3754 est
1292 3694 1377 3757 odora
1400 3694 1538 3775 ireqyerq,
1570 3696 1785 3771 inspiraritquc
1815 3694 1895 3753 itanc

533 3784 705 3863 particulam
733 3799 806 3841 suae
836 3782 971 3858 imaginis
998 3784 1028 3839 in
1059 3784 1172 3841 animas
1195 3784 1312 3844 omuino
1337 3782 1456 3857 omnes,
1483 3781 1643 3867 secundam
1665 3783 1762 3858 magis
1791 3788 1893 3842 umen

533 3878 563 3933 et
583 3875 694 3944 minus,
718 3870 996 3946 qaainculcationc
1017 3870 1104 3929 linem
1126 3872 1246 3947 impono
1270 3879 1299 3930 et
1320 3870 1388 3931 huic
1411 3872 1508 3949 capiti.

1103 4103 1246 4175 CAPUT
1272 4104 1324 4175 lll.

534 4250 625 4320 Quae
651 4248 719 4304 sint
745 4263 871 4318 genera
896 4268 956 4300 aar
983 4247 1206 4319 ἢρμοσμινων,
1233 4247 1295 4302 hoc
1325 4256 1377 4301 est
1405 4262 1518 4301 rerum
1542 4262 1601 4302 sea
1624 4246 1806 4302 sensilium
1833 4262 1893 4302 sea

533 4335 852 4403 immateriatarurn,
871 4331 906 4387 in
925 4332 1055 4401 quibus
1074 4348 1256 4403 expressae
1275 4338 1352 4391 sunt
1369 4333 1565 4389 barmoniae
1584 4334 1691 4401 sicea
1710 4336 1796 4407 Deo,
1817 4336 1893 4390 sire

991 4420 1030 4475 ab
1048 4418 1183 4473 homine
1208 4426 1242 4474 et
1261 4418 1456 4488 quomodo..

624 4568 785 4627 Distinctas
808 4584 874 4627 esse
897 4568 1085 4643 quaestiones
1100 4564 1186 4631 laclia
1201 4572 1297 4643 patet:
1327 4566 1358 4639 1)
1381 4566 1427 4623 cui
1441 4566 1532 4623 insint
1553 4564 1722 4624 harmoniae
1746 4573 1894 4642 tanquam
1972 4638 1973 4641 Ἴ

540 4658 648 4731 agenti,
670 4656 815 4731 iormanti,
839 4671 893 4714 seu
915 4654 1026 4733 opifici,
1061 4655 1096 4729 ii)
1119 4655 1166 4712 cui
1189 4656 1279 4711 irrsirn
1300 4660 1441 4728 tanquam
1461 4654 1542 4731 operi
1564 4652 1696 4712 iormsto.
1736 4652 1783 4713 Dc
1800 4654 1893 4731 priori

535 4744 649 4820 egimus
671 4742 830 4813 hactenus,
853 4742 890 4801 dc
912 4744 1064 4819 posteriori
1086 4756 1164 4799 nnnc
1186 4756 1271 4817 porro
1294 4740 1441 4814 agendum
1464 4740 1636 4799 accuratius.
1968 4730 1972 4751 ⁴

620 4828 680 4887 Res
706 4832 795 4905 igitur
824 4846 925 4889 omnes
957 4830 1003 4890 rel
1025 4837 1094 4888 suut
1124 4829 1337 4887 immateriatas
1364 4826 1412 4887 rel
1442 4831 1565 4888 materia
1594 4828 1779 4906 participant.
1827 4828 1893 4887 Im·

534 4919 688 4977 materiata
708 4926 755 4975 est
776 4918 875 4976 aalma
897 4915 1046 4996 (respecto
1068 4915 1187 4993 quidem
1211 4915 1355 4994 corporis)
1378 4922 1466 4991 atque
1483 4915 1563 4989 haec,
1586 4923 1619 4974 ut
1635 4914 1778 4975 hactenus
1801 4930 1892 4975 usar·

535 5008 679 5083 parimus,
703 5009 766 5062 tota
786 5010 920 5082 respectu
943 5022 1014 5064 suae
1037 5005 1183 5063 essentiae
1206 5001 1351 5080 descripta
1373 5008 1418 5063 est
1440 5002 1539 5061 aDco
1564 5002 1592 5061 in
1614 5002 1668 5061 has
1683 5005 1891 5081 proportiones

535 5091 728 5165 hamonicsq
753 5107 887 5168 quaeque
908 5095 988 5169 prius
1011 5096 1126 5151 inerant
1147 5093 1262 5151 animae
1285 5098 1319 5151 ut
1341 5088 1448 5169 opidci,
1471 5104 1511 5151 sc.
1535 5097 1568 5151 ιιι
1590 5098 1636 5152 ast
1657 5092 1787 5167 energia,
1811 5108 1891 5153 nunc
