4467 6192
963 666 1104 740 Apologia
1641 659 1703 719 est

357 849 434 911 alias
456 857 592 928 spectant
613 852 768 925 materiam
791 856 823 909 at
844 851 1004 910 membrum
1027 847 1264 925 comparationis,
1288 859 1348 920 qao
1362 839 1399 904 de
1421 839 1639 914 nnucaghsun
1658 840 1707 894 'est

354 937 393 997 de
416 947 484 997 orta
507 938 721 998 harmoniarum
741 939 780 995 in
809 940 925 1014 specic3
956 936 1004 995 hic
1026 936 1103 995 idem
1131 934 1182 993 iiie
1204 928 1278 1007 ego,
1309 931 1358 1006 qui
1380 928 1455 989 alias
1472 933 1591 987 veteres
1619 923 1706 982 toties

355 1028 466 1097 imitor,
489 1044 566 1086 nunc
590 1027 708 1085 eosdem
730 1040 847 1102 respuo,
869 1040 963 1085 rernm
985 1033 1121 1082 naturam
1142 1021 1274 1081 consulo.
1301 1016 1408 1077 'Nulla
1430 1016 1491 1075 hic·
1506 1014 1706 1105 maenum

352 1130 498 1173 mearum
519 1114 734 1173 inconstantia.
798 1120 799 1125 ’
913 1165 919 1179 ,

446 1199 547 1279 Manis
568 1206 602 1260 ta
629 1201 749 1261 Boebeis·
772 1197 980 1275 annonaque
1000 1198 1163 1257 renuntias
1187 1196 1271 1271 sequi
1293 1195 1387 1270 marn
1417 1206 1516 1259 meas,
1553 1189 1607 1263 qni
1632 1199 1708 1246 neca

354 1290 484 1347 scientia
505 1289 610 1347 multis
630 1288 775 1364 prsaibm
801 1290 839 1345 iis
859 1303 927 1344 sum
950 1282 1196 1361 postponendus?
1237 1280 1463 1339 Excusationem
1488 1276 1596 1345 habos,
1630 1288 1706 1347 qua-

355 1382 446 1434 tenus
468 1375 670 1451 speculatione
704 1377 822 1451 insuper
843 1374 946 1433 habita
967 1372 1063 1433 tendis
1086 1372 1124 1431 ad
1146 1372 1267 1448 praxinq
1290 1364 1459 1443 huiusmodi
1480 1365 1558 1423 enirn
1579 1360 1709 1419 contenti

354 1472 424 1521 sunt
448 1466 622 1523 auctoritate
644 1464 783 1539 famaque
805 1463 987 1537 scriptorum.
1034 1460 1108 1518 Mihi
1138 1474 1242 1518 cmsas
1265 1454 1443 1516 examinanti
1472 1452 1602 1527 legitime
1623 1444 1708 1505 nulla

352 1550 490 1613 sufficere
512 1556 611 1627 potest
630 1552 797 1621 auctoritas,
821 1550 990 1624 praesertim
1014 1550 1040 1605 si
1063 1548 1169 1618 famosi
1190 1528 1345 1620 scriptores
1367 1544 1396 1599 in
1419 1555 1514 1599 errore
1530 1538 1630 1612 aliquo
1652 1532 1708 1592 de-

353 1636 583 1713 prehendentur.
631 1638 676 1701 An
699 1642 731 1695 tn
762 1652 938 1712 quemquam
961 1637 1111 1695 existimas
1134 1652 1170 1695 eo
1192 1638 1363 1711 provectum
1391 1628 1515 1688 scientia
1542 1621 1706 1697 multiplici,

269 1740 271 1743 ·
354 1733 387 1783 ut
417 1728 446 1782 in
477 1724 559 1783 nulla
581 1742 612 1785 re
635 1723 732 1784 erreti
767 1724 823 1781 ,An
848 1722 1046 1801 impossibile,
1076 1730 1108 1781 ut
1130 1722 1210 1796 qnod
1239 1719 1288 1777 rel
1311 1713 1485 1776 Aristotcles
1513 1713 1561 1772 vel
1584 1710 1707 1769 Hermes

353 1823 424 1870 tuns
448 1814 630 1882 cinerescit,
653 1810 682 1869 id
697 1810 807 1871 ¹videat
829 1810 1037 1887 discipulorum
1061 1808 1160 1870 unus'l
1206 1807 1320 1883 Quibus
1342 1804 1464 1881 positis,
1491 1816 1549 1860 non
1572 1796 1708 1873 equidem
1796 1836 1806 1853 .

354 1900 506 1957 effcccrint
528 1908 644 1958 centnm
667 1898 759 1957 millia
783 1914 916 1958 rarorum
939 1898 1128 1974 dogmatum,
1155 1899 1184 1954 ln
1207 1894 1348 1970 sementis
1372 1892 1469 1950 animo
1493 1891 1708 1964 impressorum,

355 1994 389 2045 ut
413 2003 493 2045 error
514 2003 591 2045 unus
614 1989 804 2062 interspersus
827 2002 884 2045 non
908 1988 946 2044 sit
968 2002 1054 2043 error.
1697 2020 1701 2025 -

445 2074 480 2132 Si
496 2073 653 2150 Keplerm,
678 2076 781 2149 inquis,
806 2080 940 2133 ueterum
951 2072 1197 2149 profrniditctem
1210 2072 1246 2128 in
1258 2077 1377 2129 natura
1389 2065 1587 2134 mecummet,
1610 2066 1709 2119 artro-

351 2164 497 2221 nome'cm
518 2178 607 2219 auam
628 2162 758 2238 sabam,
781 2162 978 2221 harmoniam
999 2161 1222 2235 imaginariam
1243 2158 1436 2216 ecdarnoret.
1483 2152 1523 2209 At
1544 2150 1633 2222 hocf
1646 2146 1709 2204 Ro-

354 2249 454 2319 berte,
489 2264 547 2305 non
580 2256 625 2306 est
655 2248 792 2307 refutare.
836 2247 919 2322 Nego
949 2249 1123 2306 sententiam
1155 2261 1223 2305 meo
1256 2243 1431 2304 conditionis
1464 2240 1578 2316 positae
1610 2250 1708 2295 seusu.

355 2335 561 2411 Pythagoram
581 2336 661 2393 enim
682 2344 714 2393 et
731 2335 886 2395 Boethium
903 2334 1112 2409 cireaqnidem
1134 2334 1331 2392 asnonomica
1352 2338 1383 2390 et
1404 2328 1577 2388 harmonica
1594 2324 1657 2381 sinc
1679 2327 1708 2379 ts

354 2424 517 2497 interprete
548 2421 688 2498 intelligo.
735 2424 775 2481 At
804 2432 855 2481 tuo
885 2439 973 2480 sensu
1003 2420 1128 2481 fortasse
1158 2438 1257 2479 verum
1281 2425 1339 2492 est,
1371 2420 1398 2476 si
1421 2416 1526 2493 pennis
1556 2410 1614 2470 illis
1641 2416 1709 2467 tuae

354 2510 582 2585 imaginationis
615 2512 772 2572 instructus
800 2526 913 2583 essem,
943 2509 1067 2572 tortasse
1097 2506 1308 2568 transvolarem
1340 2506 1453 2565 ameis
1482 2497 1710 2563 correctionibus

354 2597 397 2655 ad
421 2604 548 2675 veteres,
570 2600 642 2671 quin
664 2599 723 2654 imo
747 2597 794 2657 vol
819 2614 884 2657 curn
906 2596 1032 2656 Platone
1055 2598 1232 2668 intonatum,

656 2679 812 2761 Ἥφαιστε,
837 2680 956 2760 προμολ’
982 2678 1058 2745 ὦδε·
1080 2686 1237 2761 Κεπληρος
1259 2703 1319 2741 aero
1342 2674 1459 2758 χατιζιι.

363 2770 470 2828 Variis
492 2788 654 2845 coeperam
676 2774 848 2830 resistmtie's
869 2758 1084 2832 mmmmneiia
1105 2769 1240 2829 divertas
1259 2770 1416 2843 procreari
1437 2780 1533 2839 enque
1554 2762 1616 2820 tuit
1636 2760 1711 2817 uni·

355 2874 427 2915 eam
457 2858 567 2916 mnndi
593 2860 789 2917 bonnoniam
816 2861 992 2934 procreari3
1024 2867 1054 2917 et
1081 2860 1156 2917 inira
1183 2874 1251 2933 pag.
1278 2858 1327 2914 lb.
1351 2854 1403 2913 lin.
1427 2855 1484 2912 ‘etz
1514 2848 1711 2907 bonnoniam

354 2946 536 3003 naturalem
563 2962 621 3003 esre
648 2949 727 3004 inter
757 2949 887 3005 uniones
910 2946 1068 3005 berreoolac
1089 2954 1116 3005 et
1135 2948 1290 3021 passiones
1315 2943 1388 3002 onte
1409 2941 1566 3016 dispositae
1587 2936 1712 2992 animat

356 3031 541 3090 mundanae
562 3051 632 3091 cnm
654 3034 718 3106 ejus
739 3034 911 3092 substantia
933 3034 1103 3108 materiali,
1135 3032 1224 3092 haec.
1247 3035 1383 3106 inquam,
1411 3045 1479 3105 pars
1503 3031 1547 3085 est
1570 3022 1711 3080 orationis

356 3132 438 3189 tuas,
462 3136 531 3195 pars
553 3122 823 3197 aequivocationis,
849 3121 912 3195 jam
934 3136 1022 3196 supra
1045 3128 1149 3179 metae.
1195 3119 1271 3177 Mihi
1299 3116 1490 3193 consonantia
1520 3112 1549 3168 in
1572 3124 1711 3167 sonoram

356 3208 503 3265 mixtione
527 3216 587 3279 est,
618 3224 692 3283 qnos
720 3207 798 3269 elisit
822 3204 973 3284 corporum
997 3207 1165 3283 conflictum
1197 3206 1385 3266 harmonicae
1405 3200 1608 3281 proportiones
1637 3196 1711 3252 inter

356 3294 542 3369 quantitates
564 3304 647 3368 sunt,
677 3303 808 3353 motuum
831 3298 1016 3370 praesertim,
1048 3311 1105 3355 non
1135 3297 1211 3353 inter
1232 3296 1298 3369 ipsa
1319 3308 1458 3368 corpora,
1490 3303 1545 3345 nec
1565 3286 1642 3342 inter
1662 3298 1711 3339 re·

355 3382 522 3440 sistentias.
568 3381 728 3457 Loquimur
750 3383 892 3441 arbitratu
914 3384 1039 3457 quisque
1061 3398 1125 3455 suo,
1151 3394 1204 3441 nec
1225 3381 1282 3441 hoc
1305 3377 1479 3441 diverticulo
1494 3370 1710 3434 adconflicbuu

356 3471 489 3527 invicem
511 3469 675 3528 obviamus.
1186 3472 1190 3477 ’
1362 3507 1364 3512 -

450 3554 483 3615 Si
503 3555 706 3615 condemnare
728 3564 782 3629 est,
804 3554 936 3614 refellere
960 3572 1047 3613 unum
1071 3557 1101 3612 in
1124 3555 1300 3621 harmonicis
1323 3569 1448 3613 onorem
1470 3547 1515 3630 (ut
1536 3546 1573 3607 de
1596 3544 1711 3604 duobus

357 3644 440 3702 tanis
462 3643 622 3717 majoribus
646 3660 760 3719 semper
783 3660 815 3701 sc
838 3644 961 3703 invicem
986 3644 1207 3717 insequentibus
1229 3650 1259 3702 et
1280 3638 1412 3721 similia),
1442 3655 1511 3713 age,
1534 3634 1572 3694 ad
1595 3642 1625 3693 te
1640 3638 1711 3692 -esto

357 3732 551 3806 provocatio,
582 3740 614 3789 tu
636 3730 736 3789 reside
760 3738 839 3804 acta,
862 3746 943 3789 meas
966 3732 1093 3789 rationes
1116 3732 1246 3802 reielle,·
1265 3748 1342 3805 pone
1365 3722 1548 3802 clipeorum
1570 3720 1661 3780 sorba
1683 3726 1713 3778 ot

357 3826 443 3875 taam
468 3818 554 3891 juxta
584 3819 737 3877 verborum
769 3818 1052 3891 interpretationem
1084 3817 1130 3875 dic
1158 3819 1209 3877 uhi
1238 3835 1293 3893 ego
1322 3835 1368 3877 mc
1390 3818 1487 3891 ipsum
1513 3806 1711 3886 confundam,

358 3905 513 3963 demtum
535 3906 659 3979 stipam,
689 3921 823 3963 recusem
844 3905 996 3963 nreliora?
1038 3902 1104 3962 Hoc
1136 3907 1213 3963 enirn
1243 3907 1268 3961 si
1291 3911 1320 3963 et
1343 3904 1450 3963 dixeris
1479 3908 1509 3959 et
1531 3897 1712 3956 demonstra-

359 3994 455 4063 veris,
478 4008 536 4049 non
559 4010 605 4051 me
629 4000 741 4053 tantum
762 3990 815 4049 sed
839 3999 868 4049 at
890 3990 1027 4051 lectorem
1056 3992 1187 4067 juvabis.
1232 3991 1308 4049 Nihil
1340 3994 1404 4067 agis
1435 3982 1599 4061 colligendo
1621 3980 1711 4052 locos,

359 4079 412 4137 uhi
439 4080 593 4154 scriptores
615 4081 722 4151 refuto,
757 4081 813 4137 nisi
836 4080 925 4137 etiam
948 4088 976 4138 tu
1001 4078 1158 4147 delendus,
1188 4096 1264 4154 quae
1291 4096 1337 4137 ma
1360 4085 1447 4154 pates
1479 4073 1556 4133 maie
1577 4068 1711 4130 relatore.

359 4168 449 4225 Dico
463 4182 518 4241 ego
541 4174 675 4226 suctores
707 4169 786 4243 ipsos
810 4164 879 4223 mihi
903 4166 1110 4240 concessuros,
1143 4169 1168 4224 si
1191 4175 1360 4242 praesentas
1390 4163 1496 4225 adsint
1541 4160 1713 4234 Importuna

359 4254 419 4312 hoc
443 4247 508 4312 idco
540 4262 585 4312 est
606 4262 658 4312 tua
681 4255 726 4311 vis
748 4252 1007 4329 eloquentiusicl,
1035 4254 1090 4327 15,
1121 4271 1179 4312 son
1202 4256 1231 4311 in
1254 4271 1301 4313 me
1331 4254 1427 4313 solam
1450 4249 1574 4320 directa,
1605 4241 1657 4303 sed
1683 4245 1712 4299 in

362 4340 434 4400 ilios
457 4343 538 4417 ipsos
561 4342 650 4399 etiam
674 4342 780 4399 vibrari
804 4347 912 4417 potest,
936 4357 1010 4414 quos
1033 4350 1064 4400 tu
1087 4340 1125 4401 ad
1149 4343 1277 4419 speciem
1299 4355 1480 4418 propugnas,
1503 4332 1659 4411 praecipue
1683 4330 1712 4386 iu

360 4428 566 4499 Aristotelem,
597 4430 647 4503 qai
679 4427 828 4486 dimidiam
857 4435 969 4503 partem
998 4431 1093 4505 operis
1122 4433 1167 4487 sni
1197 4430 1342 4489 consumit
1370 4422 1531 4487 refutandis
1554 4417 1711 4479 veteribus.

359 4516 395 4574 ln
416 4516 613 4590 jactabundus
641 4517 683 4574 sic
706 4516 853 4573 inveharis
876 4522 928 4573 aut
951 4516 978 4572 in
1003 4519 1194 4589 victos„non
1216 4520 1246 4575 in
1268 4515 1412 4576 luctantes
1435 4519 1465 4571 ct
1486 4514 1660 4586 pugnantes·

455 4600 579 4675 Qualem
603 4612 630 4661 te
654 4619 723 4661 vero
747 4610 942 4678 correptorem
955 4602 1091 4663 invidiae
1115 4611 1261 4680 praestas,
1290 4602 1358 4660 dum
1382 4600 1497 4676 quoties
1513 4612 1568 4672 ego
1591 4593 1712 4652 verbum

278 4706 282 4711 ·
362 4690 401 4749 de
426 4692 499 4747 meis
523 4691 663 4747 institutis
685 4688 860 4748 discriminis
882 4688 1027 4751 indicandi
1052 4707 1141 4749 causa
1167 4691 1294 4766 protero,
1325 4690 1462 4748 continno
1485 4692 1515 4743 tu
1539 4680 1611 4741 mihi
1631 4679 1713 4757 phil-

359 4780 471 4838 antiae
487 4780 715 4851 jactantiaeque
737 4776 839 4851 alapas
862 4778 1021 4851 impingis?
1066 4778 1132 4835 Non
1156 4794 1255 4836 versor
1278 4779 1306 4833 in
1322 4792 1434 4852 paeane
1453 4772 1534 4847 operi
1548 4787 1613 4829 meo
1637 4784 1712 4844 pan·

359 4864 476 4941 gendo,
506 4863 558 4923 sod
583 4865 610 4920 in
634 4861 809 4940 explicando
832 4879 931 4939 scopo,
955 4880 1041 4937 quem
1070 4863 1160 4921 habui
1182 4865 1382 4940 propositum,
1411 4868 1445 4919 ut
1466 4852 1712 4936 appareataliud

360 4954 417 5013 abs
441 4960 470 5011 te
494 4954 674 5027 quaesitum,
705 4949 785 5010 aliud
815 4967 917 5023 ame;
938 4950 1015 5008 'num
1045 4951 1099 5007 sim
1123 4960 1289 5022 assecutas,
1321 4948 1439 5009 lectoris
1469 4957 1532 5006 esto
1557 4942 1711 5021 judiam,

361 5030 537 5117 praeissem
559 5040 610 5097 nbi
633 5054 771 5097 censuras
793 5043 858 5095 tuas
880 5052 956 5111 qaae
975 5036 1038 5111 jam
1060 5045 1230 5111 sequnntur,
1252 5054 1392 5112 measque
1414 5035 1597 5097 defensiones
1611 5036 1712 5090 contra

361 5146 395 5189 se
420 5129 545 5187 invicem
567 5128 709 5204 posuerit.
754 5122 795 5185 In
815 5124 902 5200 libro,
925 5124 1032 5201 inquis,
1052 5126 1156 5200 prinae
1175 5125 1255 5185 nibil
1274 5124 1320 5185 ad
1338 5141 1443 5187 onam
1461 5120 1572 5183 meandi
1585 5119 1715 5183 hamo*
