4467 6192
520 650 586 711 436
859 608 865 613 ἡ
992 642 1158 715 appendicis
1176 642 1419 699 Harmonicoram·

522 832 551 883 et
572 826 652 882 irrito
675 824 786 899 impetu
817 823 991 882 transvolas.
1035 779 1121 884 blora
1153 822 1303 900 receptum
1332 840 1396 884 esse
1423 826 1518 896 nosd,
1548 824 1574 881 si
1597 821 1706 898 dogma
1726 819 1876 897 quoddam

522 913 595 971 bene
618 910 780 970 stabilitum
804 919 857 982 ost,
882 918 913 969 nt
936 928 1009 969 cum
1026 912 1242 987 objectionibus
1265 911 1544 989 postealerioribua
1562 914 1747 985 transigatur.
1785 908 1877 966 Cam·

522 1010 632 1074 panae,
657 1001 769 1074 inquis,
794 1000 823 1054 in
847 998 962 1075 templis
985 999 1102 1057 minime
1126 996 1264 1058 silentiu
1287 1001 1473 1075 oppositione
1497 999 1598 1055 Lunae
1620 1014 1688 1055 curu
1709 995 1877 1067 malevolis,
1984 1034 1986 1077 ἑ

517 1096 606 1162 peste
629 1094 789 1160 grassante.
835 1085 866 1144 Si
890 1088 964 1145 bene
988 1086 1122 1162 conjicio,
1146 1095 1178 1143 tu
1201 1090 1313 1161 patriae
1337 1097 1406 1145 tune
1427 1102 1538 1144 rnorem
1561 1085 1609 1143 hic
1622 1087 1728 1160 tangis,
1753 1086 1783 1140 iu
1806 1100 1878 1159 qua,

522 1176 572 1249 qui
595 1175 715 1231 suntin
739 1190 834 1249 agone
857 1175 1018 1246 constituti,
1044 1175 1063 1237 ii
1087 1191 1248 1250 campanae
1270 1177 1356 1250 signo
1369 1177 1524 1249 impetrato
1541 1172 1675 1250 publicas
1689 1187 1792 1247 preces
1814 1169 1879 1227 sol-

521 1261 644 1320 licitant.
688 1259 753 1319 Non
778 1268 856 1318 caret
879 1261 953 1319 haec
976 1261 1143 1321 observatio
1168 1263 1253 1319 laude
1276 1280 1331 1319 suu
1354 1260 1524 1337 diligentiae
1548 1268 1578 1318 et
1598 1260 1878 1334 circumspectionis.

520 1346 599 1406 Illud
619 1347 710 1406 'etiam
733 1346 901 1425 philosophi
923 1350 1070 1407 remittent
1092 1349 1223 1407 moribus
1246 1347 1442 1423 astrologicae
1456 1347 1638 1425 disciplinae,
1661 1346 1751 1423 qaod
1764 1346 1803 1403 ab
1821 1345 1881 1402 hcc

522 1434 626 1494 ellectu
650 1436 852 1509 oppositiones
874 1434 998 1494 lethales
1022 1445 1059 1495 et¹
1074 1436 1220 1495 violentas
1243 1436 1384 1513 appellas,
1409 1438 1465 1496 etsi
1488 1437 1539 1511 qui
1563 1450 1609 1492 me
1627 1434 1718 1508 audit,
1741 1432 1793 1491 ille
1819 1448 1881 1489 non

521 1524 617 1597 magia
640 1524 849 1598 appositiones,
874 1540 962 1597 quarn
986 1523 1032 1580 vel
1056 1523 1179 1582 haustus
1202 1534 1376 1600 purgantes,
1400 1523 1555 1601 clysteres,
1579 1524 1733 1580 vomituris
1755 1519 1805 1579 rel
1833 1521 1881 1576 di·
1984 1602 1986 1605 Α

521 1610 699 1667 minutiones
721 1612 873 1685 sanguinis
898 1608 1020 1668 lethales
1044 1621 1074 1669 et
1097 1611 1244 1668 violentas
1269 1610 1354 1669 dicet.
1412 1628 1433 1637 ··

610 1695 688 1755 Vera
711 1701 788 1761 enim
810 1704 880 1754 sunt
903 1696 1033 1772 epitheta
1056 1696 1092 1756 de
1115 1698 1341 1773 particularibus
1363 1695 1513 1755 nonnullis
1535 1697 1704 1766 eventibus,
1730 1694 1831 1761 laisa,
1856 1696 1881 1751 si
1984 1756 1986 1773 Ι

523 1784 570 1843 val
595 1793 729 1843 naturam
751 1784 855 1842 harum
878 1800 980 1857 rerum,
1004 1784 1053 1843 vel
1076 1788 1219 1843 intentum
1242 1787 1370 1848 auctoris
1392 1792 1516 1861 spectes.
1562 1783 1649 1859 Legis
1676 1781 1720 1839 his
1744 1796 1883 1839 consona
1984 1806 1986 1855 ς

521 1872 572 1931 iol.
599 1872 662 1929 260
686 1869 750 1929 libri
775 1874 831 1929 mei
856 1870 908 1928 IV.
957 1872 1031 1947 Ergo
1055 1880 1085 1930 tu
1109 1872 1185 1929 hanc
1207 1873 1401 1949 antipathiam
1423 1870 1572 1949 appellas,
1598 1868 1795 1947 sympathiam
1826 1887 1883 1926 ne·
1984 1910 1986 1947 ,

519 1976 584 2035 gas.
631 1957 705 2017 lmu-
719 1960 840 2035 inquam
864 1976 934 2033 ego:
958 1961 983 2016 si
1005 1976 1071 2019 cunr
1093 1951 1252 2035 astrologis
1267 1961 1423 2035 loquimur,
1445 1976 1526 2018 mera
1546 1958 1621 2017 baec
1636 1965 1681 2016 est
1695 1956 1882 2033 sympathia,

521 2048 563 2120 si,
599 2062 657 2121 quo
681 2055 812 2123 tempore
835 2044 920 2104 launa
950 2044 1133 2119 aSaturno,
1167 2061 1254 2122 aeger
1278 2055 1464 2125 oppugnatur
1487 2064 1505 2104 a
1525 2046 1645 2118 morbo,
1675 2045 1750 2115 aistr,
1778 2047 1883 2101 missa

521 2132 692 2192 coelestium
716 2142 745 2192 et
769 2132 969 2191 sublunariam
993 2136 1227 2201 consociatione,
1257 2134 1354 2193 sidera
1374 2136 1495 2192 seorsim
1522 2132 1703 2200 consideres,
1735 2132 1791 2187 nisi
1823 2132 1883 2189 iroc
1984 2204 1986 2207 Α

521 2219 673 2279 adscribas
695 2220 849 2278 radiationi
873 2238 909 2277 ex
932 2223 1085 2296 opposito,
1117 2221 1197 2295 quod
1223 2232 1293 2280 tuno
1316 2221 1459 2300 Saturnus
1474 2230 1518 2279 ¹et
1542 2221 1625 2278 huus
1654 2222 1727 2277 inter
1750 2234 1781 2276 ss
1813 2217 1883 2275 dis-

404 2309 410 2315 '
520 2307 644 2366 uideant.
689 2308 786 2383 Atqui.
812 2298 848 2365 ne
870 2309 912 2365 sio
942 2307 1059 2383 quidem
1093 2311 1244 2387 oppositio
1265 2310 1391 2368 sustinet
1419 2309 1600 2385 antipathiae
1630 2308 1746 2364 mimeu.
1793 2304 1881 2363 Nam

521 2395 595 2453 haec
617 2394 791 2470 antipathia,
815 2397 1005 2454 sciscentibus
1028 2396 1194 2469 astrologis,
1217 2397 1279 2473 per'
1292 2404 1425 2455 naturam
1446 2396 1523 2454 inest
1544 2394 1698 2466 sideribus,
1720 2409 1756 2450 ac
1777 2409 1882 2468 prop·
1984 2460 1986 2465 .

517 2484 602 2556 'terea
624 2497 683 2540 non
707 2484 736 2538 in
760 2484 945 2557 oppositione
968 2481 1062 2545 solum
1086 2491 1180 2552 tenet,
1213 2482 1266 2542 sed
1289 2485 1378 2543 etiam
1400 2486 1429 2539 in
1453 2482 1646 2560 quadratura,
1675 2483 1703 2538 is
1725 2479 1883 2554 urrnjrruc⁴

520 2571 610 2630 tione.
657 2568 699 2626 Ex
722 2567 847 2627 adverso
870 2569 909 2628 da
928 2568 1093 2627 ⁴bonelicuru
1115 2571 1272 2645 planetam,
1296 2571 1367 2628 nibil
1383 2572 1438 2628 erit
1459 2572 1490 2627 in
1512 2570 1577 2645 ejus
1597 2569 1781 2646 oppositione
1810 2584 1883 2625 cum
1984 2558 1986 2607 ἶ

521 2655 607 2715 lanua
628 2655 764 2730 periculi,
796 2672 854 2731 quo
879 2656 914 2714 de
938 2665 1074 2715 moneant
1097 2658 1250 2733 astrologi.
1298 2657 1364 2717 Non
1386 2665 1431 2716 est
1454 2665 1523 2733 ergo
1554 2658 1583 2713 in
1605 2656 1791 2731 oppositione
1820 2658 1883 2714 sita
1984 2674 1986 2739 ξ

521 2759 616 2819 neque
639 2743 807 2818 sympathia
829 2760 924 2819 neque
948 2744 1121 2820 antipathia,
1147 2743 1198 2802 sed
1223 2747 1300 2804 vires
1318 2745 1419 2803 'solum
1442 2744 1625 2803 eilicacitatis
1647 2742 1782 2817 majorca.
1984 2756 1986 2765 ·

535 2874 538 2879 .
610 2830 700 2905 Atqui
730 2830 789 2889 hoc
810 2834 904 2906 ipsum
929 2836 998 2904 est,
1023 2831 1102 2906 quod
1134 2849 1199 2892 cum
1222 2836 1415 2891 consonantia
1445 2848 1551 2890 uocum
1582 2831 1742 2905 comparari
1772 2827 1881 2887 debet

522 2915 608 2991 Quod
632 2919 708 2975 enim
732 2930 776 2978 est
799 2920 828 2975 in
851 2919 966 2993 singulis
996 2918 1172 2998 efficacitas,
1195 2919 1252 2979 hoc
1274 2931 1319 2979 est
1348 2922 1376 2976 in
1400 2920 1523 2978 vocibus
1550 2915 1755 2988 e'onsouautia,
1788 2914 1882 2992 quod

520 3002 581 3062 illie
616 3004 818 3074 inefficacitate,
852 3005 881 3062 id
911 3005 958 3065 iric
992 3016 1035 3065 est
1064 3006 1257 3065 dissonantia.
1300 3006 1376 3066 Nam
1402 3008 1457 3065 etsi
1488 3004 1649 3083 particulas
1678 3020 1734 3063 con
1765 3011 1797 3061 et
1833 3004 1883 3061 dis

519 3094 756 3151 contrarietatem
780 3094 946 3163 insinuant,
972 3110 1030 3151 non
1053 3100 1098 3151 est
1121 3104 1219 3153 tamen
1246 3110 1317 3153 vera
1339 3095 1529 3154 contrarietas
1552 3096 1627 3151 iuter
1648 3092 1882 3150 consonantiam

521 3184 555 3237 et'
579 3177 805 3250 dissonantiam,
835 3178 887 3238 sed
916 3182 1063 3255 oppositio
1092 3181 1216 3257 simplex
1239 3180 1480 3253 contradictoria,
1512 3197 1571 3238 non
1600 3182 1630 3237 in
1659 3178 1724 3236 idea
1755 3186 1881 3237 tantum

461 3282 467 3295 ³
521 3268 596 3326 inter
629 3267 768 3341 angulum
798 3269 994 3341 geometricae
1025 3266 1250 3344 pulchritudinis
1282 3272 1400 3328 unicum
1430 3277 1461 3326 et
1482 3267 1611 3326 infinitus
1641 3282 1697 3324 non
1719 3264 1882 3340 pulchros,

521 3352 574 3413 sed
605 3356 692 3412 etiam
721 3356 750 3411 in
781 3350 884 3412 ellectu
913 3353 1115 3413 delectationis
1146 3365 1177 3414 ct
1198 3356 1366 3415 offensionis
1394 3358 1517 3414 auriam.
1562 3354 1638 3413 Nam
1669 3355 1694 3410 si
1716 3351 1883 3425 diligenter
1984 3398 1986 3401 <

522 3438 672 3513 attendas,
704 3444 769 3517 ipso
792 3457 934 3501 concursu
957 3456 1095 3501 sonoram
1125 3458 1182 3500 non
1205 3446 1300 3518 magis
1323 3442 1478 3502 offenditur
1507 3440 1637 3515 unditus,
1670 3445 1695 3499 si
1717 3442 1783 3497 soni
1811 3440 1883 3497 dis·

522 3535 635 3599 sonent,
659 3545 746 3602 quam
770 3530 802 3583 si
818 3537 987 3599 consonent,
1021 3545 1074 3588 neo
1097 3528 1186 3589 ullam
1209 3541 1228 3589 a
1251 3532 1432 3591 dissonantia
1455 3532 1620 3606 passionem
1642 3530 1768 3587 sustinet
1798 3544 1883 3585 aon·

523 3615 638 3671 irariam
661 3614 867 3688 delectationi,
890 3614 941 3673 sed
964 3614 1030 3674 ideo
1054 3616 1149 3675 solum
1172 3616 1252 3677 dolet
1276 3618 1314 3677 ob
1337 3618 1548 3690 dissonantias,
1572 3619 1643 3694 quia
1664 3619 1883 3688 circumgestat

519 3707 663 3776 cognatas
685 3701 767 3760 ideas
790 3718 927 3761 sonorum
950 3707 1182 3777 consonantium,
1206 3722 1281 3780 quos
1304 3723 1368 3765 curn
1389 3705 1547 3776 desideret,
1570 3706 1678 3780 quippe
1697 3703 1761 3778 jam
1783 3713 1884 3761 antea

523 3786 703 3862 degustatos,
728 3788 793 3847 ideo
816 3792 948 3865 privatus
971 3792 1008 3848 iia
1031 3793 1149 3851 tristitia
1171 3792 1350 3875 connutritor
1372 3796 1487 3852 aninrus
1510 3794 1645 3865 interior,
1667 3808 1726 3847 non
1750 3789 1882 3847 auditus

520 3877 550 3932 in
572 3878 676 3934 mentis
698 3876 797 3935 limine
821 3879 942 3951 positus.
989 3878 1038 3937 Sic
1062 3880 1089 3934 in
1113 3895 1203 3955 puero
1227 3879 1308 3938 aliud
1330 3886 1377 3939 est
1398 3880 1490 3939 lamas
1513 3879 1560 3937 vel
1584 3881 1648 3936 sitis
1672 3894 1755 3947 rua,
1786 3876 1879 3934 aliud

521 3960 627 4037 cupido
652 3962 787 4021 vescendi
811 3964 977 4023 descissis
1001 3967 1039 4024 ob
1063 3966 1165 4025 oculos
1187 3969 1305 4042 positis,
1334 3986 1411 4043 qnae
1433 3969 1490 4025 nisi
1513 3968 1682 4025 memoriam
1706 3963 1882 4022 dulcedinis

521 4047 631 4108 dudum
652 4049 823 4125 degustatae
848 4052 1022 4118 relrioarent,
1046 4053 1126 4113 nuda
1147 4057 1195 4111 sui
1217 4055 1351 4114 absentia
1364 4072 1485 4131 puerum
1508 4070 1566 4113 non
1587 4062 1766 4130 torquerent.
1805 4050 1881 4109 Hoc

520 4139 610 4213 igitur
631 4138 766 4211 obtento,
800 4136 878 4197 nihil·
901 4141 999 4198 ohsut
1029 4133 1240 4199 dissonantiam
1271 4141 1410 4219 copulare
1440 4158 1506 4201 cum
1530 4140 1748 4212 in‘eilio‘acitate,
1784 4140 1881 4215 quasi
1984 4138 1986 4167 ²

520 4242 597 4299 quae
619 4224 758 4285 nudauit
781 4228 908 4301 negatio,
932 4242 989 4285 uon
1013 4230 1120 4303 positio
1143 4231 1279 4291 bonnarii
1302 4232 1395 4307 ipsias
1417 4228 1608 4289 efficacitatis.

607 4310 792 4389 Superdnum
815 4315 973 4387 existimas,
999 4315 1095 4391 plures
1111 4316 1268 4376 observare
1290 4327 1427 4394 aspectus
1447 4335 1536 4393 quarn
1556 4318 1694 4393 quinque.
1739 4312 1880 4371 Primum

520 4414 578 4457 nou
602 4400 843 4477 estsuperliuum,
869 4399 963 4459 dicere
985 4406 1307 4479 rerum'appareutium
1322 4415 1442 4479 carram
1466 4413 1498 4462 ut
1520 4406 1553 4474 sl,
1577 4420 1636 4479 quo
1651 4411 1783 4477 tempore
1798 4400 1880 4458 ualli

521 4494 591 4544 sunt
612 4495 748 4562 aspectus
771 4504 806 4546 er
829 4489 967 4561 antiquis,
994 4487 1107 4547 videam
1131 4499 1265 4549 naturam
1279 4495 1436 4570 praecipue
1452 4492 1645 4566 commoveri,
1668 4487 1881 4571 diguapbilo-

520 4572 615 4649 sopho
639 4590 708 4633 cura
730 4582 775 4633 est
797 4591 944 4650 quaerere,
969 4592 1058 4649 qnam
1081 4578 1202 4635 obrem
1225 4583 1409 4653 potissimum
1432 4580 1488 4638 hoo
1511 4578 1638 4656 ipsodie
1660 4586 1768 4635 natura
1789 4591 1881 4633 oom-

519 4670 695 4736 movuaturq
721 4660 810 4735 digua
832 4670 876 4721 eat
899 4662 1074 4739 philosopho
1098 4667 1214 4740 opinio,
1246 4669 1272 4723 si
1295 4667 1411 4739 videat,
1444 4667 1496 4725 illo
1519 4665 1566 4725 die
1592 4680 1656 4725 esse
1679 4664 1755 4721 iuter
1769 4663 1879 4737 ,bonos

519 4746 654 4824 planetas
677 4750 875 4833 comissatum,
897 4746 1095 4826 recipiendam
1118 4750 1251 4811 fortassis
1272 4756 1302 4811 in
1324 4770 1476 4813 numerum
1497 4760 1527 4813 et
1549 4755 1756 4825 semisextum,
1783 4750 1880 4826 digrm

519 4834 695 4911 philosopho
725 4836 882 4911 sedulitas,
916 4838 1066 4897 attendere
1096 4839 1134 4899 ad
1165 4840 1275 4900 similes
1305 4844 1476 4900 occasiones
1507 4839 1591 4900 alias.
1636 4839 1673 4897 Et
1697 4841 1740 4897 ita
1761 4837 1877 4897 lanam

521 4928 574 4981 est.
620 4917 695 4981 Nasu
718 4922 753 4982 de
775 4924 865 4999 hujus
888 4934 1024 5002 aspectus
1048 4926 1221 4987 efficacitate
1243 4932 1342 4988 testati
1355 4936 1424 4987 sunt
1445 4929 1657 5003 meteoroscopi
1680 4936 1878 4985 antecurrens

518 5009 654 5069 invertas
678 5008 814 5086 adeoque
834 5029 880 5071 me
903 5028 961 5072 uon
984 5012 1168 5073 mediocriter
1196 5018 1325 5075 exercuit
1348 5014 1610 5088 hisembertus,
1643 5022 1678 5073 ut
1699 5028 1806 5073 causas
1827 5013 1877 5070 sic

520 5099 728 5157 constituerem
749 5106 929 5177 aspectuum,
953 5108 987 5160 ut
1009 5102 1095 5161 ethra
1119 5102 1167 5162 hic
1188 5105 1279 5179 recipi
1301 5105 1496 5188 innumerum
1515 5108 1626 5179 posset,
1649 5118 1717 5161 cum
1733 5098 1875 5175 videtu,
