<?xml version="1.0" encoding="UTF-8"?>
<!DOCTYPE html PUBLIC "-//W3C//DTD XHTML 1.0 Transitional//EN"
    "http://www.w3.org/TR/xhtml1/DTD/xhtml1-transitional.dtd">
<html xmlns="http://www.w3.org/1999/xhtml" xml:lang="en" lang="en">
 <head>
  <title>
</title>
<meta http-equiv="Content-Type" content="text/html;charset=utf-8" />
  <meta name='ocr-system' content='tesseract 3.04.00' />
  <meta name='ocr-capabilities' content='ocr_page ocr_carea ocr_par ocr_line ocrx_word'/>
</head>
<body>
  <div class='ocr_page' id='page_1' title='image "./joanniskepleria19frisgoog/joanniskepleria19frisgoog_0384.png"; bbox 0 0 4467 6192; ppageno 0'>
   <div class='ocr_carea' id='block_1_1' title="bbox 544 673 1377 743">
    <p class='ocr_par' dir='ltr' id='par_1_1' title="bbox 544 673 1377 743">
     <span class='ocr_line' id='line_1_1' title="bbox 544 673 1377 743; baseline 0.006 -13"><span class='ocrx_word' id='word_1_1' title='bbox 544 682 606 743; x_wconf 74' lang='lat' dir='ltr'>36ss</span> <span class='ocrx_word' id='word_1_2' title='bbox 1052 673 1205 732; x_wconf 86' lang='lat' dir='ltr'>Ptolemaei</span> <span class='ocrx_word' id='word_1_3' title='bbox 1221 676 1377 735; x_wconf 79' lang='lat' dir='ltr'>Barnonia.</span> 
     </span>
    </p>
   </div>
   <div class='ocr_carea' id='block_1_2' title="bbox 630 820 1884 924">
    <p class='ocr_par' dir='ltr' id='par_1_2' title="bbox 630 820 1884 924">
     <span class='ocr_line' id='line_1_2' title="bbox 630 820 1884 924; baseline 0.003 -17"><span class='ocrx_word' id='word_1_4' title='bbox 630 848 834 907; x_wconf 83' lang='lat' dir='ltr'>Translatiouea</span> <span class='ocrx_word' id='word_1_5' title='bbox 852 850 886 907; x_wconf 89' lang='lat' dir='ltr'>de</span> <span class='ocrx_word' id='word_1_6' title='bbox 902 857 970 907; x_wconf 90' lang='lat' dir='ltr'>tono</span> <span class='ocrx_word' id='word_1_7' title='bbox 991 851 1021 907; x_wconf 89' lang='lat' dir='ltr'>in</span> <span class='ocrx_word' id='word_1_8' title='bbox 1037 858 1133 911; x_wconf 89' lang='lat' dir='ltr'>tonum</span> <span class='ocrx_word' id='word_1_9' title='bbox 1149 820 1322 923; x_wconf 81' lang='lat' dir='ltr'>comparatas</span> <span class='ocrx_word' id='word_1_10' title='bbox 1346 848 1410 907; x_wconf 81' lang='lat' dir='ltr'>suut</span> <span class='ocrx_word' id='word_1_11' title='bbox 1433 851 1629 909; x_wconf 84' lang='lat' dir='ltr'>mutatiombua</span> <span class='ocrx_word' id='word_1_12' title='bbox 1650 870 1756 910; x_wconf 89' lang='lat' dir='ltr'>morum</span> <span class='ocrx_word' id='word_1_13' title='bbox 1773 856 1884 924; x_wconf 87' lang='lat' dir='ltr'>publico·</span> 
     </span>
    </p>
   </div>
   <div class='ocr_carea' id='block_1_3' title="bbox 443 915 1886 1004">
    <p class='ocr_par' dir='ltr' id='par_1_3' title="bbox 443 915 1886 1004">
     <span class='ocr_line' id='line_1_3' title="bbox 443 915 1886 1004; baseline 0.003 -22"><span class='ocrx_word' id='word_1_14' title='bbox 443 915 445 923; x_wconf 47' lang='lat'><strong>¹</strong></span> <span class='ocrx_word' id='word_1_15' title='bbox 542 946 602 983; x_wconf 90' lang='lat' dir='ltr'>rum</span> <span class='ocrx_word' id='word_1_16' title='bbox 625 933 653 983; x_wconf 91' lang='lat' dir='ltr'>et</span> <span class='ocrx_word' id='word_1_17' title='bbox 675 928 821 985; x_wconf 79' lang='lat' dir='ltr'>affectuum</span> <span class='ocrx_word' id='word_1_18' title='bbox 845 945 904 999; x_wconf 88' lang='lat' dir='ltr'>cap.</span> <span class='ocrx_word' id='word_1_19' title='bbox 928 930 952 984; x_wconf 85' lang='lat'>7.</span> <span class='ocrx_word' id='word_1_20' title='bbox 989 930 1122 988; x_wconf 80' lang='lat' dir='ltr'>Videntur</span> <span class='ocrx_word' id='word_1_21' title='bbox 1147 939 1238 988; x_wconf 90' lang='lat' dir='ltr'>autem</span> <span class='ocrx_word' id='word_1_22' title='bbox 1262 931 1415 987; x_wconf 89' lang='lat' dir='ltr'>coincidere</span> <span class='ocrx_word' id='word_1_23' title='bbox 1436 932 1505 987; x_wconf 87' lang='lat' dir='ltr'>ista:</span> <span class='ocrx_word' id='word_1_24' title='bbox 1534 936 1559 1002; x_wconf 91' lang='lat' dir='ltr'>t)</span> <span class='ocrx_word' id='word_1_25' title='bbox 1579 934 1684 1003; x_wconf 88' lang='lat' dir='ltr'>species</span> <span class='ocrx_word' id='word_1_26' title='bbox 1708 934 1839 1004; x_wconf 87' lang='lat' dir='ltr'>diapasoa</span> <span class='ocrx_word' id='word_1_27' title='bbox 1859 938 1886 987; x_wconf 88' lang='lat' dir='ltr'>et</span> 
     </span>
    </p>
   </div>
   <div class='ocr_carea' id='block_1_4' title="bbox 543 1008 1901 5193">
    <p class='ocr_par' dir='ltr' id='par_1_4' title="bbox 543 1008 1889 1318">
     <span class='ocr_line' id='line_1_4' title="bbox 543 1008 1885 1083; baseline 0.001 -18"><span class='ocrx_word' id='word_1_28' title='bbox 543 1011 569 1079; x_wconf 80' lang='lat'>2)</span> <span class='ocrx_word' id='word_1_29' title='bbox 588 1008 645 1063; x_wconf 90' lang='lat' dir='ltr'>toni</span> <span class='ocrx_word' id='word_1_30' title='bbox 663 1022 711 1063; x_wconf 90' lang='lat' dir='ltr'>seu</span> <span class='ocrx_word' id='word_1_31' title='bbox 729 1008 802 1064; x_wconf 90' lang='lat' dir='ltr'>modi</span> <span class='ocrx_word' id='word_1_32' title='bbox 820 1008 924 1064; x_wconf 79' lang='lat' dir='ltr'><strong>musici.</strong></span> <span class='ocrx_word' id='word_1_33' title='bbox 961 1009 999 1065; x_wconf 81' lang='lat' dir='ltr'>lit</span> <span class='ocrx_word' id='word_1_34' title='bbox 1016 1025 1082 1067; x_wconf 88' lang='lat' dir='ltr'>saue</span> <span class='ocrx_word' id='word_1_35' title='bbox 1100 1030 1193 1069; x_wconf 76' lang='lat' dir='ltr'>aarum</span> <span class='ocrx_word' id='word_1_36' title='bbox 1211 1020 1264 1082; x_wconf 87' lang='lat' dir='ltr'>eat,</span> <span class='ocrx_word' id='word_1_37' title='bbox 1289 1019 1424 1083; x_wconf 85' lang='lat' dir='ltr'>quatenus</span> <span class='ocrx_word' id='word_1_38' title='bbox 1443 1012 1501 1066; x_wconf 91' lang='lat' dir='ltr'>toni</span> <span class='ocrx_word' id='word_1_39' title='bbox 1524 1013 1593 1069; x_wconf 88' lang='lat' dir='ltr'>aeria</span> <span class='ocrx_word' id='word_1_40' title='bbox 1610 1014 1814 1071; x_wconf 73' lang='lat' dir='ltr'>intervallorum</span> <span class='ocrx_word' id='word_1_41' title='bbox 1830 1029 1885 1067; x_wconf 89' lang='lat' dir='ltr'>con·</span> 
     </span>
     <span class='ocr_line' id='line_1_5' title="bbox 547 1086 1888 1163; baseline 0.003 -20"><span class='ocrx_word' id='word_1_42' title='bbox 547 1088 687 1143; x_wconf 89' lang='lat' dir='ltr'>cinnorum</span> <span class='ocrx_word' id='word_1_43' title='bbox 715 1086 854 1159; x_wconf 83' lang='lat' dir='ltr'>differunt,</span> <span class='ocrx_word' id='word_1_44' title='bbox 879 1086 987 1143; x_wconf 90' lang='lat' dir='ltr'>omuino</span> <span class='ocrx_word' id='word_1_45' title='bbox 1012 1090 1078 1144; x_wconf 91' lang='lat' dir='ltr'>mihi</span> <span class='ocrx_word' id='word_1_46' title='bbox 1100 1091 1268 1159; x_wconf 79' lang='lat' dir='ltr'>coincidunt,</span> <span class='ocrx_word' id='word_1_47' title='bbox 1295 1096 1325 1144; x_wconf 89' lang='lat' dir='ltr'>at</span> <span class='ocrx_word' id='word_1_48' title='bbox 1347 1095 1482 1158; x_wconf 88' lang='lat' dir='ltr'>quatenus</span> <span class='ocrx_word' id='word_1_49' title='bbox 1504 1092 1635 1147; x_wconf 63' lang='lat' dir='ltr'>acumina,</span> <span class='ocrx_word' id='word_1_50' title='bbox 1650 1101 1677 1148; x_wconf 90' lang='lat' dir='ltr'>et</span> <span class='ocrx_word' id='word_1_51' title='bbox 1694 1094 1839 1163; x_wconf 76' lang='lat' dir='ltr'>grauitate,</span> <span class='ocrx_word' id='word_1_52' title='bbox 1859 1101 1888 1148; x_wconf 90' lang='lat' dir='ltr'>at</span> 
     </span>
     <span class='ocr_line' id='line_1_6' title="bbox 544 1163 1889 1239; baseline 0.003 -16"><span class='ocrx_word' id='word_1_53' title='bbox 544 1167 715 1223; x_wconf 90' lang='lat' dir='ltr'>Ptolemaeus</span> <span class='ocrx_word' id='word_1_54' title='bbox 733 1164 795 1221; x_wconf 89' lang='lat' dir='ltr'>illus</span> <span class='ocrx_word' id='word_1_55' title='bbox 814 1164 962 1235; x_wconf 85' lang='lat' dir='ltr'>distinguit,</span> <span class='ocrx_word' id='word_1_56' title='bbox 981 1163 1054 1223; x_wconf 89' lang='lat' dir='ltr'>eliud</span> <span class='ocrx_word' id='word_1_57' title='bbox 1074 1177 1138 1225; x_wconf 89' lang='lat' dir='ltr'>aunt</span> <span class='ocrx_word' id='word_1_58' title='bbox 1156 1169 1261 1239; x_wconf 88' lang='lat' dir='ltr'>specics</span> <span class='ocrx_word' id='word_1_59' title='bbox 1279 1166 1425 1238; x_wconf 75' lang='lat' dir='ltr'>diapason,</span> <span class='ocrx_word' id='word_1_60' title='bbox 1443 1168 1517 1223; x_wconf 91' lang='lat' dir='ltr'>aliud</span> <span class='ocrx_word' id='word_1_61' title='bbox 1535 1169 1593 1224; x_wconf 89' lang='lat' dir='ltr'>toni</span> <span class='ocrx_word' id='word_1_62' title='bbox 1610 1186 1660 1225; x_wconf 91' lang='lat' dir='ltr'>seu</span> <span class='ocrx_word' id='word_1_63' title='bbox 1677 1171 1765 1239; x_wconf 89' lang='lat' dir='ltr'>modi,</span> <span class='ocrx_word' id='word_1_64' title='bbox 1787 1172 1889 1227; x_wconf 75' lang='lat' dir='ltr'>dmar-</span> 
     </span>
     <span class='ocr_line' id='line_1_7' title="bbox 544 1243 1836 1318; baseline 0.001 -14"><span class='ocrx_word' id='word_1_65' title='bbox 544 1265 597 1318; x_wconf 89' lang='lat' dir='ltr'>que</span> <span class='ocrx_word' id='word_1_66' title='bbox 615 1248 642 1301; x_wconf 91' lang='lat' dir='ltr'>iu</span> <span class='ocrx_word' id='word_1_67' title='bbox 659 1246 753 1301; x_wconf 86' lang='lat' dir='ltr'>eodem</span> <span class='ocrx_word' id='word_1_68' title='bbox 773 1253 838 1301; x_wconf 92' lang='lat' dir='ltr'>tono</span> <span class='ocrx_word' id='word_1_69' title='bbox 857 1244 961 1317; x_wconf 88' lang='lat' dir='ltr'>species</span> <span class='ocrx_word' id='word_1_70' title='bbox 981 1243 1103 1303; x_wconf 87' lang='lat' dir='ltr'>diversae</span> <span class='ocrx_word' id='word_1_71' title='bbox 1121 1248 1261 1318; x_wconf 77' lang='lat' dir='ltr'>diapason,</span> <span class='ocrx_word' id='word_1_72' title='bbox 1280 1246 1365 1317; x_wconf 88' lang='lat' dir='ltr'>magis</span> <span class='ocrx_word' id='word_1_73' title='bbox 1384 1262 1447 1302; x_wconf 81' lang='lat' dir='ltr'>vero</span> <span class='ocrx_word' id='word_1_74' title='bbox 1466 1245 1593 1316; x_wconf 78' lang='lat' dir='ltr'>diapente</span> <span class='ocrx_word' id='word_1_75' title='bbox 1611 1255 1640 1304; x_wconf 91' lang='lat' dir='ltr'>et</span> <span class='ocrx_word' id='word_1_76' title='bbox 1658 1248 1836 1305; x_wconf 74' lang='lat' dir='ltr'>diatessaron,</span> 
     </span>
    </p>

    <p class='ocr_par' dir='ltr' id='par_1_5' title="bbox 545 1322 1891 1641">
     <span class='ocr_line' id='line_1_8' title="bbox 636 1322 1889 1405; baseline 0.002 -24"><span class='ocrx_word' id='word_1_77' title='bbox 636 1326 709 1381; x_wconf 90' lang='lat' dir='ltr'>Nota</span> <span class='ocrx_word' id='word_1_78' title='bbox 726 1326 772 1382; x_wconf 82' lang='lat' dir='ltr'>VI,</span> <span class='ocrx_word' id='word_1_79' title='bbox 807 1324 869 1383; x_wconf 79' lang='lat' dir='ltr'>iam</span> <span class='ocrx_word' id='word_1_80' title='bbox 891 1325 926 1380; x_wconf 90' lang='lat' dir='ltr'>ad</span> <span class='ocrx_word' id='word_1_81' title='bbox 944 1322 1073 1382; x_wconf 87' lang='lat' dir='ltr'>coelestia</span> <span class='ocrx_word' id='word_1_82' title='bbox 1096 1327 1207 1395; x_wconf 89' lang='lat' dir='ltr'>transit;</span> <span class='ocrx_word' id='word_1_83' title='bbox 1236 1325 1394 1380; x_wconf 90' lang='lat' dir='ltr'>coelestium</span> <span class='ocrx_word' id='word_1_84' title='bbox 1419 1324 1621 1394; x_wconf 89' lang='lat' dir='ltr'>suppositiones</span> <span class='ocrx_word' id='word_1_85' title='bbox 1648 1326 1771 1396; x_wconf 87' lang='lat' dir='ltr'>appellat</span> <span class='ocrx_word' id='word_1_86' title='bbox 1792 1344 1828 1384; x_wconf 91' lang='lat' dir='ltr'>ea</span> <span class='ocrx_word' id='word_1_87' title='bbox 1848 1344 1889 1405; x_wconf 75' lang='lat' dir='ltr'>sc,</span> 
     </span>
     <span class='ocr_line' id='line_1_9' title="bbox 545 1403 1891 1477; baseline -0.001 -14"><span class='ocrx_word' id='word_1_88' title='bbox 545 1409 617 1463; x_wconf 89' lang='lat' dir='ltr'>circa</span> <span class='ocrx_word' id='word_1_89' title='bbox 634 1420 704 1475; x_wconf 90' lang='lat' dir='ltr'>quae</span> <span class='ocrx_word' id='word_1_90' title='bbox 723 1406 812 1462; x_wconf 87' lang='lat' dir='ltr'>sidera</span> <span class='ocrx_word' id='word_1_91' title='bbox 830 1406 960 1463; x_wconf 89' lang='lat' dir='ltr'>coelestia</span> <span class='ocrx_word' id='word_1_92' title='bbox 977 1414 1042 1467; x_wconf 88' lang='lat' dir='ltr'>sunt</span> <span class='ocrx_word' id='word_1_93' title='bbox 1060 1411 1200 1475; x_wconf 88' lang='lat' dir='ltr'>occupata,</span> <span class='ocrx_word' id='word_1_94' title='bbox 1219 1411 1250 1459; x_wconf 93' lang='lat' dir='ltr'>ut</span> <span class='ocrx_word' id='word_1_95' title='bbox 1268 1419 1361 1457; x_wconf 89' lang='lat' dir='ltr'>eorum</span> <span class='ocrx_word' id='word_1_96' title='bbox 1379 1411 1481 1473; x_wconf 86' lang='lat' dir='ltr'>motus,</span> <span class='ocrx_word' id='word_1_97' title='bbox 1501 1403 1641 1473; x_wconf 74' lang='lat' dir='ltr'>sphaerae,</span> <span class='ocrx_word' id='word_1_98' title='bbox 1659 1407 1891 1477; x_wconf 83' lang='lat' dir='ltr'>configurationes,</span> 
     </span>
     <span class='ocr_line' id='line_1_10' title="bbox 545 1481 1891 1556; baseline 0.004 -17"><span class='ocrx_word' id='word_1_99' title='bbox 545 1484 751 1542; x_wconf 82' lang='lat' dir='ltr'>familiaritates.</span> <span class='ocrx_word' id='word_1_100' title='bbox 787 1486 857 1541; x_wconf 87' lang='lat' dir='ltr'>Nam</span> <span class='ocrx_word' id='word_1_101' title='bbox 882 1485 942 1542; x_wconf 89' lang='lat' dir='ltr'>libri</span> <span class='ocrx_word' id='word_1_102' title='bbox 962 1487 1094 1556; x_wconf 71' lang='lat' dir='ltr'>cuiusque</span> <span class='ocrx_word' id='word_1_103' title='bbox 1119 1483 1187 1539; x_wconf 90' lang='lat' dir='ltr'>haec</span> <span class='ocrx_word' id='word_1_104' title='bbox 1211 1483 1254 1537; x_wconf 86' lang='lat' dir='ltr'>vel</span> <span class='ocrx_word' id='word_1_105' title='bbox 1276 1481 1325 1551; x_wconf 79' lang='lat' dir='ltr'>illa</span> <span class='ocrx_word' id='word_1_106' title='bbox 1345 1482 1504 1551; x_wconf 88' lang='lat' dir='ltr'>hypothesis</span> <span class='ocrx_word' id='word_1_107' title='bbox 1528 1483 1626 1539; x_wconf 91' lang='lat' dir='ltr'>dicitur</span> <span class='ocrx_word' id='word_1_108' title='bbox 1650 1500 1726 1555; x_wconf 86' lang='lat' dir='ltr'>ease,</span> <span class='ocrx_word' id='word_1_109' title='bbox 1753 1494 1783 1543; x_wconf 90' lang='lat' dir='ltr'>et</span> <span class='ocrx_word' id='word_1_110' title='bbox 1800 1489 1891 1545; x_wconf 81' lang='lat' dir='ltr'>Gracci</span> 
     </span>
     <span class='ocr_line' id='line_1_11' title="bbox 546 1561 1782 1641; baseline -0.001 -19"><span class='ocrx_word' id='word_1_111' title='bbox 546 1581 659 1637; x_wconf 91' lang='lat' dir='ltr'>scopum</span> <span class='ocrx_word' id='word_1_112' title='bbox 676 1564 812 1621; x_wconf 89' lang='lat' dir='ltr'>actionum</span> <span class='ocrx_word' id='word_1_113' title='bbox 831 1574 1021 1637; x_wconf 89' lang='lat' dir='ltr'>susceptarum</span> <span class='ocrx_word' id='word_1_114' title='bbox 1039 1563 1178 1635; x_wconf 90' lang='lat' dir='ltr'>appellant</span> <span class='ocrx_word' id='word_1_115' title='bbox 1196 1578 1290 1617; x_wconf 79' lang='lat' dir='ltr'>eanum</span> <span class='ocrx_word' id='word_1_116' title='bbox 1306 1561 1486 1633; x_wconf 81' lang='lat' dir='ltr'>hypothesin,</span> <span class='ocrx_word' id='word_1_117' title='bbox 1504 1562 1583 1629; x_wconf 89' lang='lat' dir='ltr'>qusai</span> <span class='ocrx_word' id='word_1_118' title='bbox 1599 1564 1782 1641; x_wconf 85' lang='lat' dir='ltr'>propositum.</span> 
     </span>
    </p>

    <p class='ocr_par' dir='ltr' id='par_1_6' title="bbox 544 1640 1893 2189">
     <span class='ocr_line' id='line_1_12' title="bbox 631 1640 1892 1711; baseline 0.002 -12"><span class='ocrx_word' id='word_1_119' title='bbox 631 1642 706 1699; x_wconf 90' lang='lat' dir='ltr'>Nota</span> <span class='ocrx_word' id='word_1_120' title='bbox 722 1644 781 1698; x_wconf 86' lang='lat' dir='ltr'>Vll.</span> <span class='ocrx_word' id='word_1_121' title='bbox 818 1642 938 1701; x_wconf 75' lang='lat' dir='ltr'>Partitur</span> <span class='ocrx_word' id='word_1_122' title='bbox 960 1643 1151 1701; x_wconf 83' lang='lat' dir='ltr'>tractationem</span> <span class='ocrx_word' id='word_1_123' title='bbox 1175 1641 1204 1697; x_wconf 91' lang='lat' dir='ltr'>iu</span> <span class='ocrx_word' id='word_1_124' title='bbox 1222 1640 1276 1696; x_wconf 89' lang='lat' dir='ltr'>duo</span> <span class='ocrx_word' id='word_1_125' title='bbox 1300 1640 1402 1709; x_wconf 87' lang='lat' dir='ltr'>capita:</span> <span class='ocrx_word' id='word_1_126' title='bbox 1425 1640 1542 1709; x_wconf 88' lang='lat' dir='ltr'>primum</span> <span class='ocrx_word' id='word_1_127' title='bbox 1564 1641 1622 1697; x_wconf 78' lang='lat' dir='ltr'>vult</span> <span class='ocrx_word' id='word_1_128' title='bbox 1638 1643 1782 1711; x_wconf 72' lang='lat' dir='ltr'>generales</span> <span class='ocrx_word' id='word_1_129' title='bbox 1800 1644 1892 1703; x_wconf 73' lang='lat' dir='ltr'>saure</span> 
     </span>
     <span class='ocr_line' id='line_1_13' title="bbox 546 1718 1892 1794; baseline 0 -13"><span class='ocrx_word' id='word_1_130' title='bbox 546 1722 763 1792; x_wconf 89' lang='lat' dir='ltr'>comparationes</span> <span class='ocrx_word' id='word_1_131' title='bbox 782 1722 815 1777; x_wconf 90' lang='lat' dir='ltr'>de</span> <span class='ocrx_word' id='word_1_132' title='bbox 834 1724 967 1793; x_wconf 89' lang='lat' dir='ltr'>omnibus,</span> <span class='ocrx_word' id='word_1_133' title='bbox 986 1724 1013 1781; x_wconf 94' lang='lat' dir='ltr'>id</span> <span class='ocrx_word' id='word_1_134' title='bbox 1026 1730 1068 1779; x_wconf 88' lang='lat' dir='ltr'>eat</span> <span class='ocrx_word' id='word_1_135' title='bbox 1079 1739 1151 1793; x_wconf 90' lang='lat' dir='ltr'>quae</span> <span class='ocrx_word' id='word_1_136' title='bbox 1163 1737 1255 1777; x_wconf 87' lang='lat' dir='ltr'>omnes</span> <span class='ocrx_word' id='word_1_137' title='bbox 1267 1720 1393 1791; x_wconf 89' lang='lat' dir='ltr'>planetas</span> <span class='ocrx_word' id='word_1_138' title='bbox 1411 1718 1440 1776; x_wconf 93' lang='lat' dir='ltr'>in</span> <span class='ocrx_word' id='word_1_139' title='bbox 1458 1737 1556 1790; x_wconf 89' lang='lat' dir='ltr'>genere</span> <span class='ocrx_word' id='word_1_140' title='bbox 1568 1723 1692 1792; x_wconf 84' lang='lat' dir='ltr'>attinent,</span> <span class='ocrx_word' id='word_1_141' title='bbox 1712 1724 1757 1779; x_wconf 83' lang='lat' dir='ltr'>sel</span> <span class='ocrx_word' id='word_1_142' title='bbox 1769 1724 1805 1781; x_wconf 88' lang='lat' dir='ltr'>de</span> <span class='ocrx_word' id='word_1_143' title='bbox 1818 1743 1892 1794; x_wconf 87' lang='lat' dir='ltr'>quam</span> 
     </span>
     <span class='ocr_line' id='line_1_14' title="bbox 544 1799 1892 1873; baseline 0.001 -16"><span class='ocrx_word' id='word_1_144' title='bbox 544 1801 680 1872; x_wconf 90' lang='lat' dir='ltr'>plurimis,</span> <span class='ocrx_word' id='word_1_145' title='bbox 704 1802 808 1858; x_wconf 88' lang='lat' dir='ltr'>scilicet</span> <span class='ocrx_word' id='word_1_146' title='bbox 827 1804 963 1873; x_wconf 90' lang='lat' dir='ltr'>quianon</span> <span class='ocrx_word' id='word_1_147' title='bbox 981 1819 1073 1859; x_wconf 88' lang='lat' dir='ltr'>omues</span> <span class='ocrx_word' id='word_1_148' title='bbox 1097 1810 1225 1872; x_wconf 88' lang='lat' dir='ltr'>aspectus</span> <span class='ocrx_word' id='word_1_149' title='bbox 1250 1799 1375 1855; x_wconf 90' lang='lat' dir='ltr'>omnibus</span> <span class='ocrx_word' id='word_1_150' title='bbox 1392 1799 1511 1870; x_wconf 87' lang='lat' dir='ltr'>planetis</span> <span class='ocrx_word' id='word_1_151' title='bbox 1529 1807 1701 1871; x_wconf 85' lang='lat' dir='ltr'>competunt,</span> <span class='ocrx_word' id='word_1_152' title='bbox 1725 1801 1785 1857; x_wconf 88' lang='lat' dir='ltr'>iere</span> <span class='ocrx_word' id='word_1_153' title='bbox 1809 1812 1892 1859; x_wconf 65' lang='lat' dir='ltr'>mmm</span> 
     </span>
     <span class='ocr_line' id='line_1_15' title="bbox 545 1878 1892 1951; baseline 0.001 -16"><span class='ocrx_word' id='word_1_154' title='bbox 545 1880 579 1935; x_wconf 89' lang='lat' dir='ltr'>de</span> <span class='ocrx_word' id='word_1_155' title='bbox 597 1880 732 1937; x_wconf 87' lang='lat' dir='ltr'>omnibus.</span> <span class='ocrx_word' id='word_1_156' title='bbox 769 1880 894 1937; x_wconf 87' lang='lat' dir='ltr'>Secundo</span> <span class='ocrx_word' id='word_1_157' title='bbox 918 1881 975 1937; x_wconf 83' lang='lat' dir='ltr'>vult</span> <span class='ocrx_word' id='word_1_158' title='bbox 994 1883 1026 1938; x_wconf 90' lang='lat' dir='ltr'>de</span> <span class='ocrx_word' id='word_1_159' title='bbox 1045 1881 1172 1951; x_wconf 84' lang='lat' dir='ltr'>singulis,</span> <span class='ocrx_word' id='word_1_160' title='bbox 1194 1880 1318 1950; x_wconf 88' lang='lat' dir='ltr'>intelligo</span> <span class='ocrx_word' id='word_1_161' title='bbox 1335 1878 1467 1949; x_wconf 86' lang='lat' dir='ltr'>planetis,</span> <span class='ocrx_word' id='word_1_162' title='bbox 1493 1879 1527 1933; x_wconf 88' lang='lat' dir='ltr'>de</span> <span class='ocrx_word' id='word_1_163' title='bbox 1550 1878 1598 1949; x_wconf 89' lang='lat' dir='ltr'>iis,</span> <span class='ocrx_word' id='word_1_164' title='bbox 1621 1897 1691 1950; x_wconf 89' lang='lat' dir='ltr'>qnae</span> <span class='ocrx_word' id='word_1_165' title='bbox 1709 1882 1892 1949; x_wconf 75' lang='lat' dir='ltr'>particulatim</span> 
     </span>
     <span class='ocr_line' id='line_1_16' title="bbox 545 1958 1893 2031; baseline 0.001 -16"><span class='ocrx_word' id='word_1_166' title='bbox 545 1960 588 2016; x_wconf 84' lang='lat' dir='ltr'>sel</span> <span class='ocrx_word' id='word_1_167' title='bbox 606 1960 675 2029; x_wconf 90' lang='lat' dir='ltr'>quas</span> <span class='ocrx_word' id='word_1_168' title='bbox 699 1960 758 2015; x_wconf 91' lang='lat' dir='ltr'>aliis</span> <span class='ocrx_word' id='word_1_169' title='bbox 776 1959 854 2016; x_wconf 82' lang='lat' dir='ltr'>aliter</span> <span class='ocrx_word' id='word_1_170' title='bbox 871 1961 961 2017; x_wconf 92' lang='lat' dir='ltr'>inesse</span> <span class='ocrx_word' id='word_1_171' title='bbox 986 1960 1233 2031; x_wconf 87' lang='lat' dir='ltr'>deprehenduntur.</span> <span class='ocrx_word' id='word_1_172' title='bbox 1269 1960 1363 2013; x_wconf 87' lang='lat' dir='ltr'>Priore</span> <span class='ocrx_word' id='word_1_173' title='bbox 1386 1958 1429 2014; x_wconf 80' lang='lat' dir='ltr'>via</span> <span class='ocrx_word' id='word_1_174' title='bbox 1452 1974 1502 2027; x_wconf 92' lang='lat' dir='ltr'>per</span> <span class='ocrx_word' id='word_1_175' title='bbox 1519 1959 1609 2029; x_wconf 86' lang='lat' dir='ltr'>capita</span> <span class='ocrx_word' id='word_1_176' title='bbox 1627 1960 1748 2029; x_wconf 89' lang='lat' dir='ltr'>quinqua</span> <span class='ocrx_word' id='word_1_177' title='bbox 1767 1962 1893 2031; x_wconf 84' lang='lat' dir='ltr'>deinceps</span> 
     </span>
     <span class='ocr_line' id='line_1_17' title="bbox 546 2038 1893 2111; baseline -0.001 -14"><span class='ocrx_word' id='word_1_178' title='bbox 546 2039 662 2111; x_wconf 88' lang='lat' dir='ltr'>incedit,</span> <span class='ocrx_word' id='word_1_179' title='bbox 681 2040 833 2110; x_wconf 87' lang='lat' dir='ltr'>posteriore</span> <span class='ocrx_word' id='word_1_180' title='bbox 851 2056 902 2111; x_wconf 89' lang='lat' dir='ltr'>par</span> <span class='ocrx_word' id='word_1_181' title='bbox 922 2042 961 2097; x_wconf 85' lang='lat' dir='ltr'>tt.</span> <span class='ocrx_word' id='word_1_182' title='bbox 983 2042 1023 2096; x_wconf 82' lang='lat'>15.</span> <span class='ocrx_word' id='word_1_183' title='bbox 1044 2040 1083 2097; x_wconf 82' lang='lat'>16.</span> <span class='ocrx_word' id='word_1_184' title='bbox 1102 2038 1166 2093; x_wconf 88' lang='lat' dir='ltr'>libri</span> <span class='ocrx_word' id='word_1_185' title='bbox 1181 2040 1228 2094; x_wconf 89' lang='lat'>111.</span> <span class='ocrx_word' id='word_1_186' title='bbox 1247 2039 1373 2095; x_wconf 87' lang='lat' dir='ltr'>incedere</span> <span class='ocrx_word' id='word_1_187' title='bbox 1390 2038 1554 2109; x_wconf 83' lang='lat' dir='ltr'>decreverat,</span> <span class='ocrx_word' id='word_1_188' title='bbox 1573 2046 1604 2093; x_wconf 95' lang='lat' dir='ltr'>ut</span> <span class='ocrx_word' id='word_1_189' title='bbox 1620 2040 1742 2095; x_wconf 90' lang='lat' dir='ltr'>indicant</span> <span class='ocrx_word' id='word_1_190' title='bbox 1763 2042 1851 2111; x_wconf 74' lang='lat' dir='ltr'>dtuli,</span> <span class='ocrx_word' id='word_1_191' title='bbox 1868 2050 1893 2095; x_wconf 89' lang='lat' dir='ltr'>at</span> 
     </span>
     <span class='ocr_line' id='line_1_18' title="bbox 546 2112 1456 2189; baseline -0.005 -12"><span class='ocrx_word' id='word_1_192' title='bbox 546 2138 600 2179; x_wconf 90' lang='lat' dir='ltr'>uon</span> <span class='ocrx_word' id='word_1_193' title='bbox 619 2118 748 2189; x_wconf 82' lang='lat' dir='ltr'>absoluit,</span> <span class='ocrx_word' id='word_1_194' title='bbox 767 2117 832 2187; x_wconf 91' lang='lat' dir='ltr'>quia</span> <span class='ocrx_word' id='word_1_195' title='bbox 849 2119 918 2173; x_wconf 71' lang='lat' dir='ltr'>matu</span> <span class='ocrx_word' id='word_1_196' title='bbox 936 2118 1075 2189; x_wconf 89' lang='lat' dir='ltr'>ingressus</span> <span class='ocrx_word' id='word_1_197' title='bbox 1093 2127 1136 2175; x_wconf 89' lang='lat' dir='ltr'>eat</span> <span class='ocrx_word' id='word_1_198' title='bbox 1152 2118 1316 2189; x_wconf 72' lang='lat' dir='ltr'>imperviam,</span> <span class='ocrx_word' id='word_1_199' title='bbox 1449 2112 1456 2123; x_wconf 91' lang='lat'><em>&#39;</em></span> 
     </span>
    </p>

    <p class='ocr_par' dir='ltr' id='par_1_7' title="bbox 545 2196 1894 2903">
     <span class='ocr_line' id='line_1_19' title="bbox 632 2196 1894 2268; baseline 0 -15"><span class='ocrx_word' id='word_1_200' title='bbox 632 2198 706 2253; x_wconf 86' lang='lat' dir='ltr'>Nota</span> <span class='ocrx_word' id='word_1_201' title='bbox 723 2196 797 2251; x_wconf 84' lang='lat' dir='ltr'>vm.</span> <span class='ocrx_word' id='word_1_202' title='bbox 834 2196 1068 2267; x_wconf 83' lang='lat' dir='ltr'>Comparationem</span> <span class='ocrx_word' id='word_1_203' title='bbox 1086 2199 1157 2255; x_wconf 91' lang='lat' dir='ltr'>inter</span> <span class='ocrx_word' id='word_1_204' title='bbox 1174 2214 1204 2253; x_wconf 89' lang='lat' dir='ltr'>se</span> <span class='ocrx_word' id='word_1_205' title='bbox 1222 2197 1388 2267; x_wconf 81' lang='lat' dir='ltr'>generalium</span> <span class='ocrx_word' id='word_1_206' title='bbox 1406 2196 1510 2253; x_wconf 85' lang='lat' dir='ltr'>orditur</span> <span class='ocrx_word' id='word_1_207' title='bbox 1523 2197 1695 2252; x_wconf 85' lang='lat' dir='ltr'>Ptolemaeus</span> <span class='ocrx_word' id='word_1_208' title='bbox 1713 2212 1730 2251; x_wconf 90' lang='lat' dir='ltr'>a</span> <span class='ocrx_word' id='word_1_209' title='bbox 1748 2206 1894 2268; x_wconf 70' lang='lat' dir='ltr'>systemate</span> 
     </span>
     <span class='ocr_line' id='line_1_20' title="bbox 545 2274 1894 2346; baseline 0 -15"><span class='ocrx_word' id='word_1_210' title='bbox 545 2274 665 2346; x_wconf 84' lang='lat' dir='ltr'>perfecto</span> <span class='ocrx_word' id='word_1_211' title='bbox 684 2280 712 2331; x_wconf 86' lang='lat' dir='ltr'>et</span> <span class='ocrx_word' id='word_1_212' title='bbox 728 2289 745 2329; x_wconf 93' lang='lat' dir='ltr'>a</span> <span class='ocrx_word' id='word_1_213' title='bbox 762 2274 881 2345; x_wconf 81' lang='lat' dir='ltr'>zodiaco.</span> <span class='ocrx_word' id='word_1_214' title='bbox 916 2275 986 2330; x_wconf 87' lang='lat' dir='ltr'>Nam</span> <span class='ocrx_word' id='word_1_215' title='bbox 1003 2284 1034 2331; x_wconf 95' lang='lat' dir='ltr'>ut</span> <span class='ocrx_word' id='word_1_216' title='bbox 1043 2277 1079 2344; x_wconf 64' lang='lat' dir='ltr'>,in</span> <span class='ocrx_word' id='word_1_217' title='bbox 1097 2283 1244 2346; x_wconf 86' lang='lat' dir='ltr'>systemate</span> <span class='ocrx_word' id='word_1_218' title='bbox 1261 2275 1382 2345; x_wconf 86' lang='lat' dir='ltr'>perlecto</span> <span class='ocrx_word' id='word_1_219' title='bbox 1401 2291 1494 2331; x_wconf 88' lang='lat' dir='ltr'>omnes</span> <span class='ocrx_word' id='word_1_220' title='bbox 1505 2275 1598 2331; x_wconf 91' lang='lat' dir='ltr'>insunt</span> <span class='ocrx_word' id='word_1_221' title='bbox 1611 2276 1730 2332; x_wconf 88' lang='lat' dir='ltr'>chordae</span> <span class='ocrx_word' id='word_1_222' title='bbox 1747 2292 1894 2345; x_wconf 86' lang='lat' dir='ltr'>earumque</span> 
     </span>
     <span class='ocr_line' id='line_1_21' title="bbox 545 2352 1892 2433; baseline 0.001 -24"><span class='ocrx_word' id='word_1_223' title='bbox 545 2352 696 2413; x_wconf 82' lang='lat' dir='ltr'>interualla.</span> <span class='ocrx_word' id='word_1_224' title='bbox 714 2369 828 2423; x_wconf 85' lang='lat' dir='ltr'>genere,</span> <span class='ocrx_word' id='word_1_225' title='bbox 847 2354 952 2423; x_wconf 86' lang='lat' dir='ltr'>species</span> <span class='ocrx_word' id='word_1_226' title='bbox 970 2354 1193 2425; x_wconf 80' lang='lat' dir='ltr'>differentiasque</span> <span class='ocrx_word' id='word_1_227' title='bbox 1212 2364 1268 2414; x_wconf 86' lang='lat' dir='ltr'>tam</span> <span class='ocrx_word' id='word_1_228' title='bbox 1285 2354 1534 2423; x_wconf 87' lang='lat' dir='ltr'>tetrachordorum,</span> <span class='ocrx_word' id='word_1_229' title='bbox 1557 2371 1637 2433; x_wconf 86' lang='lat' dir='ltr'>quam</span> <span class='ocrx_word' id='word_1_230' title='bbox 1656 2357 1892 2410; x_wconf 86' lang='lat' dir='ltr'>consonantiarum</span> 
     </span>
     <span class='ocr_line' id='line_1_22' title="bbox 546 2432 1894 2504; baseline 0 -15"><span class='ocrx_word' id='word_1_231' title='bbox 546 2440 727 2501; x_wconf 85' lang='lat' dir='ltr'>cantuumque</span> <span class='ocrx_word' id='word_1_232' title='bbox 753 2438 780 2487; x_wconf 92' lang='lat' dir='ltr'>et</span> <span class='ocrx_word' id='word_1_233' title='bbox 797 2432 939 2487; x_wconf 89' lang='lat' dir='ltr'>modorum</span> <span class='ocrx_word' id='word_1_234' title='bbox 962 2449 1010 2489; x_wconf 89' lang='lat' dir='ltr'>seu</span> <span class='ocrx_word' id='word_1_235' title='bbox 1035 2440 1174 2503; x_wconf 89' lang='lat' dir='ltr'>tonorum,</span> <span class='ocrx_word' id='word_1_236' title='bbox 1198 2434 1343 2490; x_wconf 85' lang='lat' dir='ltr'>sicetiam</span> <span class='ocrx_word' id='word_1_237' title='bbox 1366 2434 1416 2488; x_wconf 89' lang='lat' dir='ltr'>sub</span> <span class='ocrx_word' id='word_1_238' title='bbox 1435 2432 1546 2494; x_wconf 76' lang='lat' dir='ltr'>aodmco</span> <span class='ocrx_word' id='word_1_239' title='bbox 1570 2433 1701 2489; x_wconf 88' lang='lat' dir='ltr'>incedunt</span> <span class='ocrx_word' id='word_1_240' title='bbox 1727 2451 1824 2489; x_wconf 90' lang='lat' dir='ltr'>omues</span> <span class='ocrx_word' id='word_1_241' title='bbox 1841 2435 1894 2504; x_wconf 91' lang='lat' dir='ltr'>pla·</span> 
     </span>
     <span class='ocr_line' id='line_1_23' title="bbox 547 2510 1894 2583; baseline 0 -15"><span class='ocrx_word' id='word_1_242' title='bbox 547 2520 627 2569; x_wconf 69' lang='lat' dir='ltr'>neue</span> <span class='ocrx_word' id='word_1_243' title='bbox 645 2527 706 2566; x_wconf 89' lang='lat' dir='ltr'>cum</span> <span class='ocrx_word' id='word_1_244' title='bbox 724 2510 759 2566; x_wconf 87' lang='lat' dir='ltr'>tri</span> <span class='ocrx_word' id='word_1_245' title='bbox 780 2510 825 2565; x_wconf 91' lang='lat' dir='ltr'>lici</span> <span class='ocrx_word' id='word_1_246' title='bbox 845 2526 944 2580; x_wconf 85' lang='lat' dir='ltr'>genera</span> <span class='ocrx_word' id='word_1_247' title='bbox 963 2519 1092 2581; x_wconf 90' lang='lat' dir='ltr'>motuum,</span> <span class='ocrx_word' id='word_1_248' title='bbox 1111 2514 1139 2567; x_wconf 89' lang='lat' dir='ltr'>in</span> <span class='ocrx_word' id='word_1_249' title='bbox 1158 2512 1277 2581; x_wconf 89' lang='lat' dir='ltr'>longum,</span> <span class='ocrx_word' id='word_1_250' title='bbox 1295 2511 1425 2567; x_wconf 84' lang='lat' dir='ltr'>lutumst</span> <span class='ocrx_word' id='word_1_251' title='bbox 1443 2511 1536 2567; x_wconf 89' lang='lat' dir='ltr'>altum.</span> <span class='ocrx_word' id='word_1_252' title='bbox 1573 2512 1790 2583; x_wconf 86' lang='lat' dir='ltr'>Comparationis</span> <span class='ocrx_word' id='word_1_253' title='bbox 1807 2522 1894 2567; x_wconf 81' lang='lat' dir='ltr'>auten</span> 
     </span>
     <span class='ocr_line' id='line_1_24' title="bbox 546 2588 1894 2663; baseline -0.001 -16"><span class='ocrx_word' id='word_1_254' title='bbox 546 2598 706 2661; x_wconf 83' lang='lat' dir='ltr'>argumenta</span> <span class='ocrx_word' id='word_1_255' title='bbox 729 2608 745 2645; x_wconf 91' lang='lat' dir='ltr'>a</span> <span class='ocrx_word' id='word_1_256' title='bbox 767 2599 809 2647; x_wconf 90' lang='lat' dir='ltr'>ert</span> <span class='ocrx_word' id='word_1_257' title='bbox 830 2588 977 2663; x_wconf 87' lang='lat' dir='ltr'>praecipue</span> <span class='ocrx_word' id='word_1_258' title='bbox 1001 2601 1131 2660; x_wconf 87' lang='lat' dir='ltr'>quatuor:</span> <span class='ocrx_word' id='word_1_259' title='bbox 1155 2592 1271 2663; x_wconf 89' lang='lat' dir='ltr'>primum</span> <span class='ocrx_word' id='word_1_260' title='bbox 1294 2598 1449 2646; x_wconf 89' lang='lat' dir='ltr'>amotuum</span> <span class='ocrx_word' id='word_1_261' title='bbox 1467 2589 1641 2663; x_wconf 78' lang='lat' dir='ltr'>similitudine</span> <span class='ocrx_word' id='word_1_262' title='bbox 1667 2597 1695 2645; x_wconf 93' lang='lat' dir='ltr'>et</span> <span class='ocrx_word' id='word_1_263' title='bbox 1713 2591 1894 2661; x_wconf 77' lang='lat' dir='ltr'>simplicitate,</span> 
     </span>
     <span class='ocr_line' id='line_1_25' title="bbox 548 2668 1894 2741; baseline -0.003 -13"><span class='ocrx_word' id='word_1_264' title='bbox 548 2670 696 2729; x_wconf 86' lang='lat' dir='ltr'>secuudum</span> <span class='ocrx_word' id='word_1_265' title='bbox 715 2688 732 2727; x_wconf 88' lang='lat' dir='ltr'>a</span> <span class='ocrx_word' id='word_1_266' title='bbox 749 2672 838 2729; x_wconf 91' lang='lat' dir='ltr'>reditu</span> <span class='ocrx_word' id='word_1_267' title='bbox 855 2679 977 2726; x_wconf 91' lang='lat' dir='ltr'>motuum</span> <span class='ocrx_word' id='word_1_268' title='bbox 995 2671 1022 2725; x_wconf 93' lang='lat' dir='ltr'>in</span> <span class='ocrx_word' id='word_1_269' title='bbox 1040 2687 1069 2727; x_wconf 89' lang='lat' dir='ltr'>se</span> <span class='ocrx_word' id='word_1_270' title='bbox 1087 2672 1171 2741; x_wconf 89' lang='lat' dir='ltr'>ipsos,</span> <span class='ocrx_word' id='word_1_271' title='bbox 1188 2671 1298 2727; x_wconf 89' lang='lat' dir='ltr'>tertium</span> <span class='ocrx_word' id='word_1_272' title='bbox 1316 2672 1351 2727; x_wconf 91' lang='lat' dir='ltr'>ah</span> <span class='ocrx_word' id='word_1_273' title='bbox 1371 2668 1549 2739; x_wconf 88' lang='lat' dir='ltr'>oppositionis</span> <span class='ocrx_word' id='word_1_274' title='bbox 1567 2668 1797 2740; x_wconf 83' lang='lat' dir='ltr'>configuratione,</span> <span class='ocrx_word' id='word_1_275' title='bbox 1819 2668 1894 2724; x_wconf 90' lang='lat' dir='ltr'>simili</span> 
     </span>
     <span class='ocr_line' id='line_1_26' title="bbox 547 2748 1894 2821; baseline 0 -17"><span class='ocrx_word' id='word_1_276' title='bbox 547 2748 714 2821; x_wconf 89' lang='lat' dir='ltr'>oppositioni</span> <span class='ocrx_word' id='word_1_277' title='bbox 730 2768 818 2809; x_wconf 85' lang='lat' dir='ltr'>meses</span> <span class='ocrx_word' id='word_1_278' title='bbox 833 2758 864 2808; x_wconf 87' lang='lat' dir='ltr'>&#39;et</span> <span class='ocrx_word' id='word_1_279' title='bbox 882 2758 1076 2820; x_wconf 77' lang='lat' dir='ltr'>extremarum,</span> <span class='ocrx_word' id='word_1_280' title='bbox 1103 2758 1230 2821; x_wconf 89' lang='lat' dir='ltr'>quartum</span> <span class='ocrx_word' id='word_1_281' title='bbox 1254 2767 1271 2806; x_wconf 91' lang='lat' dir='ltr'>a</span> <span class='ocrx_word' id='word_1_282' title='bbox 1288 2750 1420 2808; x_wconf 86' lang='lat' dir='ltr'>consimili</span> <span class='ocrx_word' id='word_1_283' title='bbox 1437 2748 1621 2816; x_wconf 74' lang='lat' dir='ltr'>magnitudine</span> <span class='ocrx_word' id='word_1_284' title='bbox 1637 2756 1825 2820; x_wconf 89' lang='lat' dir='ltr'>potestatum,</span> <span class='ocrx_word' id='word_1_285' title='bbox 1850 2764 1894 2817; x_wconf 89' lang='lat' dir='ltr'>op·</span> 
     </span>
     <span class='ocr_line' id='line_1_27' title="bbox 548 2828 1708 2903; baseline 0.002 -20"><span class='ocrx_word' id='word_1_286' title='bbox 548 2829 691 2897; x_wconf 84' lang='lat' dir='ltr'>positionis</span> <span class='ocrx_word' id='word_1_287' title='bbox 710 2831 818 2901; x_wconf 90' lang='lat' dir='ltr'>quidem</span> <span class='ocrx_word' id='word_1_288' title='bbox 835 2832 907 2889; x_wconf 88' lang='lat' dir='ltr'>inter</span> <span class='ocrx_word' id='word_1_289' title='bbox 925 2830 1169 2903; x_wconf 80' lang='lat' dir='ltr'>configurationes,</span> <span class='ocrx_word' id='word_1_290' title='bbox 1188 2829 1320 2900; x_wconf 90' lang='lat' dir='ltr'>diapason</span> <span class='ocrx_word' id='word_1_291' title='bbox 1338 2846 1401 2884; x_wconf 84' lang='lat' dir='ltr'>vero</span> <span class='ocrx_word' id='word_1_292' title='bbox 1419 2830 1490 2885; x_wconf 81' lang='lat' dir='ltr'>inter</span> <span class='ocrx_word' id='word_1_293' title='bbox 1507 2828 1708 2885; x_wconf 88' lang='lat' dir='ltr'>consonantias.</span> 
     </span>
    </p>

    <p class='ocr_par' dir='ltr' id='par_1_8' title="bbox 548 2906 1900 4561">
     <span class='ocr_line' id='line_1_28' title="bbox 633 2906 1895 2980; baseline 0 -17"><span class='ocrx_word' id='word_1_294' title='bbox 633 2907 752 2965; x_wconf 86' lang='lat' dir='ltr'>Primum</span> <span class='ocrx_word' id='word_1_295' title='bbox 770 2922 956 2980; x_wconf 85' lang='lat' dir='ltr'>argumentum</span> <span class='ocrx_word' id='word_1_296' title='bbox 975 2912 1028 2966; x_wconf 91' lang='lat' dir='ltr'>hoc</span> <span class='ocrx_word' id='word_1_297' title='bbox 1046 2918 1103 2965; x_wconf 90' lang='lat' dir='ltr'>est:</span> <span class='ocrx_word' id='word_1_298' title='bbox 1120 2910 1220 2965; x_wconf 89' lang='lat' dir='ltr'>dantur</span> <span class='ocrx_word' id='word_1_299' title='bbox 1236 2908 1264 2963; x_wconf 90' lang='lat' dir='ltr'>in</span> <span class='ocrx_word' id='word_1_300' title='bbox 1281 2909 1392 2966; x_wconf 86' lang='lat' dir='ltr'>zodiaco</span> <span class='ocrx_word' id='word_1_301' title='bbox 1411 2906 1566 2976; x_wconf 86' lang='lat' dir='ltr'>intervalla,</span> <span class='ocrx_word' id='word_1_302' title='bbox 1590 2908 1688 2963; x_wconf 90' lang='lat' dir='ltr'>dantur</span> <span class='ocrx_word' id='word_1_303' title='bbox 1706 2907 1790 2962; x_wconf 86' lang='lat' dir='ltr'>ctiam</span> <span class='ocrx_word' id='word_1_304' title='bbox 1807 2910 1838 2968; x_wconf 90' lang='lat' dir='ltr'>in</span> <span class='ocrx_word' id='word_1_305' title='bbox 1856 2925 1895 2977; x_wconf 90' lang='lat' dir='ltr'>sy·</span> 
     </span>
     <span class='ocr_line' id='line_1_29' title="bbox 548 2986 1895 3061; baseline -0.001 -20"><span class='ocrx_word' id='word_1_306' title='bbox 548 2992 663 3042; x_wconf 70' lang='lat' dir='ltr'>sumata</span> <span class='ocrx_word' id='word_1_307' title='bbox 680 2988 845 3059; x_wconf 80' lang='lat' dir='ltr'>intervalla3&#39;</span> <span class='ocrx_word' id='word_1_308' title='bbox 863 3001 890 3046; x_wconf 92' lang='lat' dir='ltr'>et</span> <span class='ocrx_word' id='word_1_309' title='bbox 914 2991 1056 3061; x_wconf 91' lang='lat' dir='ltr'>perillam</span> <span class='ocrx_word' id='word_1_310' title='bbox 1074 2988 1183 3058; x_wconf 89' lang='lat' dir='ltr'>quidem</span> <span class='ocrx_word' id='word_1_311' title='bbox 1205 2988 1307 3057; x_wconf 89' lang='lat' dir='ltr'>trajicit</span> <span class='ocrx_word' id='word_1_312' title='bbox 1331 2987 1406 3042; x_wconf 91' lang='lat' dir='ltr'>sidus</span> <span class='ocrx_word' id='word_1_313' title='bbox 1425 2986 1548 3055; x_wconf 85' lang='lat' dir='ltr'>aliquod,</span> <span class='ocrx_word' id='word_1_314' title='bbox 1574 2988 1696 3057; x_wconf 85' lang='lat' dir='ltr'>pariata</span> <span class='ocrx_word' id='word_1_315' title='bbox 1718 3003 1783 3041; x_wconf 81' lang='lat' dir='ltr'>vero</span> <span class='ocrx_word' id='word_1_316' title='bbox 1801 2995 1895 3041; x_wconf 79' lang='lat' dir='ltr'>cantm</span> 
     </span>
     <span class='ocr_line' id='line_1_30' title="bbox 548 3065 1895 3141; baseline -0.001 -20"><span class='ocrx_word' id='word_1_317' title='bbox 548 3067 654 3138; x_wconf 87' lang='lat' dir='ltr'>transit,</span> <span class='ocrx_word' id='word_1_318' title='bbox 673 3077 763 3124; x_wconf 90' lang='lat' dir='ltr'>motus</span> <span class='ocrx_word' id='word_1_319' title='bbox 782 3086 818 3125; x_wconf 91' lang='lat' dir='ltr'>sc.</span> <span class='ocrx_word' id='word_1_320' title='bbox 838 3074 963 3141; x_wconf 89' lang='lat' dir='ltr'>utrinque</span> <span class='ocrx_word' id='word_1_321' title='bbox 981 3076 1024 3127; x_wconf 89' lang='lat' dir='ltr'>est</span> <span class='ocrx_word' id='word_1_322' title='bbox 1040 3066 1145 3124; x_wconf 90' lang='lat' dir='ltr'>localis.</span> <span class='ocrx_word' id='word_1_323' title='bbox 1180 3065 1327 3122; x_wconf 84' lang='lat' dir='ltr'>Intervalla</span> <span class='ocrx_word' id='word_1_324' title='bbox 1350 3066 1458 3134; x_wconf 91' lang='lat' dir='ltr'>quidem</span> <span class='ocrx_word' id='word_1_325' title='bbox 1475 3066 1579 3121; x_wconf 71' lang='lat' dir='ltr'>aodmci</span> <span class='ocrx_word' id='word_1_326' title='bbox 1602 3066 1694 3135; x_wconf 90' lang='lat' dir='ltr'>qualia</span> <span class='ocrx_word' id='word_1_327' title='bbox 1712 3068 1779 3134; x_wconf 90' lang='lat' dir='ltr'>sint,</span> <span class='ocrx_word' id='word_1_328' title='bbox 1802 3082 1854 3135; x_wconf 91' lang='lat' dir='ltr'>per</span> <span class='ocrx_word' id='word_1_329' title='bbox 1869 3078 1895 3119; x_wconf 86' lang='lat' dir='ltr'>ae</span> 
     </span>
     <span class='ocr_line' id='line_1_31' title="bbox 549 3145 1898 3221; baseline -0.002 -21"><span class='ocrx_word' id='word_1_330' title='bbox 549 3151 633 3219; x_wconf 81' lang='lat' dir='ltr'>patet,</span> <span class='ocrx_word' id='word_1_331' title='bbox 653 3153 681 3201; x_wconf 92' lang='lat' dir='ltr'>at</span> <span class='ocrx_word' id='word_1_332' title='bbox 699 3147 843 3206; x_wconf 83' lang='lat' dir='ltr'>interualla</span> <span class='ocrx_word' id='word_1_333' title='bbox 859 3152 887 3205; x_wconf 92' lang='lat' dir='ltr'>in</span> <span class='ocrx_word' id='word_1_334' title='bbox 907 3158 1053 3221; x_wconf 77' lang='lat' dir='ltr'>systemate</span> <span class='ocrx_word' id='word_1_335' title='bbox 1076 3147 1182 3218; x_wconf 87' lang='lat' dir='ltr'>gemino</span> <span class='ocrx_word' id='word_1_336' title='bbox 1200 3162 1283 3202; x_wconf 90' lang='lat' dir='ltr'>sensu</span> <span class='ocrx_word' id='word_1_337' title='bbox 1301 3146 1401 3202; x_wconf 90' lang='lat' dir='ltr'>insunt.</span> <span class='ocrx_word' id='word_1_338' title='bbox 1436 3146 1557 3201; x_wconf 90' lang='lat' dir='ltr'>Primum</span> <span class='ocrx_word' id='word_1_339' title='bbox 1581 3147 1651 3201; x_wconf 91' lang='lat' dir='ltr'>enim</span> <span class='ocrx_word' id='word_1_340' title='bbox 1674 3145 1857 3201; x_wconf 82' lang='lat' dir='ltr'>materialiter</span> <span class='ocrx_word' id='word_1_341' title='bbox 1871 3152 1898 3197; x_wconf 88' lang='lat' dir='ltr'>et</span> 
     </span>
     <span class='ocr_line' id='line_1_32' title="bbox 548 3223 1898 3301; baseline -0.001 -23"><span class='ocrx_word' id='word_1_342' title='bbox 548 3224 675 3293; x_wconf 87' lang='lat' dir='ltr'>organice</span> <span class='ocrx_word' id='word_1_343' title='bbox 697 3226 799 3283; x_wconf 90' lang='lat' dir='ltr'>distant</span> <span class='ocrx_word' id='word_1_344' title='bbox 823 3230 858 3285; x_wconf 92' lang='lat' dir='ltr'>ab</span> <span class='ocrx_word' id='word_1_345' title='bbox 882 3230 995 3286; x_wconf 87' lang='lat' dir='ltr'>invicem</span> <span class='ocrx_word' id='word_1_346' title='bbox 1020 3227 1151 3294; x_wconf 90' lang='lat' dir='ltr'>chordae,</span> <span class='ocrx_word' id='word_1_347' title='bbox 1177 3226 1217 3280; x_wconf 91' lang='lat' dir='ltr'>sic</span> <span class='ocrx_word' id='word_1_348' title='bbox 1238 3232 1270 3280; x_wconf 93' lang='lat' dir='ltr'>ut</span> <span class='ocrx_word' id='word_1_349' title='bbox 1287 3225 1480 3301; x_wconf 68' lang='lat' dir='ltr'>unaquaelibet</span> <span class='ocrx_word' id='word_1_350' title='bbox 1503 3225 1614 3281; x_wconf 88' lang='lat' dir='ltr'>seorsim</span> <span class='ocrx_word' id='word_1_351' title='bbox 1637 3224 1772 3280; x_wconf 84' lang='lat' dir='ltr'>acetaria</span> <span class='ocrx_word' id='word_1_352' title='bbox 1795 3223 1898 3293; x_wconf 81' lang='lat' dir='ltr'>pulsari</span> 
     </span>
     <span class='ocr_line' id='line_1_33' title="bbox 548 3302 1897 3377; baseline -0.001 -21"><span class='ocrx_word' id='word_1_353' title='bbox 548 3304 649 3372; x_wconf 89' lang='lat' dir='ltr'>possit;</span> <span class='ocrx_word' id='word_1_354' title='bbox 673 3309 700 3359; x_wconf 91' lang='lat' dir='ltr'>et</span> <span class='ocrx_word' id='word_1_355' title='bbox 718 3304 746 3359; x_wconf 93' lang='lat' dir='ltr'>iu</span> <span class='ocrx_word' id='word_1_356' title='bbox 768 3306 861 3362; x_wconf 90' lang='lat' dir='ltr'>codice</span> <span class='ocrx_word' id='word_1_357' title='bbox 879 3306 1046 3365; x_wconf 89' lang='lat' dir='ltr'>Ptolemaicc</span> <span class='ocrx_word' id='word_1_358' title='bbox 1063 3309 1213 3377; x_wconf 84' lang='lat' dir='ltr'>pinguntur</span> <span class='ocrx_word' id='word_1_359' title='bbox 1236 3305 1353 3361; x_wconf 65' lang='lat' dir='ltr'>chorum</span> <span class='ocrx_word' id='word_1_360' title='bbox 1372 3304 1525 3372; x_wconf 78' lang='lat' dir='ltr'>systematis</span> <span class='ocrx_word' id='word_1_361' title='bbox 1548 3302 1626 3358; x_wconf 90' lang='lat' dir='ltr'>lineis</span> <span class='ocrx_word' id='word_1_362' title='bbox 1647 3304 1745 3358; x_wconf 75' lang='lat' dir='ltr'>creoda</span> <span class='ocrx_word' id='word_1_363' title='bbox 1772 3303 1846 3357; x_wconf 85' lang='lat' dir='ltr'>iuter</span> <span class='ocrx_word' id='word_1_364' title='bbox 1869 3318 1897 3355; x_wconf 83' lang='lat' dir='ltr'>se</span> 
     </span>
     <span class='ocr_line' id='line_1_34' title="bbox 549 3380 1897 3456; baseline 0.001 -21"><span class='ocrx_word' id='word_1_365' title='bbox 549 3380 697 3452; x_wconf 89' lang='lat' dir='ltr'>parallelis,</span> <span class='ocrx_word' id='word_1_366' title='bbox 716 3383 824 3441; x_wconf 91' lang='lat' dir='ltr'>illarum</span> <span class='ocrx_word' id='word_1_367' title='bbox 842 3384 926 3456; x_wconf 88' lang='lat' dir='ltr'>igitur</span> <span class='ocrx_word' id='word_1_368' title='bbox 943 3389 1012 3445; x_wconf 90' lang='lat' dir='ltr'>aliae</span> <span class='ocrx_word' id='word_1_369' title='bbox 1031 3388 1065 3443; x_wconf 91' lang='lat' dir='ltr'>ad</span> <span class='ocrx_word' id='word_1_370' title='bbox 1084 3386 1222 3442; x_wconf 90' lang='lat' dir='ltr'>sinistram</span> <span class='ocrx_word' id='word_1_371' title='bbox 1239 3384 1325 3453; x_wconf 90' lang='lat' dir='ltr'>magia</span> <span class='ocrx_word' id='word_1_372' title='bbox 1342 3382 1486 3451; x_wconf 89' lang='lat' dir='ltr'>recedunt,</span> <span class='ocrx_word' id='word_1_373' title='bbox 1505 3382 1573 3437; x_wconf 90' lang='lat' dir='ltr'>aliae</span> <span class='ocrx_word' id='word_1_374' title='bbox 1592 3383 1627 3437; x_wconf 92' lang='lat' dir='ltr'>ad</span> <span class='ocrx_word' id='word_1_375' title='bbox 1645 3382 1780 3450; x_wconf 89' lang='lat' dir='ltr'>dextram,</span> <span class='ocrx_word' id='word_1_376' title='bbox 1798 3382 1897 3437; x_wconf 80' lang='lat' dir='ltr'>distan</span> 
     </span>
     <span class='ocr_line' id='line_1_35' title="bbox 549 3460 1898 3533; baseline 0.002 -21"><span class='ocrx_word' id='word_1_377' title='bbox 549 3465 591 3513; x_wconf 87' lang='lat' dir='ltr'>tes</span> <span class='ocrx_word' id='word_1_378' title='bbox 609 3460 643 3515; x_wconf 85' lang='lat' dir='ltr'>ab</span> <span class='ocrx_word' id='word_1_379' title='bbox 661 3460 784 3533; x_wconf 87' lang='lat' dir='ltr'>invicem,</span> <span class='ocrx_word' id='word_1_380' title='bbox 803 3464 830 3519; x_wconf 94' lang='lat' dir='ltr'>id</span> <span class='ocrx_word' id='word_1_381' title='bbox 849 3473 891 3521; x_wconf 90' lang='lat' dir='ltr'>eat</span> <span class='ocrx_word' id='word_1_382' title='bbox 909 3466 1105 3523; x_wconf 81' lang='lat' dir='ltr'>intervallatae.</span> <span class='ocrx_word' id='word_1_383' title='bbox 1142 3464 1180 3519; x_wconf 79' lang='lat' dir='ltr'>Et</span> <span class='ocrx_word' id='word_1_384' title='bbox 1196 3464 1264 3519; x_wconf 89' lang='lat' dir='ltr'>haec</span> <span class='ocrx_word' id='word_1_385' title='bbox 1282 3462 1410 3531; x_wconf 88' lang='lat' dir='ltr'>organica</span> <span class='ocrx_word' id='word_1_386' title='bbox 1427 3460 1558 3516; x_wconf 88' lang='lat' dir='ltr'>distantia</span> <span class='ocrx_word' id='word_1_387' title='bbox 1577 3462 1685 3530; x_wconf 89' lang='lat' dir='ltr'>peperit</span> <span class='ocrx_word' id='word_1_388' title='bbox 1699 3476 1801 3515; x_wconf 89' lang='lat' dir='ltr'>nomen</span> <span class='ocrx_word' id='word_1_389' title='bbox 1819 3464 1898 3517; x_wconf 84' lang='lat' dir='ltr'>inter·</span> 
     </span>
     <span class='ocr_line' id='line_1_36' title="bbox 549 3534 1897 3612; baseline -0.001 -20"><span class='ocrx_word' id='word_1_390' title='bbox 549 3534 615 3593; x_wconf 81' lang='lat' dir='ltr'>valli</span> <span class='ocrx_word' id='word_1_391' title='bbox 633 3539 661 3593; x_wconf 91' lang='lat' dir='ltr'>in</span> <span class='ocrx_word' id='word_1_392' title='bbox 678 3542 795 3612; x_wconf 88' lang='lat' dir='ltr'>musica,</span> <span class='ocrx_word' id='word_1_393' title='bbox 821 3544 895 3612; x_wconf 89' lang='lat' dir='ltr'>qnod</span> <span class='ocrx_word' id='word_1_394' title='bbox 912 3545 1009 3601; x_wconf 90' lang='lat' dir='ltr'>deiude</span> <span class='ocrx_word' id='word_1_395' title='bbox 1027 3545 1108 3600; x_wconf 73' lang='lat' dir='ltr'>edan</span> <span class='ocrx_word' id='word_1_396' title='bbox 1127 3542 1163 3598; x_wconf 90' lang='lat' dir='ltr'>sd</span> <span class='ocrx_word' id='word_1_397' title='bbox 1180 3542 1249 3598; x_wconf 88' lang='lat' dir='ltr'>alias</span> <span class='ocrx_word' id='word_1_398' title='bbox 1265 3540 1427 3597; x_wconf 78' lang='lat' dir='ltr'>uanslatum</span> <span class='ocrx_word' id='word_1_399' title='bbox 1446 3540 1497 3596; x_wconf 88' lang='lat' dir='ltr'>luit</span> <span class='ocrx_word' id='word_1_400' title='bbox 1515 3540 1736 3609; x_wconf 85' lang='lat' dir='ltr'>significationes.</span> <span class='ocrx_word' id='word_1_401' title='bbox 1774 3539 1897 3597; x_wconf 86' lang='lat' dir='ltr'>Secundo</span> 
     </span>
     <span class='ocr_line' id='line_1_37' title="bbox 550 3616 1899 3693; baseline 0.004 -24"><span class='ocrx_word' id='word_1_402' title='bbox 550 3616 621 3671; x_wconf 90' lang='lat' dir='ltr'>anim</span> <span class='ocrx_word' id='word_1_403' title='bbox 639 3633 719 3674; x_wconf 86' lang='lat' dir='ltr'>voces</span> <span class='ocrx_word' id='word_1_404' title='bbox 736 3620 915 3693; x_wconf 85' lang='lat' dir='ltr'>intervallum,</span> <span class='ocrx_word' id='word_1_405' title='bbox 936 3624 1078 3691; x_wconf 88' lang='lat' dir='ltr'>distantia,</span> <span class='ocrx_word' id='word_1_406' title='bbox 1105 3630 1249 3681; x_wconf 89' lang='lat' dir='ltr'>sumuntur</span> <span class='ocrx_word' id='word_1_407' title='bbox 1266 3622 1347 3677; x_wconf 88' lang='lat' dir='ltr'>etiam</span> <span class='ocrx_word' id='word_1_408' title='bbox 1369 3619 1576 3677; x_wconf 83' lang='lat' dir='ltr'>dediderantia</span> <span class='ocrx_word' id='word_1_409' title='bbox 1601 3622 1747 3690; x_wconf 85' lang='lat' dir='ltr'>potestatis</span> <span class='ocrx_word' id='word_1_410' title='bbox 1771 3636 1899 3675; x_wconf 84' lang='lat' dir='ltr'>sonorum</span> 
     </span>
     <span class='ocr_line' id='line_1_38' title="bbox 549 3694 1899 3771; baseline 0.004 -24"><span class='ocrx_word' id='word_1_411' title='bbox 549 3694 575 3749; x_wconf 92' lang='lat' dir='ltr'>in</span> <span class='ocrx_word' id='word_1_412' title='bbox 595 3696 718 3753; x_wconf 89' lang='lat' dir='ltr'>acumine</span> <span class='ocrx_word' id='word_1_413' title='bbox 737 3706 763 3752; x_wconf 92' lang='lat' dir='ltr'>et</span> <span class='ocrx_word' id='word_1_414' title='bbox 782 3700 922 3771; x_wconf 58' lang='lat' dir='ltr'>murima,</span> <span class='ocrx_word' id='word_1_415' title='bbox 942 3703 1006 3771; x_wconf 91' lang='lat' dir='ltr'>quia</span> <span class='ocrx_word' id='word_1_416' title='bbox 1023 3719 1117 3759; x_wconf 82' lang='lat' dir='ltr'>rocem</span> <span class='ocrx_word' id='word_1_417' title='bbox 1135 3711 1243 3758; x_wconf 65' lang='lat' dir='ltr'>acuum</span> <span class='ocrx_word' id='word_1_418' title='bbox 1261 3701 1374 3762; x_wconf 75' lang='lat' dir='ltr'>didmus</span> <span class='ocrx_word' id='word_1_419' title='bbox 1393 3700 1493 3769; x_wconf 62' lang='lat' dir='ltr'>altam</span> <span class='ocrx_word' id='word_1_420' title='bbox 1512 3715 1620 3769; x_wconf 63' lang='lat' dir='ltr'>parem</span> <span class='ocrx_word' id='word_1_421' title='bbox 1637 3698 1818 3769; x_wconf 83' lang='lat' dir='ltr'>profundam,</span> <span class='ocrx_word' id='word_1_422' title='bbox 1841 3715 1899 3754; x_wconf 82' lang='lat' dir='ltr'>cura</span> 
     </span>
     <span class='ocr_line' id='line_1_39' title="bbox 549 3774 1899 3850; baseline 0.001 -21"><span class='ocrx_word' id='word_1_423' title='bbox 549 3774 722 3831; x_wconf 82' lang='lat' dir='ltr'>intervallum</span> <span class='ocrx_word' id='word_1_424' title='bbox 741 3776 851 3847; x_wconf 86' lang='lat' dir='ltr'>aliquod</span> <span class='ocrx_word' id='word_1_425' title='bbox 869 3780 1008 3836; x_wconf 89' lang='lat' dir='ltr'>insinuent</span> <span class='ocrx_word' id='word_1_426' title='bbox 1025 3780 1096 3837; x_wconf 87' lang='lat' dir='ltr'>iuter</span> <span class='ocrx_word' id='word_1_427' title='bbox 1113 3797 1143 3836; x_wconf 88' lang='lat' dir='ltr'>se</span> <span class='ocrx_word' id='word_1_428' title='bbox 1161 3786 1346 3850; x_wconf 79' lang='lat' dir='ltr'>comparatae,</span> <span class='ocrx_word' id='word_1_429' title='bbox 1366 3781 1490 3849; x_wconf 89' lang='lat' dir='ltr'>sequitur</span> <span class='ocrx_word' id='word_1_430' title='bbox 1508 3789 1538 3834; x_wconf 92' lang='lat' dir='ltr'>ut</span> <span class='ocrx_word' id='word_1_431' title='bbox 1557 3780 1638 3834; x_wconf 90' lang='lat' dir='ltr'>etiam</span> <span class='ocrx_word' id='word_1_432' title='bbox 1654 3780 1683 3835; x_wconf 90' lang='lat' dir='ltr'>iu</span> <span class='ocrx_word' id='word_1_433' title='bbox 1701 3795 1787 3835; x_wconf 85' lang='lat' dir='ltr'>seusu</span> <span class='ocrx_word' id='word_1_434' title='bbox 1798 3777 1899 3832; x_wconf 83' lang='lat' dir='ltr'>musico</span> 
     </span>
     <span class='ocr_line' id='line_1_40' title="bbox 549 3852 1899 3928; baseline 0.001 -22"><span class='ocrx_word' id='word_1_435' title='bbox 549 3852 621 3907; x_wconf 84' lang='lat' dir='ltr'>inter</span> <span class='ocrx_word' id='word_1_436' title='bbox 639 3869 736 3908; x_wconf 89' lang='lat' dir='ltr'>sonum</span> <span class='ocrx_word' id='word_1_437' title='bbox 755 3854 839 3910; x_wconf 90' lang='lat' dir='ltr'>altum</span> <span class='ocrx_word' id='word_1_438' title='bbox 859 3864 887 3912; x_wconf 91' lang='lat' dir='ltr'>et</span> <span class='ocrx_word' id='word_1_439' title='bbox 903 3858 1069 3928; x_wconf 84' lang='lat' dir='ltr'>profundum</span> <span class='ocrx_word' id='word_1_440' title='bbox 1087 3858 1257 3927; x_wconf 89' lang='lat' dir='ltr'>concipiatur</span> <span class='ocrx_word' id='word_1_441' title='bbox 1275 3858 1447 3913; x_wconf 85' lang='lat' dir='ltr'>intervallum</span> <span class='ocrx_word' id='word_1_442' title='bbox 1460 3859 1682 3928; x_wconf 88' lang='lat' dir='ltr'>metaphoricum.</span> <span class='ocrx_word' id='word_1_443' title='bbox 1718 3859 1799 3914; x_wconf 91' lang='lat' dir='ltr'>Prior</span> <span class='ocrx_word' id='word_1_444' title='bbox 1810 3859 1899 3925; x_wconf 87' lang='lat' dir='ltr'>itaque</span> 
     </span>
     <span class='ocr_line' id='line_1_41' title="bbox 550 3933 1899 4006; baseline 0.001 -19"><span class='ocrx_word' id='word_1_445' title='bbox 550 3933 718 4002; x_wconf 87' lang='lat' dir='ltr'>significatus</span> <span class='ocrx_word' id='word_1_446' title='bbox 744 3935 818 3990; x_wconf 84' lang='lat' dir='ltr'>sucis</span> <span class='ocrx_word' id='word_1_447' title='bbox 842 3934 1016 3993; x_wconf 84' lang='lat' dir='ltr'>interuallum</span> <span class='ocrx_word' id='word_1_448' title='bbox 1037 3936 1127 3992; x_wconf 86' lang='lat' dir='ltr'>locutu</span> <span class='ocrx_word' id='word_1_449' title='bbox 1152 3935 1299 4006; x_wconf 88' lang='lat' dir='ltr'>praecipue</span> <span class='ocrx_word' id='word_1_450' title='bbox 1321 3936 1405 3991; x_wconf 89' lang='lat' dir='ltr'>hahet</span> <span class='ocrx_word' id='word_1_451' title='bbox 1427 3937 1479 3992; x_wconf 90' lang='lat' dir='ltr'>boc</span> <span class='ocrx_word' id='word_1_452' title='bbox 1497 3945 1592 3993; x_wconf 81' lang='lat' dir='ltr'>octavo</span> <span class='ocrx_word' id='word_1_453' title='bbox 1611 3937 1714 4006; x_wconf 89' lang='lat' dir='ltr'>capita,</span> <span class='ocrx_word' id='word_1_454' title='bbox 1742 3936 1899 4006; x_wconf 84' lang='lat' dir='ltr'>posterioris</span> 
     </span>
     <span class='ocr_line' id='line_1_42' title="bbox 549 4011 1899 4087; baseline 0.004 -21"><span class='ocrx_word' id='word_1_455' title='bbox 549 4011 618 4067; x_wconf 88' lang='lat' dir='ltr'>ratio</span> <span class='ocrx_word' id='word_1_456' title='bbox 635 4012 723 4080; x_wconf 73' lang='lat' dir='ltr'>major</span> <span class='ocrx_word' id='word_1_457' title='bbox 740 4012 884 4070; x_wconf 90' lang='lat' dir='ltr'>habebitur</span> <span class='ocrx_word' id='word_1_458' title='bbox 902 4016 991 4086; x_wconf 85' lang='lat' dir='ltr'>capite</span> <span class='ocrx_word' id='word_1_459' title='bbox 1009 4015 1134 4085; x_wconf 90' lang='lat' dir='ltr'>sequenti</span> <span class='ocrx_word' id='word_1_460' title='bbox 1151 4031 1232 4070; x_wconf 91' lang='lat' dir='ltr'>nono.</span> <span class='ocrx_word' id='word_1_461' title='bbox 1268 4014 1307 4070; x_wconf 83' lang='lat' dir='ltr'>Et</span> <span class='ocrx_word' id='word_1_462' title='bbox 1325 4017 1389 4084; x_wconf 82' lang='lat' dir='ltr'>quia&#39;</span> <span class='ocrx_word' id='word_1_463' title='bbox 1410 4032 1503 4071; x_wconf 83' lang='lat' dir='ltr'>uocem</span> <span class='ocrx_word' id='word_1_464' title='bbox 1520 4032 1643 4085; x_wconf 89' lang='lat' dir='ltr'>graecam</span> <span class='ocrx_word' id='word_1_465' title='bbox 1665 4032 1748 4071; x_wconf 89' lang='lat' dir='ltr'>uuam</span> <span class='ocrx_word' id='word_1_466' title='bbox 1766 4033 1819 4087; x_wconf 91' lang='lat' dir='ltr'>ego</span> <span class='ocrx_word' id='word_1_467' title='bbox 1837 4018 1899 4074; x_wconf 90' lang='lat' dir='ltr'>dua·</span> 
     </span>
     <span class='ocr_line' id='line_1_43' title="bbox 550 4088 1898 4167; baseline 0.004 -23"><span class='ocrx_word' id='word_1_468' title='bbox 550 4090 601 4145; x_wconf 87' lang='lat' dir='ltr'>bus</span> <span class='ocrx_word' id='word_1_469' title='bbox 619 4089 712 4147; x_wconf 90' lang='lat' dir='ltr'>latinia</span> <span class='ocrx_word' id='word_1_470' title='bbox 730 4092 844 4165; x_wconf 86' lang='lat' dir='ltr'>reddidi,</span> <span class='ocrx_word' id='word_1_471' title='bbox 866 4095 1040 4165; x_wconf 75' lang='lat' dir='ltr'>spemrausiri</span> <span class='ocrx_word' id='word_1_472' title='bbox 1057 4094 1249 4167; x_wconf 85' lang='lat' dir='ltr'>absolsique‹,</span> <span class='ocrx_word' id='word_1_473' title='bbox 1273 4108 1365 4149; x_wconf 88' lang='lat' dir='ltr'>earum</span> <span class='ocrx_word' id='word_1_474' title='bbox 1383 4096 1458 4166; x_wconf 92' lang='lat' dir='ltr'>prior</span> <span class='ocrx_word' id='word_1_475' title='bbox 1475 4094 1584 4164; x_wconf 91' lang='lat' dir='ltr'>quidem</span> <span class='ocrx_word' id='word_1_476' title='bbox 1601 4088 1714 4165; x_wconf 83' lang='lat' dir='ltr'>respicit</span> <span class='ocrx_word' id='word_1_477' title='bbox 1732 4096 1768 4150; x_wconf 91' lang='lat' dir='ltr'>ad</span> <span class='ocrx_word' id='word_1_478' title='bbox 1786 4095 1898 4166; x_wconf 90' lang='lat' dir='ltr'>primum</span> 
     </span>
     <span class='ocr_line' id='line_1_44' title="bbox 550 4169 1899 4244; baseline 0.006 -21"><span class='ocrx_word' id='word_1_479' title='bbox 550 4169 747 4240; x_wconf 83' lang='lat' dir='ltr'>significatum,</span> <span class='ocrx_word' id='word_1_480' title='bbox 771 4172 907 4241; x_wconf 87' lang='lat' dir='ltr'>posterior</span> <span class='ocrx_word' id='word_1_481' title='bbox 929 4188 992 4229; x_wconf 83' lang='lat' dir='ltr'>vero</span> <span class='ocrx_word' id='word_1_482' title='bbox 1017 4174 1051 4229; x_wconf 90' lang='lat' dir='ltr'>ad</span> <span class='ocrx_word' id='word_1_483' title='bbox 1070 4171 1233 4242; x_wconf 80' lang='lat' dir='ltr'>secundum3</span> <span class='ocrx_word' id='word_1_484' title='bbox 1259 4170 1315 4226; x_wconf 90' lang='lat' dir='ltr'>illic</span> <span class='ocrx_word' id='word_1_485' title='bbox 1332 4182 1422 4228; x_wconf 88' lang='lat' dir='ltr'>motus</span> <span class='ocrx_word' id='word_1_486' title='bbox 1440 4184 1483 4230; x_wconf 88' lang='lat' dir='ltr'>est</span> <span class='ocrx_word' id='word_1_487' title='bbox 1500 4175 1598 4243; x_wconf 89' lang='lat' dir='ltr'>plectri</span> <span class='ocrx_word' id='word_1_488' title='bbox 1623 4190 1673 4244; x_wconf 89' lang='lat' dir='ltr'>per</span> <span class='ocrx_word' id='word_1_489' title='bbox 1690 4172 1810 4230; x_wconf 87' lang='lat' dir='ltr'>chordas</span> <span class='ocrx_word' id='word_1_490' title='bbox 1834 4175 1899 4231; x_wconf 86' lang='lat' dir='ltr'>locis</span> 
     </span>
     <span class='ocr_line' id='line_1_45' title="bbox 550 4248 1899 4323; baseline 0.002 -21"><span class='ocrx_word' id='word_1_491' title='bbox 550 4248 696 4319; x_wconf 89' lang='lat' dir='ltr'>distantes,</span> <span class='ocrx_word' id='word_1_492' title='bbox 720 4248 766 4305; x_wconf 92' lang='lat' dir='ltr'>hic</span> <span class='ocrx_word' id='word_1_493' title='bbox 784 4264 847 4306; x_wconf 82' lang='lat' dir='ltr'>vero</span> <span class='ocrx_word' id='word_1_494' title='bbox 869 4254 1038 4323; x_wconf 72' lang='lat' dir='ltr'>permutatio,</span> <span class='ocrx_word' id='word_1_495' title='bbox 1055 4252 1147 4323; x_wconf 89' lang='lat' dir='ltr'>potius</span> <span class='ocrx_word' id='word_1_496' title='bbox 1169 4260 1212 4309; x_wconf 89' lang='lat' dir='ltr'>est</span> <span class='ocrx_word' id='word_1_497' title='bbox 1234 4266 1362 4308; x_wconf 90' lang='lat' dir='ltr'>sonorum</span> <span class='ocrx_word' id='word_1_498' title='bbox 1380 4251 1530 4307; x_wconf 89' lang='lat' dir='ltr'>acutiorum</span> <span class='ocrx_word' id='word_1_499' title='bbox 1556 4268 1616 4307; x_wconf 88' lang='lat' dir='ltr'>cum</span> <span class='ocrx_word' id='word_1_500' title='bbox 1634 4252 1813 4320; x_wconf 82' lang='lat' dir='ltr'>grauioribus.</span> <span class='ocrx_word' id='word_1_501' title='bbox 1847 4251 1899 4306; x_wconf 80' lang='lat' dir='ltr'>Ab</span> 
     </span>
     <span class='ocr_line' id='line_1_46' title="bbox 550 4327 1900 4401; baseline 0.001 -18"><span class='ocrx_word' id='word_1_502' title='bbox 550 4327 692 4383; x_wconf 82' lang='lat' dir='ltr'>solvuntur</span> <span class='ocrx_word' id='word_1_503' title='bbox 716 4337 807 4384; x_wconf 91' lang='lat' dir='ltr'>autem</span> <span class='ocrx_word' id='word_1_504' title='bbox 833 4346 881 4385; x_wconf 91' lang='lat' dir='ltr'>seu</span> <span class='ocrx_word' id='word_1_505' title='bbox 908 4330 1113 4388; x_wconf 87' lang='lat' dir='ltr'>constituuntur</span> <span class='ocrx_word' id='word_1_506' title='bbox 1136 4333 1196 4387; x_wconf 92' lang='lat' dir='ltr'>soni</span> <span class='ocrx_word' id='word_1_507' title='bbox 1222 4346 1315 4389; x_wconf 89' lang='lat' dir='ltr'>omnes</span> <span class='ocrx_word' id='word_1_508' title='bbox 1338 4332 1454 4401; x_wconf 89' lang='lat' dir='ltr'>primum</span> <span class='ocrx_word' id='word_1_509' title='bbox 1477 4333 1505 4385; x_wconf 94' lang='lat' dir='ltr'>in</span> <span class='ocrx_word' id='word_1_510' title='bbox 1524 4331 1706 4387; x_wconf 89' lang='lat' dir='ltr'>monochordo</span> <span class='ocrx_word' id='word_1_511' title='bbox 1726 4332 1808 4391; x_wconf 80' lang='lat' dir='ltr'>etism</span> <span class='ocrx_word' id='word_1_512' title='bbox 1825 4339 1900 4386; x_wconf 88' lang='lat' dir='ltr'>motu</span> 
     </span>
     <span class='ocr_line' id='line_1_47' title="bbox 550 4408 1898 4483; baseline 0.001 -21"><span class='ocrx_word' id='word_1_513' title='bbox 550 4409 642 4477; x_wconf 91' lang='lat' dir='ltr'>aliquo</span> <span class='ocrx_word' id='word_1_514' title='bbox 660 4409 782 4479; x_wconf 88' lang='lat' dir='ltr'>ephippii</span> <span class='ocrx_word' id='word_1_515' title='bbox 799 4426 848 4481; x_wconf 86' lang='lat' dir='ltr'>per</span> <span class='ocrx_word' id='word_1_516' title='bbox 865 4410 1035 4466; x_wconf 81' lang='lat' dir='ltr'>intervallum</span> <span class='ocrx_word' id='word_1_517' title='bbox 1052 4412 1129 4481; x_wconf 92' lang='lat' dir='ltr'>illud,</span> <span class='ocrx_word' id='word_1_518' title='bbox 1148 4428 1230 4483; x_wconf 92' lang='lat' dir='ltr'>super</span> <span class='ocrx_word' id='word_1_519' title='bbox 1248 4426 1301 4481; x_wconf 88' lang='lat' dir='ltr'>quo</span> <span class='ocrx_word' id='word_1_520' title='bbox 1320 4416 1400 4466; x_wconf 89' lang='lat' dir='ltr'>tensa</span> <span class='ocrx_word' id='word_1_521' title='bbox 1412 4418 1455 4465; x_wconf 89' lang='lat' dir='ltr'>est</span> <span class='ocrx_word' id='word_1_522' title='bbox 1467 4410 1570 4465; x_wconf 90' lang='lat' dir='ltr'>chorda</span> <span class='ocrx_word' id='word_1_523' title='bbox 1581 4412 1667 4478; x_wconf 86' lang='lat' dir='ltr'>unica,</span> <span class='ocrx_word' id='word_1_524' title='bbox 1686 4427 1721 4466; x_wconf 81' lang='lat' dir='ltr'>ex</span> <span class='ocrx_word' id='word_1_525' title='bbox 1735 4428 1790 4479; x_wconf 92' lang='lat' dir='ltr'>quo</span> <span class='ocrx_word' id='word_1_526' title='bbox 1805 4408 1898 4464; x_wconf 86' lang='lat' dir='ltr'>deinde</span> 
     </span>
     <span class='ocr_line' id='line_1_48' title="bbox 548 4486 1834 4561; baseline 0.003 -20"><span class='ocrx_word' id='word_1_527' title='bbox 548 4486 728 4543; x_wconf 88' lang='lat' dir='ltr'>instrumento</span> <span class='ocrx_word' id='word_1_528' title='bbox 747 4490 806 4545; x_wconf 92' lang='lat' dir='ltr'>soni</span> <span class='ocrx_word' id='word_1_529' title='bbox 825 4490 925 4561; x_wconf 87' lang='lat' dir='ltr'>singuli</span> <span class='ocrx_word' id='word_1_530' title='bbox 943 4492 971 4547; x_wconf 93' lang='lat' dir='ltr'>in</span> <span class='ocrx_word' id='word_1_531' title='bbox 989 4491 1109 4560; x_wconf 88' lang='lat' dir='ltr'>singulas</span> <span class='ocrx_word' id='word_1_532' title='bbox 1129 4491 1247 4547; x_wconf 88' lang='lat' dir='ltr'>chordas</span> <span class='ocrx_word' id='word_1_533' title='bbox 1264 4506 1314 4561; x_wconf 89' lang='lat' dir='ltr'>per</span> <span class='ocrx_word' id='word_1_534' title='bbox 1331 4490 1482 4546; x_wconf 89' lang='lat' dir='ltr'>tensionem</span> <span class='ocrx_word' id='word_1_535' title='bbox 1499 4488 1606 4544; x_wconf 90' lang='lat' dir='ltr'>illarum</span> <span class='ocrx_word' id='word_1_536' title='bbox 1623 4490 1834 4546; x_wconf 73' lang='lat' dir='ltr'>transferuntur.</span> 
     </span>
    </p>

    <p class='ocr_par' dir='ltr' id='par_1_9' title="bbox 551 4566 1901 5193">
     <span class='ocr_line' id='line_1_49' title="bbox 636 4566 1899 4643; baseline 0.002 -22"><span class='ocrx_word' id='word_1_537' title='bbox 636 4566 705 4643; x_wconf 29' lang='lat' dir='ltr'>Non,</span> <span class='ocrx_word' id='word_1_538' title='bbox 716 4566 794 4639; x_wconf 90' lang='lat' dir='ltr'>ponit</span> <span class='ocrx_word' id='word_1_539' title='bbox 810 4574 901 4624; x_wconf 71' lang='lat' dir='ltr'>tantm</span> <span class='ocrx_word' id='word_1_540' title='bbox 919 4568 1091 4625; x_wconf 86' lang='lat' dir='ltr'>Ptolemaeus</span> <span class='ocrx_word' id='word_1_541' title='bbox 1109 4570 1286 4639; x_wconf 89' lang='lat' dir='ltr'>praecipuam</span> <span class='ocrx_word' id='word_1_542' title='bbox 1304 4568 1456 4637; x_wconf 89' lang='lat' dir='ltr'>argumenti</span> <span class='ocrx_word' id='word_1_543' title='bbox 1468 4569 1521 4621; x_wconf 85' lang='lat' dir='ltr'>vim</span> <span class='ocrx_word' id='word_1_544' title='bbox 1533 4568 1561 4622; x_wconf 90' lang='lat' dir='ltr'>in</span> <span class='ocrx_word' id='word_1_545' title='bbox 1573 4584 1628 4623; x_wconf 93' lang='lat' dir='ltr'>uno</span> <span class='ocrx_word' id='word_1_546' title='bbox 1646 4568 1690 4622; x_wconf 82' lang='lat' dir='ltr'>vel</span> <span class='ocrx_word' id='word_1_547' title='bbox 1706 4568 1793 4623; x_wconf 91' lang='lat' dir='ltr'>altero</span> <span class='ocrx_word' id='word_1_548' title='bbox 1805 4568 1899 4623; x_wconf 85' lang='lat' dir='ltr'>borum</span> 
     </span>
     <span class='ocr_line' id='line_1_50' title="bbox 551 4646 1898 4717; baseline -0.001 -19"><span class='ocrx_word' id='word_1_549' title='bbox 551 4651 672 4701; x_wconf 89' lang='lat' dir='ltr'>mutuum</span> <span class='ocrx_word' id='word_1_550' title='bbox 688 4646 824 4716; x_wconf 89' lang='lat' dir='ltr'>localium,</span> <span class='ocrx_word' id='word_1_551' title='bbox 844 4648 892 4703; x_wconf 92' lang='lat' dir='ltr'>sed</span> <span class='ocrx_word' id='word_1_552' title='bbox 910 4646 1029 4704; x_wconf 90' lang='lat' dir='ltr'>inculcat</span> <span class='ocrx_word' id='word_1_553' title='bbox 1046 4649 1105 4717; x_wconf 75' lang='lat' dir='ltr'>eius</span> <span class='ocrx_word' id='word_1_554' title='bbox 1125 4648 1297 4703; x_wconf 90' lang='lat' dir='ltr'>solitudinem</span> <span class='ocrx_word' id='word_1_555' title='bbox 1315 4647 1468 4717; x_wconf 89' lang='lat' dir='ltr'>utrobique,</span> <span class='ocrx_word' id='word_1_556' title='bbox 1486 4657 1514 4702; x_wconf 90' lang='lat' dir='ltr'>et</span> <span class='ocrx_word' id='word_1_557' title='bbox 1526 4648 1632 4701; x_wconf 82' lang='lat' dir='ltr'>videtur</span> <span class='ocrx_word' id='word_1_558' title='bbox 1649 4647 1785 4702; x_wconf 70' lang='lat' dir='ltr'>boccello</span> <span class='ocrx_word' id='word_1_559' title='bbox 1797 4648 1898 4703; x_wconf 86' lang='lat' dir='ltr'>dicere:</span> 
     </span>
     <span class='ocr_line' id='line_1_51' title="bbox 551 4724 1900 4796; baseline 0 -19"><span class='ocrx_word' id='word_1_560' title='bbox 551 4724 621 4779; x_wconf 88' lang='lat' dir='ltr'>sicut</span> <span class='ocrx_word' id='word_1_561' title='bbox 638 4726 665 4779; x_wconf 92' lang='lat' dir='ltr'>in</span> <span class='ocrx_word' id='word_1_562' title='bbox 683 4726 740 4796; x_wconf 88' lang='lat' dir='ltr'>lyra</span> <span class='ocrx_word' id='word_1_563' title='bbox 759 4725 894 4796; x_wconf 87' lang='lat' dir='ltr'>plectrum</span> <span class='ocrx_word' id='word_1_564' title='bbox 911 4728 954 4783; x_wconf 85' lang='lat' dir='ltr'>vel</span> <span class='ocrx_word' id='word_1_565' title='bbox 972 4729 999 4783; x_wconf 92' lang='lat' dir='ltr'>in</span> <span class='ocrx_word' id='word_1_566' title='bbox 1016 4727 1203 4784; x_wconf 92' lang='lat' dir='ltr'>monochordo</span> <span class='ocrx_word' id='word_1_567' title='bbox 1222 4726 1379 4796; x_wconf 90' lang='lat' dir='ltr'>ephippium</span> <span class='ocrx_word' id='word_1_568' title='bbox 1399 4741 1506 4780; x_wconf 87' lang='lat' dir='ltr'>sursum</span> <span class='ocrx_word' id='word_1_569' title='bbox 1522 4725 1648 4781; x_wconf 88' lang='lat' dir='ltr'>deorsum</span> <span class='ocrx_word' id='word_1_570' title='bbox 1661 4742 1755 4782; x_wconf 88' lang='lat' dir='ltr'>errans</span> <span class='ocrx_word' id='word_1_571' title='bbox 1770 4726 1900 4781; x_wconf 70' lang='lat' dir='ltr'>disemos</span> 
     </span>
     <span class='ocr_line' id='line_1_52' title="bbox 552 4803 1901 4875; baseline -0.003 -16"><span class='ocrx_word' id='word_1_572' title='bbox 552 4818 606 4872; x_wconf 83' lang='lat' dir='ltr'>qne</span> <span class='ocrx_word' id='word_1_573' title='bbox 622 4818 704 4859; x_wconf 87' lang='lat' dir='ltr'>sonos</span> <span class='ocrx_word' id='word_1_574' title='bbox 721 4803 789 4859; x_wconf 86' lang='lat' dir='ltr'>lllad</span> <span class='ocrx_word' id='word_1_575' title='bbox 805 4804 932 4875; x_wconf 71' lang='grc' dir='ltr'>εἰίείειιε,</span> <span class='ocrx_word' id='word_1_576' title='bbox 955 4804 1028 4860; x_wconf 92' lang='lat' dir='ltr'>istud</span> <span class='ocrx_word' id='word_1_577' title='bbox 1052 4806 1251 4874; x_wconf 88' lang='lat' dir='ltr'>determinans,</span> <span class='ocrx_word' id='word_1_578' title='bbox 1276 4820 1331 4858; x_wconf 93' lang='lat' dir='ltr'>non</span> <span class='ocrx_word' id='word_1_579' title='bbox 1348 4811 1439 4858; x_wconf 88' lang='lat' dir='ltr'>tamen</span> <span class='ocrx_word' id='word_1_580' title='bbox 1461 4813 1549 4860; x_wconf 90' lang='lat' dir='ltr'>mutat</span> <span class='ocrx_word' id='word_1_581' title='bbox 1572 4806 1728 4875; x_wconf 88' lang='lat' dir='ltr'>systematis</span> <span class='ocrx_word' id='word_1_582' title='bbox 1750 4805 1793 4860; x_wconf 82' lang='lat' dir='ltr'>rel</span> <span class='ocrx_word' id='word_1_583' title='bbox 1808 4816 1901 4859; x_wconf 85' lang='lat' dir='ltr'>mono·</span> 
     </span>
     <span class='ocr_line' id='line_1_53' title="bbox 552 4882 1898 4954; baseline -0.004 -14"><span class='ocrx_word' id='word_1_584' title='bbox 552 4882 648 4941; x_wconf 91' lang='lat' dir='ltr'>chordl</span> <span class='ocrx_word' id='word_1_585' title='bbox 665 4884 784 4951; x_wconf 87' lang='lat' dir='ltr'>speciem</span> <span class='ocrx_word' id='word_1_586' title='bbox 801 4892 829 4939; x_wconf 86' lang='lat' dir='ltr'>at</span> <span class='ocrx_word' id='word_1_587' title='bbox 846 4884 973 4954; x_wconf 86' lang='lat' dir='ltr'>liguram,</span> <span class='ocrx_word' id='word_1_588' title='bbox 998 4883 1046 4940; x_wconf 92' lang='lat' dir='ltr'>sed</span> <span class='ocrx_word' id='word_1_589' title='bbox 1064 4884 1178 4939; x_wconf 86' lang='lat' dir='ltr'>eandem</span> <span class='ocrx_word' id='word_1_590' title='bbox 1197 4899 1313 4952; x_wconf 90' lang='lat' dir='ltr'>semper,</span> <span class='ocrx_word' id='word_1_591' title='bbox 1331 4890 1363 4939; x_wconf 89' lang='lat' dir='ltr'>ut</span> <span class='ocrx_word' id='word_1_592' title='bbox 1379 4882 1488 4952; x_wconf 88' lang='lat' dir='ltr'>quoties</span> <span class='ocrx_word' id='word_1_593' title='bbox 1499 4884 1576 4939; x_wconf 90' lang='lat' dir='ltr'>lubet</span> <span class='ocrx_word' id='word_1_594' title='bbox 1594 4884 1708 4938; x_wconf 88' lang='lat' dir='ltr'>eandem</span> <span class='ocrx_word' id='word_1_595' title='bbox 1725 4898 1819 4938; x_wconf 91' lang='lat' dir='ltr'>rursus</span> <span class='ocrx_word' id='word_1_596' title='bbox 1836 4895 1898 4935; x_wconf 84' lang='lat' dir='ltr'>can·</span> 
     </span>
     <span class='ocr_line' id='line_1_54' title="bbox 551 4956 1900 5036; baseline -0.004 -19"><span class='ocrx_word' id='word_1_597' title='bbox 551 4962 665 5033; x_wconf 88' lang='lat' dir='ltr'>tionem,</span> <span class='ocrx_word' id='word_1_598' title='bbox 689 4962 799 5019; x_wconf 89' lang='lat' dir='ltr'>eosdem</span> <span class='ocrx_word' id='word_1_599' title='bbox 818 4965 923 5021; x_wconf 88' lang='lat' dir='ltr'>sonitus</span> <span class='ocrx_word' id='word_1_600' title='bbox 942 4966 1040 5021; x_wconf 84' lang='lat' dir='ltr'>chaere</span> <span class='ocrx_word' id='word_1_601' title='bbox 1057 4964 1211 5036; x_wconf 90' lang='lat' dir='ltr'>possimus:</span> <span class='ocrx_word' id='word_1_602' title='bbox 1237 4964 1276 5020; x_wconf 89' lang='lat' dir='ltr'>sic</span> <span class='ocrx_word' id='word_1_603' title='bbox 1294 4964 1374 5019; x_wconf 90' lang='lat' dir='ltr'>etiam</span> <span class='ocrx_word' id='word_1_604' title='bbox 1391 4963 1420 5017; x_wconf 94' lang='lat' dir='ltr'>in</span> <span class='ocrx_word' id='word_1_605' title='bbox 1438 4963 1514 5027; x_wconf 83' lang='lat' dir='ltr'>coelo</span> <span class='ocrx_word' id='word_1_606' title='bbox 1532 4962 1709 5019; x_wconf 76' lang='lat' dir='ltr'>unuslatione</span> <span class='ocrx_word' id='word_1_607' title='bbox 1732 4961 1849 5017; x_wconf 84' lang='lat' dir='ltr'>siderum</span> <span class='ocrx_word' id='word_1_608' title='bbox 1866 4956 1900 5013; x_wconf 84' lang='lat' dir='ltr'>de</span> 
     </span>
     <span class='ocr_line' id='line_1_55' title="bbox 551 5036 1900 5114; baseline -0.003 -19"><span class='ocrx_word' id='word_1_609' title='bbox 551 5040 612 5098; x_wconf 85' lang='lat' dir='ltr'>laco</span> <span class='ocrx_word' id='word_1_610' title='bbox 630 5040 766 5099; x_wconf 83' lang='lat' dir='ltr'>inlocum</span> <span class='ocrx_word' id='word_1_611' title='bbox 784 5044 886 5099; x_wconf 87' lang='lat' dir='ltr'>nullam</span> <span class='ocrx_word' id='word_1_612' title='bbox 904 5044 1065 5114; x_wconf 87' lang='lat' dir='ltr'>corporibus</span> <span class='ocrx_word' id='word_1_613' title='bbox 1082 5044 1150 5113; x_wconf 89' lang='lat' dir='ltr'>ipsis</span> <span class='ocrx_word' id='word_1_614' title='bbox 1166 5040 1260 5099; x_wconf 76' lang='lat' dir='ltr'>inferri</span> <span class='ocrx_word' id='word_1_615' title='bbox 1277 5042 1468 5111; x_wconf 88' lang='lat' dir='ltr'>mutationem,</span> <span class='ocrx_word' id='word_1_616' title='bbox 1486 5057 1576 5110; x_wconf 90' lang='lat' dir='ltr'>neque</span> <span class='ocrx_word' id='word_1_617' title='bbox 1593 5043 1647 5097; x_wconf 85' lang='lat' dir='ltr'>iter</span> <span class='ocrx_word' id='word_1_618' title='bbox 1663 5042 1692 5097; x_wconf 92' lang='lat' dir='ltr'>iu</span> <span class='ocrx_word' id='word_1_619' title='bbox 1709 5042 1795 5110; x_wconf 83' lang='lat' dir='ltr'>coelo,</span> <span class='ocrx_word' id='word_1_620' title='bbox 1810 5036 1900 5093; x_wconf 81' lang='lat' dir='ltr'>zodia·</span> 
     </span>
     <span class='ocr_line' id='line_1_56' title="bbox 553 5118 1898 5193; baseline -0.003 -17"><span class='ocrx_word' id='word_1_621' title='bbox 553 5136 622 5193; x_wconf 85' lang='lat' dir='ltr'>cum,</span> <span class='ocrx_word' id='word_1_622' title='bbox 640 5121 726 5177; x_wconf 80' lang='lat' dir='ltr'>vetari</span> <span class='ocrx_word' id='word_1_623' title='bbox 743 5120 883 5179; x_wconf 82' lang='lat' dir='ltr'>excedere.</span> <span class='ocrx_word' id='word_1_624' title='bbox 919 5123 1009 5191; x_wconf 77' lang='lat' dir='ltr'>liujus</span> <span class='ocrx_word' id='word_1_625' title='bbox 1027 5123 1180 5192; x_wconf 88' lang='lat' dir='ltr'>argumenti</span> <span class='ocrx_word' id='word_1_626' title='bbox 1196 5122 1250 5177; x_wconf 82' lang='lat' dir='ltr'>rim</span> <span class='ocrx_word' id='word_1_627' title='bbox 1266 5120 1421 5180; x_wconf 76' lang='lat' dir='ltr'>Mamohlua</span> <span class='ocrx_word' id='word_1_628' title='bbox 1438 5122 1468 5178; x_wconf 94' lang='lat' dir='ltr'>in</span> <span class='ocrx_word' id='word_1_629' title='bbox 1483 5121 1624 5179; x_wconf 63' lang='lat' dir='ltr'>&amp;mmm</span> <span class='ocrx_word' id='word_1_630' title='bbox 1642 5121 1778 5192; x_wconf 80' lang='lat' dir='ltr'>Scipionis</span> <span class='ocrx_word' id='word_1_631' title='bbox 1795 5118 1898 5175; x_wconf 78' lang='lat' dir='ltr'>ridetm</span> 
     </span>
    </p>
   </div>
   <div class='ocr_carea' id='block_1_5' title="bbox 0 0 2247 6192">
    <p class='ocr_par' dir='ltr' id='par_1_10' title="bbox 0 0 2247 6192">
     <span class='ocr_line' id='line_1_57' title="bbox 0 0 2247 6192; baseline 0 0"><span class='ocrx_word' id='word_1_632' title='bbox 0 0 2247 6192; x_wconf 95' lang='lat' dir='ltr'> </span> 
     </span>
    </p>
   </div>
  </div>
 </body>
</html>
