4467 6192
545 724 607 787 isa
1075 723 1118 778 De
1134 720 1356 794 Propertiomhns

543 902 637 961 iacere
658 904 800 979 potuisse,
822 917 888 962 cum
909 902 1152 979 profundissimae
1174 901 1320 979 indaginis
1340 897 1532 977 philosophus
1553 896 1607 967 sit,
1628 891 1685 952 nisi
1707 887 1787 968 quod
1808 887 1885 950 veri-

542 988 646 1063 siniile,
668 987 839 1050 difficultate
860 990 1071 1067 perquirendae
1094 1007 1200 1051 causae
1231 988 1390 1050 cohibitum
1412 987 1517 1059 luisse,
1548 999 1606 1060 qno
1629 979 1723 1038 miuus
1746 985 1886 1054 quantum

544 1073 634 1136 vellet
655 1085 836 1153 penetraret,
867 1079 1017 1155 satiusque
1038 1081 1207 1157 putavisse,
1234 1075 1345 1153 aliquid
1366 1074 1504 1151 prodere,
1535 1086 1622 1148 quarn
1644 1067 1759 1152 penitus
1781 1071 1887 1138 tacere,

543 1162 622 1239 quod
644 1172 728 1240 turpe
749 1164 925 1242 philosopho
948 1181 1012 1226 esse
1040 1165 1184 1227 dictitant.
1229 1163 1305 1223 Nam
1324 1169 1402 1239 uuae
1430 1177 1539 1239 quaeso
1567 1155 1717 1236 proportio
1737 1150 1887 1213 titillatio-

541 1253 587 1310 nis
609 1251 735 1324 auditus,
759 1252 800 1313 rei
829 1268 1000 1329 corporeae,
1034 1251 1072 1312 ad
1094 1250 1293 1314 incredibilem
1321 1250 1402 1309 illam
1426 1248 1620 1325 voluptatem,
1650 1253 1737 1318 qnam
1760 1258 1797 1300 ex
1819 1238 1887 1298 har·

542 1341 664 1398 monicis
687 1342 883 1401 consonantiis
911 1342 989 1400 intus
1011 1341 1039 1398 in
1062 1343 1160 1400 animo
1187 1341 1366 1418 penitissime
1395 1333 1590 1414 percipimus?
1634 1329 1751 1401 Nonus,
1780 1329 1806 1388 si
1831 1343 1888 1403 qua

545 1426 685 1504 voluptas
714 1436 757 1486 est
780 1445 815 1488 sx
838 1426 1021 1506 titillatione,
1053 1427 1088 1488 de
1117 1445 1154 1488 ea
1184 1427 1335 1503 voluptate
1362 1427 1471 1502 primas
1498 1429 1578 1482 tenet
1604 1417 1778 1489 membrum,
1810 1411 1888 1492 quod

543 1513 739 1574 titillationem
762 1514 907 1575 sustinet?
951 1514 1000 1575 Sic
1028 1517 1104 1575 enim
1128 1512 1308 1576 definiendus
1338 1512 1409 1572 mihi
1437 1511 1519 1571 maus
1541 1515 1586 1570 est
1615 1521 1716 1566 sensus
1740 1505 1837 1562 omnis
1860 1503 1889 1558 in

541 1600 702 1678 Dioptrlcis
724 1611 767 1673 (li.
787 1624 812 1673 p.
832 1606 910 1676 539),
943 1601 1022 1678 quod
1044 1620 1080 1662 sa
1102 1602 1218 1663 demum
1250 1603 1289 1660 sit
1318 1598 1454 1660 absoluta
1486 1597 1597 1666 sensio,
1627 1591 1811 1668 voluptatem
1839 1597 1891 1648 aut

543 1687 674 1750 dolorem
695 1691 821 1765 pariens,
845 1705 910 1748 cum
932 1691 1044 1766 speeies
1066 1692 1187 1750 membri
1210 1690 1338 1748 sensioni
1362 1687 1507 1758 destinati,
1530 1691 1563 1742 ut
1580 1680 1670 1740 idest
1691 1679 1830 1739 affectum
1852 1677 1890 1734 ab

542 1782 723 1850 extenuare,
747 1778 828 1836 venit
848 1778 1004 1836 introrsum
1025 1777 1062 1836 ad
1086 1795 1189 1839 sensus
1212 1776 1373 1837 communis
1395 1772 1522 1833 tribunal
1545 1774 1708 1829 commeatu
1722 1765 1890 1843 spirituum.

542 1861 613 1924 lam
635 1878 706 1923 vers
728 1866 757 1920 in
774 1861 931 1924 ‘auditione
953 1867 1175 1926 consonantium
1198 1880 1303 1924 vocum
1326 1861 1373 1923 vel
1395 1877 1532 1921 sonorum
1560 1872 1636 1934 quae
1658 1870 1768 1932 quaeso
1791 1859 1891 1929 partes

543 1949 704 2027 voluptatis
732 1954 764 2009 in
791 1952 910 2011 auribus
939 1951 1086 2030 haerent?
1130 1952 1233 2012 Nonne
1261 1950 1393 2012 dolemus
1420 1946 1564 2008 interdum
1591 1944 1628 2002 ab
1651 1940 1788 2014 auribus,
1823 1937 1892 1997 dnm

542 2037 687 2097 inhiamus
709 2038 777 2098 huic
799 2036 951 2114 auditioni,
974 2047 1003 2100 et
1025 2057 1144 2100 manum
1160 2031 1334 2118 opponimus
1349 2036 1534 2114 clangoribus
1548 2033 1654 2104 nimita,
1676 2027 1768 2088 nihilo
1790 2035 1892 2086 nmen

542 2128 638 2185 minus
659 2124 807 2203 pergimus
829 2124 867 2185 ad
888 2127 1089 2204 percipiendas
1112 2127 1319 2188 consonantias
1347 2132 1376 2186 et
1404 2140 1453 2184 cor
1475 2122 1560 2180 nobis
1588 2114 1758 2178 subsultet?
1807 2113 1892 2174 Adde

544 2211 623 2289 quod
644 2212 719 2272 haee
741 2215 815 2272 ratio
837 2230 856 2271 a
877 2222 958 2273 motu
982 2214 1108 2274 deducta
1128 2211 1284 2291 potissima
1306 2217 1359 2272 est·
1372 2214 1401 2269 in
1418 2212 1560 2280 unisono,
1584 2206 1715 2264 suavitas
1735 2218 1809 2270 vero
1832 2215 1892 2261 non

542 2301 700 2378 praecipua
721 2303 750 2358 in
774 2303 907 2371 unisono,
930 2300 1034 2360 sedin
1057 2302 1124 2361 aliis
1139 2301 1336 2361 consonantiis
1360 2313 1517 2374 earumque
1538 2292 1756 2367 compositione.
1794 2289 1893 2348 Multa

541 2395 661 2464 possent
683 2387 776 2448 afferri
799 2386 836 2446 ad
859 2387 1063 2449 destruendam
1085 2389 1162 2448 hanc
1184 2388 1305 2448 allatam
1325 2388 1467 2446 rationem
1491 2382 1645 2444 suavitatis
1668 2396 1704 2439 ex
1720 2393 1893 2437 consonan-

542 2477 599 2548 tiis,
622 2492 697 2550 quae
720 2477 803 2534 rnitto
824 2478 854 2533 in
876 2491 1015 2552 praesens
1037 2479 1179 2536 curiosius
1203 2475 1397 2550 conscribere3
1420 2470 1493 2531 illud
1516 2473 1633 2530 unicum
1647 2463 1770 2538 inculco,
1799 2464 1891 2541 qnod,

538 2562 605 2638 jam
623 2554 712 2638 au'pra
734 2570 844 2621 tactum
868 2581 885 2622 a
908 2581 963 2638 me,
986 2567 1081 2640 possit
1102 2581 1167 2624 esse
1190 2563 1256 2624 loco
1280 2564 1417 2635 omnium,
1442 2557 1522 2636 quod
1537 2573 1626 2635 opera
1640 2561 1799 2629 motusque
1825 2570 1892 2624 eor-

540 2646 660 2726 por'nm,
692 2649 798 2709 aemuli
824 2653 1044 2727 proportionum
1072 2651 1320 2723 harmoniearum,
1349 2650 1386 2708 ab
1416 2649 1531 2706 animae
1548 2643 1722 2717 mentisque
1753 2639 1893 2715 partibus

540 2744 627 2811 stent,
651 2738 687 2796 iis
708 2754 827 2796 causam
851 2735 1042 2816 assignantes,
1066 2756 1116 2799 eur
1139 2739 1346 2798 consonantiae
1374 2736 1549 2796 delectent·
1570 2731 1632 2791 Nec
1654 2726 1792 2787 abhorret
1818 2745 1894 2786 auc·

541 2826 644 2884 toritm
665 2830 814 2898 veterum,
838 2827 888 2902 qui
912 2829 1038 2886 animam
1061 2843 1138 2886 nunc
1159 2833 1286 2899 motum,
1316 2841 1392 2884 nune
1413 2821 1595 2882 harmoniam
1618 2815 1808 2887 definientes,
1833 2831 1893 2875 non

541 2912 751 2974 tam·absurde
770 2911 864 2973 locuti
885 2921 962 2986 sunt,
987 2931 1074 2991 quam
1097 2917 1195 2992 inepte
1218 2915 1345 2990 excepti,
1375 2929 1441 2972 curu
1463 2912 1493 2969 iu
1514 2907 1601 2968 rebus
1625 2901 1790 2962 diiiicilibus
1826 2921 1894 2980 my-

541 3000 606 3058 stici
628 2999 800 3076 plemmquo
823 2994 925 3060 sensus
945 3000 1067 3076 lateant,
1089 3002 1145 3062 sub
1169 3001 1322 3062 verborum
1346 3001 1467 3061 cortices
1489 2992 1638 3055 reconditi.
1683 2987 1797 3048 'l'imaei
1825 2992 1894 3066 qui-

541 3085 608 3146 dem
630 3086 783 3155 umentis
805 3085 1008 3166 philosophia,
1038 3087 1186 3166 quomodo
1209 3089 1371 3176 composita
1397 3087 1437 3147 ait
1465 3085 1561 3144 anima
1590 3097 1625 3140 er
1648 3077 1894 3156 proportionibus

541 3174 725 3247 harmonicis,
749 3175 785 3236 da
808 3170 918 3251 quain
941 3176 1142 3254 praeambulo,
1165 3177 1289 3236 refutata
1312 3183 1356 3236 est
1378 3174 1415 3234 ab
1439 3167 1596 3232 Aristotele
1617 3168 1647 3224 in
1670 3181 1705 3226 eo
1729 3180 1838 3240 sensu,
1862 3173 1895 3224 ut

542 3268 650 3321 sonant
670 3262 780 3338 verba3
795 3269 865 3322 'uon
887 3261 981 3324 ausim
1012 3271 1110 3323 tamen
1133 3263 1293 3335 affirmare,
1326 3261 1399 3321 nihii
1427 3261 1455 3318 in
1478 3261 1514 3318 iis
1535 3253 1661 3335 pagellis
1688 3251 1802 3326 latere,
1837 3254 1895 3312 nisi

541 3347 620 3426 quod
642 3356 749 3410 sonant
769 3351 868 3424 rerba,
891 3354 950 3411 imo
971 3359 1145 3428 negaturum
1166 3357 1238 3428 puto
1261 3345 1415 3422 neminem,
1438 3349 1506 3424 quin
1528 3345 1552 3403 is
1568 3349 1670 3403 auctor
1690 3338 1748 3398 hoc
1770 3339 1813 3398 ad
1837 3343 1895 3398 mi-

541 3439 652 3496 nimum
673 3444 781 3510 teneat,
805 3437 884 3514 quod
905 3439 954 3499 hle
975 3447 1086 3511 astruo,
1108 3445 1235 3499 mentem
1251 3455 1316 3498 esse
1338 3439 1524 3509 animumque
1535 3432 1705 3508 humanum,
1727 3425 1816 3502 cujus
1841 3445 1894 3488 sau

538 3522 650 3597 judicio
670 3541 724 3583 seu
747 3526 885 3586 instinctu
907 3543 1011 3586 sensus
1034 3525 1152 3586 auditus
1173 3529 1374 3604 proportiones
1397 3519 1513 3592 suaves,
1535 3518 1592 3578 hoe
1607 3523 1651 3577 est
1672 3519 1831 3590 consonas,
1856 3514 1895 3574 ab
1974 3561 1976 3564 .

541 3610 712 3671 insuavibus
734 3619 763 3670 et
786 3610 911 3672 dissonis
934 3612 1091 3686 discernat,
1121 3615 1229 3691 qnippe
1252 3616 1303 3690 qui
1324 3612 1381 3671 hoc
1404 3608 1557 3685 diligenter
1579 3602 1730 3682 expendit,
1762 3619 1895 3679 propor-

541 3699 635 3758 tionss
659 3701 864 3760 esserationis
887 3703 975 3774 entia,
999 3704 1111 3762 ratione
1134 3701 1198 3761 sola
1220 3717 1278 3760 uon
1300 3715 1390 3760 sensu
1402 3692 1611 3776 perceptibilia,
1635 3697 1663 3752 at
1683 3691 1895 3768 proportiones

541 3802 596 3846 cen
616 3785 739 3845 iorrusm
761 3805 780 3846 a
802 3799 833 3847 re
854 3791 1076 3866 proportionata
1098 3790 1152 3849 ceu
1174 3791 1297 3850 materia
1319 3786 1511 3861 distinguere,
1534 3781 1638 3840 mentis
1661 3794 1735 3855 opus
1759 3793 1839 3836 esse.

626 3871 701 3932 Cum
723 3881 822 3934 autern
844 3872 917 3960 duas
939 3875 1096 3952 figurarum
1117 3874 1296 3952 regularium
1328 3874 1519 3951 proprietates
1542 3866 1803 3944 explicaverimus:
1839 3864 1895 3927 de-

539 3956 813 4021 monstrabilitat'em
836 3963 1023 4028 scientificum
1045 3963 1170 4024 laterum
1192 3963 1221 4023 in
1245 3961 1366 4034 singulis
1386 3967 1425 4020 'et
1448 3957 1665 4034 congruentiam
1688 3953 1763 4011 inter
1786 3967 1821 4011 se
1844 3959 1895 4013 to·

539 4055 636 4107 mrum
654 4047 832 4129 junctarum,
855 4048 913 4110 n'on
937 4049 1067 4128 eiusdem
1090 4051 1178 4130 plane
1200 4049 1362 4111 latitudinis
1384 4052 1553 4124 utramque,
1582 4041 1618 4100 de
1640 4035 1895 4102 demonstratione

540 4133 660 4211 qnidam
691 4137 840 4197 axiomata
869 4145 969 4204 nostra
991 4146 1096 4199 sonant
1116 4140 1318 4216 potissimum,
1351 4135 1421 4212 quia
1448 4133 1522 4193 haec
1547 4131 1642 4206 magis
1670 4124 1827 4187 familiaris
1851 4134 1897 4188 est

539 4223 777 4300 proportionibus
798 4230 950 4299 motuum,
963 4245 999 4285 er
1021 4227 1130 4304 quibus
1152 4229 1239 4285 etiam
1254 4226 1319 4284 soni
1336 4213 1472 4283 existunt.
1517 4217 1592 4278 Nam
1607 4214 1800 4292 congruentia
1816 4217 1897 4275 inest

538 4309 648 4388 figuris,
671 4316 705 4371 nt
726 4317 806 4372 totae
828 4320 910 4386 sunt,
934 4320 1030 4373 motus
1053 4330 1124 4372 vero
1147 4311 1270 4390 (quibus
1293 4308 1428 4373 accidunt
1458 4306 1660 4385 proportiones
1683 4300 1895 4382 harmonicae)

539 4397 666 4474 figurae,
695 4415 796 4475 aqua
819 4397 993 4474 derivantur,
1016 4399 1109 4460 latera
1136 4402 1166 4458 in
1195 4407 1305 4459 rectum
1334 4394 1493 4458 extendunt
1516 4390 1597 4476 (curn
1626 4389 1757 4467 plerique
1789 4403 1897 4450 ornnes

540 4493 573 4544 ut
593 4483 736 4545 rectilbrei
759 4477 992 4569 considerentur)
1016 4492 1046 4547 et
1067 4490 1110 4547 sic
1125 4486 1247 4564 liguram
1262 4483 1355 4559 su'arn,
1378 4490 1411 4543 ut
1424 4488 1573 4559 serpentes
1588 4486 1718 4550 matrem,
1741 4477 1896 4552 perimunt

540 4580 570 4632 et
597 4571 758 4633 destruunt.
802 4575 912 4650 Figura
940 4577 1134 4651 inquantum
1164 4591 1306 4650 congrua,
1338 4570 1474 4634 circulum
1505 4571 1649 4644 integrum
1677 4563 1838 4638 distinguit
1865 4566 1896 4624 in

541 4665 653 4736 paries,
684 4663 885 4739 proportiones
917 4661 1104 4722 harmonicae
1140 4661 1277 4722 circulum
1314 4655 1482 4720 distinctum
1509 4657 1541 4714 in
1572 4652 1681 4714 reatuin
1717 4651 1895 4728 extendunt,

541 4745 736 4807 distinctionis
757 4766 775 4808 a
796 4749 890 4826 figura
912 4751 1007 4810 iactae
1036 4755 1133 4809 astum
1156 4747 1262 4809 delent.
1307 4745 1356 4809 Sic
1386 4745 1593 4806 consonantiae
1623 4758 1689 4801 cum
1710 4737 1814 4814 figuris
1839 4739 1896 4800 de·

539 4833 777 4894 monstrabilibus
808 4839 838 4895 in
865 4835 1007 4897 infinitum
1040 4845 1208 4910 excurrunt,
1240 4835 1349 4913 figurae
1380 4850 1526 4912 congruae
1555 4843 1675 4888 numero
1706 4823 1895 4889 duodenario

540 4919 688 4979 finiuntur.
731 4921 866 5000 Denique
890 4922 1105 4986 distinctionem
1126 4919 1396 5000 thouli'quaelibet
1417 4921 1510 4998 ligura
1532 4917 1602 4977 iacit
1617 4915 1740 4987 unicam,
1765 4919 1797 4973 at
1819 4933 1895 4993 par-

527 5018 586 5083 ,tes
610 5007 770 5067 in'circulo
792 5012 969 5073 constitutae
992 5012 1065 5072 duas
1088 5028 1201 5091 semper
1222 5011 1331 5072 iaciunt
1355 5027 1419 5068 cum
1441 5015 1504 5069 toto
1527 5003 1742 5064 consonantias.

625 5095 689 5155 tini
703 5097 782 5154 'voro
803 5100 900 5174 potior
920 5102 951 5159 ln
972 5097 1031 5161 hoc
1051 5102 1137 5160 tertio
1158 5097 1233 5160 libro
1255 5102 1329 5159 ratio
1353 5100 1407 5157 erit
1435 5091 1688 5156 demonstrationis
1710 5088 1895 5151 acarnanas

539 5181 677 5259 mi
699 5197 788 5260 (lm
809 5187 1018 5262 comestae
1038 5185 1197 5262 figurarum
1219 5193 1363 5260 totarum,
1392 5183 1466 5246 haee
1487 5187 1586 5242 tamen
1608 5182 1728 5256 propter
1749 5193 1896 5256 mquam
