4467 6192
884 677 968 736 Luc
983 680 1016 734 v.
1039 680 1126 750 capso
1142 679 1189 734 tv.
1640 688 1703 748 aut

337 854 511 918 itineribus
534 859 716 936 planetarum
737 877 790 938 per
802 877 903 919 auram
918 858 1095 929 aetheream,
1119 865 1252 934 oportere
1274 875 1329 918 nos
1352 861 1453 922 oeulos
1478 869 1646 924 convertere
1669 860 1706 920 ad

335 955 530 1019 annuentes
552 965 636 1007 mens
659 947 777 1008 diurnos
799 956 829 1008 et
851 953 1025 1023 apparentes
1047 945 1165 1021 quidem
1189 963 1288 1006 omncs
1304 965 1340 1006 ax
1362 965 1421 1008 uno
1445 961 1523 1010 certo
1547 957 1576 1010 ct
1598 950 1704 1025 insigni

336 1031 454 1089 mnndi
479 1032 561 1108 mco,
583 1035 696 1096 sedicet
717 1037 840 1115 exipso
863 1052 983 1111 corpore
1005 1033 1118 1105 Soteri,
1141 1033 1222 1094 ionte
1242 1043 1339 1094 motus
1363 1039 1491 1098 omnium
1513 1037 1703 1115 planetarum,

336 1117 581 1197 videndumque,
614 1139 673 1182 non
695 1140 785 1199 quam
804 1122 883 1182 altus
905 1141 924 1181 a
946 1121 1015 1181 Sole
1037 1124 1076 1180 sit
1097 1119 1282 1196 planetarum
1304 1121 1436 1198 quilibet,
1459 1143 1513 1186 nec
1535 1142 1586 1202 per
1609 1139 1705 1201 quau·

337 1212 413 1264 tum
439 1198 570 1283 spatium
593 1213 622 1268 in
644 1228 704 1273 una
726 1210 773 1271 dic
796 1209 922 1286 trajiciat
946 1208 1016 1290 (hoo
1048 1210 1125 1268 enim
1153 1211 1387 1270 ratiocinativum
1409 1221 1455 1271 ost
1478 1221 1507 1272 et
1529 1212 1706 1272 astronomi·

336 1309 427 1366 raam,
452 1313 512 1354 non
534 1294 766 1379 instinguibiie)‚
799 1298 852 1357 sed
874 1306 1015 1374 quantum
1037 1297 1177 1371 angulum
1198 1298 1228 1354 in
1252 1299 1316 1375 ipso
1342 1297 1419 1358 Solis
1444 1316 1563 1378 corpore
1586 1298 1705 1358 diurnus

338 1381 501 1457 cujusque
523 1393 618 1463 motus
640 1385 812 1454 subtendat‚
843 1385 891 1444 vei
915 1390 1056 1462 quantum
1088 1400 1188 1442 areum
1209 1384 1264 1443 sub
1287 1402 1346 1444 uno
1369 1391 1513 1446 communi
1538 1387 1646 1446 circuio
1669 1403 1704 1445 er

337 1466 422 1528 Sole
446 1469 602 1548 deamiptu
627 1473 724 1548 qualis
745 1472 948 1549 esteciiptica,
971 1470 1103 1548 quolibet
1125 1471 1171 1530 die
1194 1472 1335 1532 conticere
1360 1473 1499 1548 videatur,
1523 1483 1555 1533 ut
1578 1477 1618 1532 ita
1633 1473 1706 1533 haec

338 1559 542 1634 apparentia,
566 1559 706 1620 beneficio
727 1560 844 1620 luminis
865 1559 904 1621 ad
926 1577 1032 1636 eorpus
1054 1558 1133 1618 Solis
1155 1558 1283 1632 perlata,
1316 1577 1381 1620 oum
1404 1563 1469 1634 ipso
1491 1561 1600 1620 iumine
1621 1567 1702 1620 rocta

339 1645 373 1700 in
401 1656 566 1718 creaturas,
590 1649 742 1708 instinctus
764 1648 853 1723 hujus
874 1649 1043 1724 participes,
1064 1648 1107 1705 sic
1130 1645 1250 1706 iuduere
1271 1649 1383 1722 possit,
1407 1651 1482 1708 sicut
1505 1649 1579 1710 libro
1602 1657 1705 1724 quarto

340 1733 476 1792 schema
498 1732 574 1793 coeli
596 1737 626 1792 in
649 1734 759 1795 foetum
783 1736 925 1796 beneficio
946 1735 1094 1794 radiorum
1117 1732 1242 1792 diximus
1266 1734 1395 1796 influere.

440 1820 539 1880 Docet
568 1823 658 1898 igitur
690 1824 869 1884 astronomia
890 1822 1060 1898 Tychonica
1094 1816 1229 1901 (remotis
1259 1821 1461 1897 apianetario
1484 1829 1566 1894 motu
1589 1822 1704 1898 proprio

341 1906 556 1981 parallaxibus
578 1911 657 1971 orbis
678 1913 781 1984 annui,
815 1927 892 1986 qnae
915 1913 1042 1986 speciem
1070 1910 1142 1983 ipsis
1174 1907 1268 1967 induit
1289 1911 1447 1968 stationum
1470 1918 1500 1969 et
1521 1907 1705 1984 retrograda·-

342 1991 490 2073 tioaum)‚
513 2004 610 2056 motus
632 1997 751 2060 diurnos
773 1997 955 2074 planetarum
977 2000 1008 2056 in
1029 1998 1091 2055 auis
1115 1996 1216 2055 orbitis
1245 1994 1431 2076 (apparentes
1454 1995 1545 2058 voluti
1568 2005 1706 2074 spectaui-

343 2082 433 2140 tibns
457 2100 496 2142 ex
518 2081 604 2166 Sole)
627 2102 692 2146 asso
714 2085 812 2168 hosce.
1157 2082 1161 2093 '

345 2284 660 2344 Harmoniaebiuorum.
697 2291 870 2362 &vitiantes
883 2291 978 2347 diurni.
1063 2321 1068 2328 ·
1135 2291 1298 2346 Harmoniae
1317 2289 1482 2388 singpiornm
1501 2289 1634 2362 propriae.

346 2462 451 2572 aa
487 2462 597 2574 am
619 2414 639 2491 ⁵
922 2433 1044 2583 uto
1087 2432 1166 2557 m
1208 2432 1296 2558 tu
1401 2470 1419 2542 a

346 2596 458 2634 -..-,
503 2598 587 2614 ---

347 2619 363 2781 ἶ
426 2621 440 2781 3
494 2632 515 2780 u⁸
571 2619 585 2782 Ξ
621 2629 837 2780 ᾊἛέἕῖξὲἧιισ
923 2641 994 2766 333
1019 2643 1166 2768 3⁶1th
1210 2639 1279 2766 ἐξ)
1340 2684 1382 2736 eet
1399 2677 1416 2748 ὓ
1433 2677 1513 2732 tertia
1530 2677 1625 2732 minor.

347 2803 461 2844 .,.‚
493 2805 585 2848 ,ἢ
1136 2801 1138 2809 y

348 2829 364 2991 ἶ
428 2827 511 2991 aa:
559 2828 586 2992 ἶ
627 2844 836 2991 middin
906 2850 1045 2976 3qu
1088 2852 1167 2976 ¹¹¹²}ss
1193 2851 1277 2978 {3²}
1340 2891 1383 2940 su
1400 2887 1416 2958 p
1435 2885 1570 2955 stipante.
1673 2971 1683 2982 .

347 3040 365 3211 ἰ
429 3025 1279 3204 2²'1:iturine-itthuit
1401 3097 1432 3170 c

348 3225 463 3289 ΓΞ,
497 3227 587 3292 Γᾶ
618 3253 643 3336 2
674 3267 801 3354 apheliuu
905 3227 938 3324 §4
957 3271 991 3326 50
1025 3269 1043 3324 i.
1087 3271 1164 3326 Inter
1193 3271 1225 3326 oi
1245 3271 1279 3328 50
1340 3313 1384 3364 m
1403 3307 1436 3378 .,ἕ
1455 3273 1544 3361 Μ

347 3373 357 3411 t
438 3370 448 3412 ¹
498 3372 514 3411 k
571 3373 583 3414 3
688 3339 836 3411 perrhehus
906 3340 990 3396 9737
1015 3339 1042 3393 i.
1137 3349 1164 3396 et
1191 3341 1225 3396 98
1244 3341 1279 3397 tt
1403 3345 1415 3378 ²

347 3435 468 3501 Π
497 3435 585 3504 ῙἾ
620 3461 795 3551 §oppertus
887 3481 940 3535 tor
974 3481 991 3536 o
1024 3478 1042 3534 1.
1087 3481 1162 3535 inter
1180 3481 1280 3536 1640
1341 3479 1434 3551 aare,
1453 3479 1584 3563 diapason
1612 3497 1673 3536 eum

687 3551 834 3621 peribolius
887 3549 937 3608 tsi
972 3554 1044 3606 dm
1099 3558 1160 3605 ·et
1178 3552 1228 3606 394
1263 3554 1280 3608 0
1402 3558 1482 3606 tertra
1500 3567 1610 3612 mucre.

444 3723 539 3806 diota,
568 3727 646 3803 quod
672 3727 809 3789 Mercurii
839 3748 949 3806 magua
981 3731 1181 3791 eccentricitas
1209 3730 1297 3790 iaciat
1327 3737 1458 3790 motuum
1491 3733 1706 3808 proportionem

348 3811 492 3870 nonnihil
514 3813 625 3874 differre
647 3834 666 3875 a
688 3815 837 3895 duplicata
859 3818 1061 3878 distantiarum
1084 3819 1279 3893 proportione.
1318 3817 1392 3876 Nam
1408 3820 1432 3876 si
1455 3817 1556 3877 iecoris
1579 3827 1610 3876 ut
1636 3819 1705 3890 100,

348 3898 535 3958 mediocrem
562 3899 747 3975 distantiam,
779 3903 818 3964 ad
844 3908 901 3964 121
926 3907 1090 3982 spiciam,
1124 3905 1212 3982 dupio
1235 3911 1347 3964 tautam
1369 3907 1588 3983 proportionem
1610 3913 1706 3964 motus

346 3986 466 4064 apheiii
488 3987 527 4045 ad
548 3997 660 4049 motum
682 3990 809 4050 medium
832 3994 925 4050 ito‘·
938 3995 1017 4066 w,
1041 3997 1120 4052 tuuc·
1139 3991 1235 4070 prodit
1257 4001 1352 4054 motus
1375 3992 1509 4069 apheiius
1536 3994 1605 4065 167,
1629 3994 1704 4050 etsi

349 4084 389 4131 nt
417 4075 480 4132 100
501 4074 538 4134 ad
564 4079 612 4149 79,
636 4077 804 4138 distantium
828 4079 1005 4159 periocham,
1029 4079 1119 4157 duplo
1141 4088 1251 4138 tantum
1274 4082 1490 4160 proportionem
1513 4087 1609 4138 motus
1630 4081 1708 4156 peri·

347 4161 427 4220 helii
448 4160 490 4220 ad
511 4163 686 4224 mediocrem
707 4167 847 4240 eundem,
870 4167 1028 4245 periheiius
1050 4175 1146 4226 motus
1168 4165 1218 4226 fiet
1241 4169 1313 4241 393,
1337 4169 1471 4243 utrinque
1492 4166 1594 4241 major,
1619 4183 1706 4240 quem

347 4249 405 4308 hie
426 4250 527 4328 posui,
549 4247 589 4331 ²²)
619 4255 694 4329 puin¹
711 4255 823 4315 scilicet
844 4254 959 4315 medius
980 4264 1077 4314 motus
1099 4255 1128 4312 in
1151 4253 1301 4313 anomalia
1323 4253 1436 4326 media,
1458 4253 1547 4314 valde
1570 4269 1605 4311 ex
1629 4251 1706 4310 obii-

348 4354 417 4415 quo
439 4339 598 4416 inspectus,
622 4358 680 4400 nou
702 4353 824 4420 apparet
845 4350 961 4415 tantus,
989 4359 1030 4402 so
1051 4360 1111 4402 non
1136 4344 1217 4400 245‘
1242 4344 1327 4420 ³2⁰,
1360 4342 1412 4402 sed
1435 4343 1528 4400 minor
1550 4341 1662 4398 circiter
1686 4341 1703 4398 d

347 4424 518 4502 scrupeum
541 4443 611 4502 ergo
634 4430 722 4487 etiam
744 4428 879 4507 aphelius
901 4439 932 4490 et
952 4431 1111 4508 periheiius
1132 4431 1258 4489 minores
1280 4428 1438 4490 eliciantur.
1485 4428 1582 4486 Minus
1605 4436 1703 4488 autem

345 4511 493 4590 apheijus
515 4523 544 4572 ct
567 4514 632 4591 pius
655 4516 828 4593 perihelius,
851 4527 967 4596 propter
989 4517 1030 4576 tir.
1055 4519 1083 4576 8.
1108 4515 1177 4596 Opt.
1203 4516 1293 4591 Eunt,
1317 4525 1350 4576 ut
1378 4517 1445 4576 cavi
1468 4516 1563 4592 eapite
1585 4530 1706 4590 praeca-

347 4601 447 4672 denti
472 4618 591 4661 numero
615 4603 645 4664 6.

445 4685 533 4761 Quod
555 4690 642 4765 igitur
664 4691 739 4750 inter
761 4689 815 4750 hos
838 4698 1012 4769 'apparentes
1035 4698 1132 4749 motus
1148 4687 1328 4770 singulorum
1351 4695 1494 4748 extremos
1518 4693 1615 4746 essem
1635 4686 1706 4750 har·

346 4777 475 4836 moniae
497 4783 528 4834 et
549 4778 692 4836 concinna
720 4778 888 4853 intervalla,
920 4779 949 4836 id
979 4777 1026 4837 acl
1054 4795 1089 4837 ex
1120 4777 1355 4852 proportionibus
1386 4774 1553 4834 diurnorum
1586 4792 1705 4836 nouum

347 4864 594 4937 eceentricorurn,
616 4867 836 4941 sumeremus,
859 4867 940 4945 potui
963 4880 1146 4942 praesumere
1160 4864 1268 4934 animo,
1292 4861 1511 4937 conciderent,
1534 4863 1704 4942 thipasam

346 4953 495 5015 temutes
516 4969 638 5028 regnare
661 4957 878 5030 proportionum
900 4952 1145 5022 harmonicorum,
1176 4951 1279 5010 scirem
1302 4966 1386 5022 vero,
1416 4953 1618 5028 apparentium
1641 4968 1704 5011 ruo·

347 5051 442 5102 tuum
463 5057 529 5100 esse
551 5040 676 5117 duplam·
691 5044 906 5119 proportionem
928 5039 1123 5117 proportionis
1146 5046 1276 5096 motuum
1291 5040 1525 5098 eecentricorum.
1549 5038 1607 5098 Sed
1622 5037 1706 5102 datur

349 5127 539 5213 experientia
560 5130 626 5206 ipsa
648 5128 697 5190 vel
717 5133 782 5191 sine
802 5129 1025 5219 ratiocinatione
1053 5123 1133 5203 quod
1155 5123 1315 5192 affirmatur
1336 5127 1540 5205 comprobare,
1569 5135 1603 5188 ut
1622 5125 1704 5194 uides
