4467 6192
540 694 586 749 De
600 691 722 750 Motibus
739 692 914 749 Pisuetarum
932 694 1111 754 harmonicis.
1148 696 1232 754 Liber
1248 698 1280 754 V.
1297 698 1475 755 Prooemium.
1615 704 1677 764 269

329 874 466 946 moreni,
490 873 618 950 Pragam
641 874 742 934 sedem
764 872 854 949 elegi,
878 872 908 931 id
929 873 1057 948 tandem,
1082 877 1148 936 Deo
1164 872 1232 955 Opt.
1248 876 1398 951 Maximo,
1411 866 1609 953 qui'mentem
1631 879 1679 934 in-

327 962 513 1037 spiraverat,
548 961 758 1021 desiderium
750 977 854 1037 ingens
877 964 1080 1036 excitaverat,
1090 966 1181 1023 vitam
1204 967 1290 1024 etiam
1320 968 1349 1025 ct
1372 966 1446 1023 vires
1477 966 1585 1040 inge'uii
1606 980 1677 1040 pro-

320 1056 453 1126 rogante
476 1048 632 1125 mediaque
646 1058 742 1108 cetera
764 1067 814 1126 per
831 1050 952 1107 duorum
966 1048 1179 1144 Imperatorum
1197 1052 1342 1129 hujusque
1357 1055 1524 1131 provinciae
1540 1051 1678 1112 Austriae

327 1134 424 1213 Supr-
426 1138 576 1213 Αιιιιιιιιιιιι
605 1136 761 1195 Procerum
793 1135 999 1195 liberalitatem
1020 1130 1249 1215 suppeditante,
1284 1140 1436 1198 defunctus
1468 1140 1548 1219 prius
1577 1149 1673 1199 ιιιιο-

327 1226 445 1283 uomica
468 1226 621 1301 provincia
643 1232 783 1300 quantum
799 1223 971 1298 snlfieiebut,
995 1225 1153 1301 taudem·
1144 1242 1273 1303 unquam,
1296 1229 1325 1285 in
1340 1226 1436 1287 lucem
1451 1226 1557 1305 protuli
1573 1244 1678 1304 supra·

328 1328 386 1387 que
410 1329 503 1387 quam
525 1326 648 1389 sperare
675 1318 805 1387 nuquam
827 1315 909 1389 potui
942 1307 1123 1372 verissimum
1151 1312 1341 1394 deprehendi,
1372 1321 1463 1375 totam
1496 1313 1677 1375 harmonicas

326 1410 481 1472 naturam,
512 1408 734 1489 quautaquanta
756 1406 815 1472 est,
848 1415 913 1458 cum
937 1402 1072 1467 omnibus
1094 1403 1155 1460 suls
1178 1404 1310 1478 partibus
1337 1402 1411 1461 libro
1434 1400 1490 1461 ΙΠ.
1515 1400 1675 1477 explicatis,

327 1488 403 1545 inter
426 1496 526 1546 motus
549 1486 691 1547 coelestes
711 1480 845 1564 reperiri,
875 1504 932 1544 uon
957 1504 992 1547 eo
1022 1488 1139 1564 quidem
1162 1488 1267 1569 modo,
1299 1508 1386 1567 quem
1409 1507 1462 1565 ego
1490 1506 1677 1566 conceperam

326 1577 428 1633 auimo
452 1572 536 1656 (pars
557 1575 631 1634 baec
654 1582 778 1633 estnon
800 1581 949 1674 postrema
971 1578 1028 1633 mei
1051 1572 1186 1657 gaudii),
1210 1577 1262 1637 sed
1278 1576 1473 1637 diversissimo
1490 1576 1548 1635 alio
1572 1577 1676 1635 simul-

326 1680 386 1738 que
410 1671 441 1721 et
463 1663 712 1739 praestantissimo
735 1670 765 1719 et
786 1655 1004 1737 perfectissimo.
1051 1664 1184 1725 Accessit
1200 1662 1255 1723 hoc
1271 1650 1440 1724 intermedio
1455 1673 1594 1741 tompore,
1617 1682 1676 1740 quo

326 1768 374 1808 me
397 1767 574 1845 suspensum
597 1751 691 1808 tcohit
713 1756 844 1806 motuum
866 1752 1011 1808 restitutio
1035 1748 1274 1826 laboriosissima,
1297 1755 1485 1831 praecipuum
1509 1761 1538 1811 et
1561 1751 1676 1829 cupidl-

326 1841 398 1896 tatls
422 1839 505 1897 meae
528 1839 737 1896 incrementum
760 1846 789 1895 et
810 1838 953 1911 propositi
975 1839 1204 1912 incitamentum,
1229 1839 1316 1899 lectio
1339 1840 1581 1898 Harmonlcorum
1603 1838 1676 1897 Pto-

324 1923 449 1997 lemaei,
485 1942 563 2001 quae
592 1927 790 2000 manuscripta
817 1924 889 1981 mihi
915 1927 1075 1983 transmisit
1103 1929 1149 1985 vir
1179 1929 1300 1986 eximius
1333 1928 1429 2003 adque
1460 1925 1675 2003 philosophiam

325 2029 476 2088 omneque
499 2012 573 2072 adeo
597 2028 689 2087 genus
712 2010 882 2070 eruditionis
905 2013 1136 2087 promovendum
1155 2022 1249 2087 natus,
1272 2012 1425 2073 Johannes
1442 2012 1585 2091 Georgius
1598 2012 1676 2072 Her-

324 2100 457 2174 ιιιιιιιιι,
482 2100 628 2159 Βιιιιιιι
651 2097 860 2170 Cancellarius,
883 2099 934 2157 ubi
957 2108 1071 2176 praeter
1085 2102 1333 2178 exspectationem
1356 2109 1385 2161 et
1399 2118 1512 2160 summa
1534 2117 1599 2160 cum
1621 2100 1676 2159 ad-

324 2188 485 2247 miratione
507 2189 605 2246 inveni
628 2189 722 2244 totum
744 2188 803 2244 iere
825 2184 931 2244 librum
947 2186 1011 2263 ejus
1035 2190 1151 2247 tertium
1173 2189 1203 2246 in
1219 2189 1321 2249 eadem
1337 2188 1581 2266 contemplatione
1605 2188 1676 2246 har·

322 2278 458 2338 moniae
467 2273 605 2334 coelestis
630 2275 787 2331 insumtnm
809 2280 877 2331 ante
892 2273 971 2332 millo
994 2282 1023 2334 et
1046 2277 1222 2351 quingentos
1238 2294 1340 2337 anuos.
1386 2276 1494 2335 Verum
1517 2275 1548 2334 id
1570 2278 1674 2335 aetatis

321 2362 451 2421 multum
476 2362 572 2420 adhuc
596 2360 697 2419 decrat
718 2363 912 2424 astronomiae
935 2364 1088 2463 potuitque
1112 2362 1308 2437 Ptolemaeus,
1332 2380 1362 2422 re
1379 2362 1530 2423 infeliciter
1552 2369 1674 2437 tentata,

323 2449 561 2525 desperationem
588 2447 654 2507 aliis
685 2446 827 2538 objicere,
857 2457 890 2506 ut
917 2450 967 2524 qui
996 2466 1060 2507 cum
1083 2449 1220 2525 Scipione
1245 2450 1435 2529 Ciceroniano
1464 2453 1561 2529 potius
1583 2464 1674 2531 suane

323 2537 478 2613 quoddam
499 2539 645 2595 somnium
666 2521 896 2611 Pythagdricum
917 2536 1070 2608 recitasse,
1103 2555 1189 2613 quam
1213 2522 1429 2617 philosophiam
1455 2539 1604 2616 adjuvisse
1629 2539 1675 2597 vi·

323 2624 459 2699 deretur;
482 2632 515 2682 at
537 2641 583 2682 me
606 2639 672 2681 cum
694 2621 745 2680 illa
768 2624 876 2681 veteris
898 2626 1094 2683 astronomiae
1118 2624 1244 2699 ruditas,
1267 2634 1329 2684 tum
1352 2625 1429 2685 hic'
1422 2640 1484 2703 rpse
1507 2624 1675 2685 meditatio-

322 2728 394 2769 num
419 2713 573 2787 utriusquc
596 2728 633 2769 cx
656 2708 822 2785 quindecim
844 2710 1008 2769 seculorum
1032 2712 1187 2771 intervallo
1211 2728 1368 2773 cousensus
1397 2712 1435 2772 ad
1459 2716 1598 2772 amussim
1622 2728 1674 2771 ex·-

323 2807 419 2871 actus,
444 2799 632 2858 vehementer
655 2796 867 2856 confirmarit
859 2815 888 2854 rn
912 2798 1042 2873 urgendo
1065 2802 1228 2877 proposito.
1273 2800 1348 2859 Nam
1371 2800 1441 2876 quid
1463 2800 1562 2859 multis
1578 2798 1674 2877 opus?

296 2907 300 2924 ¹
323 2886 394 2963 Ipsa
418 2904 515 2944 rernm
537 2890 641 2943 natura
662 2902 727 2943 sese
749 2883 896 2959 proditum
919 2886 982 2943 ibat
1005 2886 1171 2945 hominibus
1200 2905 1250 2965 per
1273 2888 1405 2948 diuersos
1433 2886 1603 2946 distantium
1625 2904 1674 2946 se-

324 2973 458 3031 culorum
482 2976 664 3050 interpretes,
687 2970 796 3047 digitus
818 2971 875 3030 Dei
898 2982 979 3044 erat,
1002 2978 1035 3033 nt
1057 2991 1122 3033 cnm
1144 2962 1287 3034 Hebraeis
1310 2975 1422 3052 loquar,
1447 2974 1525 3035 hic
1519 2993 1547 3032 ιιι
1570 2975 1674 3033 animis

324 3060 469 3133 duorum,
498 3062 549 3136 qui
579 3077 611 3118 se
638 3068 716 3117 totos
746 3016 984 3136 contemplationi
1007 3069 1129 3121 naturae
1153 3062 1347 3135 dedidissent,
1380 3062 1416 3121 de
1447 3062 1674 3120 conformatione

323 3148 427 3205 mundi
451 3154 610 3224 conceptus
633 3145 726 3219 idem,
756 3162 821 3204 cum
844 3153 946 3206 ιιιιιιιιι
966 3145 1049 3207 ιιιιιι
1073 3148 1132 3207 dux
1155 3150 1258 3209 luisset
1287 3150 1324 3209 ad
1348 3150 1403 3209 hoc
1425 3151 1480 3209 iter
1507 3148 1674 3223 ingredien-

324 3233 403 3293 dum.
449 3233 521 3294 Jam
542 3241 698 3313 postquam
725 3252 744 3291 a
764 3235 914 3294 mensibus
937 3234 1097 3295 octodecim
1128 3238 1220 3313 prima
1241 3236 1305 3309 lux,
1337 3237 1470 3296 atribus
1501 3235 1563 3295 dies
1581 3235 1673 3310 justa,

324 3340 342 3381 a
363 3324 554 3398 paucissimis
579 3338 648 3381 vero
672 3320 775 3380 diebus
798 3319 848 3379 Sol
872 3323 934 3399 ipse
957 3339 1054 3395 merus
1077 3323 1174 3382 illuxit
1197 3324 1449 3402 contemplationis
1479 3322 1675 3381 admirabilis-

324 3411 426 3482 simae,
450 3409 524 3467 nihil
545 3426 592 3467 me
615 3410 729 3483 retinet,
751 3406 833 3467 lubet
855 3408 1005 3485 indulgere
1027 3416 1111 3469 sacro
1127 3411 1227 3484 lurori,
1249 3411 1330 3474 lubet
1349 3412 1487 3471 insultare
1502 3410 1674 3469 mortalibus

324 3498 511 3557 confessione
534 3500 675 3571 ingenua,
705 3511 752 3554 me
774 3512 848 3554 vasa
869 3513 959 3555 aurea
982 3499 1195 3575 Acgyptiorum
1217 3500 1321 3573 iurari,
1345 3505 1377 3559 ut
1399 3500 1465 3561 Deo
1487 3514 1553 3558 meo
1575 3499 1673 3557 taber-

324 3584 465 3644 naculum
497 3602 534 3644 ex
567 3586 604 3641 iis
636 3591 819 3656 construam,
850 3582 1020 3659 longissime
1053 3587 1091 3643 ab
1125 3588 1251 3662 Aegypti
1284 3586 1400 3646 finibus.
1446 3586 1478 3646 Si
1511 3586 1673 3662 ignoscitis,

324 3673 479 3749 gaudebo,
499 3672 523 3731 si
545 3671 733 3743 succensetis,
756 3670 860 3745 ieram3
880 3671 961 3746 jacio
983 3689 1019 3729 eu
1042 3673 1137 3732 aleam
1161 3674 1323 3750 librumque
1343 3674 1437 3734 scribo
1460 3688 1511 3733 sen
1535 3690 1674 3750 praeseu-

325 3760 405 3818 tibus
428 3776 482 3818 seu
504 3761 630 3835 posteris
651 3751 826 3835 legendu‘m,
853 3759 925 3817 nibil
949 3761 1081 3834 iutercstJ
1111 3770 1259 3839 exspectet
1281 3761 1332 3821 ille
1354 3779 1440 3821 suum
1463 3760 1601 3820 lectorem
1624 3778 1674 3837 per

324 3864 420 3905 annos
443 3841 581 3929 centum,
609 3847 634 3905 si
657 3846 738 3904 Deus
760 3846 904 3922 ipseper
926 3862 1067 3909 annorum
1090 3865 1162 3908 seua
1184 3849 1277 3908 millia
1307 3848 1563 3926 contemplatorem
1587 3864 1673 3926 prae·

322 3934 452 3995 stolatus
468 3943 534 3995 est..
576 3983 580 3992 .

684 4134 822 4211 Capita
849 4134 963 4211 hujus
989 4133 1082 4195 libri
1110 4111 1319 4197 su'ritista:

438 4289 460 4344 Ι.
480 4288 522 4342 De
541 4286 659 4357 quinque
677 4287 771 4342 solidis
787 4285 882 4379 liguris
899 4239 1079 4355 regularibus.

423 4368 459 4423 11.
477 4366 521 4421 De
538 4366 708 4433 cognatione
718 4382 779 4420 cum
796 4366 830 4420 iis
848 4366 1054 4433 proportionum
1071 4354 1297 4435 harmonicorum.

410 4446 461 4501 ΙΙΙ.
481 4446 591 4500 Summa
608 4445 747 4499 doctrinae
760 4444 965 4545 astronomicae,
983 4446 1138 4504 necessaris
1155 4447 1190 4501 ad
1206 4446 1458 4516 contemplationem
1472 4446 1671 4503 harmoniarum

321 4525 520 4593 coelestipm.
1205 4552 1208 4561 ·

411 4582 457 4657 IV.
478 4602 614 4671 Quibus
605 4619 633 4657 ιιι
651 4602 732 4657 rebus
757 4602 792 4657 ad
808 4602 978 4672 planetarum
996 4608 1087 4659 motus
1109 4605 1308 4687 pertinentibus
1327 4618 1479 4697 expressae
1497 4602 1551 4657 sint
1567 4603 1673 4658 harmo-

320 4682 386 4737 uiae
404 4682 554 4751 simplices
562 4689 589 4736 et
607 4681 680 4751 quod
699 4698 800 4737 omues
810 4681 899 4736 illae
891 4698 918 4735 ιιι
937 4682 1013 4736 coelo
1032 4679 1304 4751 repensumque
1325 4682 1353 4735 in
1371 4688 1452 4735 cantu
1471 4680 1573 4739 insunt.

410 4762 444 4815 V.
464 4760 560 4815 clares
579 4761 669 4815 scalae
686 4760 818 4825 musicae,
842 4776 891 4815 seu
908 4760 970 4815 loce
988 4761 1156 4831 systematis,
1180 4768 1208 4815 et
1226 4776 1326 4829 genera
1345 4757 1557 4829 harmoniarum,
1577 4759 1673 4815 durum

319 4850 349 4897 et
365 4840 467 4909 molle,
486 4840 602 4894 scortis
620 4840 738 4896 motibus
754 4855 885 4908 expressa
902 4855 973 4898 esse.

411 4918 459 4972 VI.
478 4916 571 4972 Tomos
590 4934 639 4973 scu
656 4919 751 4973 modos
768 4919 887 4975 musicos
907 4918 1029 4989 singulos
1049 4916 1252 4984 quodammodo¹
1267 4933 1284 4972 a
1298 4916 1410 4985 singulis
1420 4916 1537 4987 planetis
1550 4915 1672 4987 exprimi.

410 4991 471 5052 m
493 4991 694 5066 Contrapuno'ta
711 5013 761 5053 seu
778 4992 933 5053 numanus
951 4993 1118 5053 uniuersales
1137 4996 1254 5050 omnium
1275 4994 1444 5069 planetarum
1469 5012 1569 5067 casque
1586 4995 1672 5051 dicen

319 5095 382 5146 aas,
401 5077 482 5131 aliam
501 5076 607 5131 scillcet
623 5076 740 5145 exalia,
761 5078 878 5132 exhtere
894 5090 985 5149 posse.

411 5154 485 5210 vm
503 5153 536 5209 In
547 5154 666 5224 planetis
675 5170 818 5225 expressas
828 5170 888 5211 esse
897 5161 1008 5211 naturas
1016 5158 1134 5224 quatuor
1142 5170 1247 5227 vocum,
1260 5154 1383 5227 ιιιιιιιιιιι,
1396 5154 1452 5221 ulti,
1467 5155 1578 5223 tenoris,
1588 5153 1672 5214 bassi.
