4467 6192
896 780 900 787 ,
961 687 1102 770 spungia
1207 683 1213 695 ’
1644 707 1707 768 rer

363 879 466 940 aDeo
487 881 672 956 sapientium
695 878 880 956 missamque
900 879 1045 954 spirim
1066 879 1132 954 ejas
1154 897 1169 938 e
1190 877 1302 938 naamis
1324 879 1449 946 costis?¹
1473 877 1539 941 lion
1562 881 1658 960 igitur,
1682 883 1707 944 tl

261 998 266 1006 ·
361 967 490 1047 disteden
517 983 600 1035 meae
628 965 908 1038 demonstrationes,
938 970 1094 1042 propterea
1121 971 1150 1026 et
1180 965 1346 1040 tractabiles,
1381 983 1435 1027 nec
1463 969 1489 1028 sl
1517 969 1565 1030 rel
1595 976 1627 1028 tu
1658 969 1708 1030 vel

362 1059 512 1132 qnisquam
534 1053 609 1115 alius
631 1068 691 1113 nan
715 1049 791 1114 ultra
813 1056 1034 1129 opinatioaen,
1064 1051 1190 1130 legendo
1213 1069 1310 1114 meum
1334 1069 1422 1132 opus,
1454 1055 1593 1133 proiecit,
1616 1073 1707 1138 prop-

361 1151 435 1202 terea
456 1145 501 1201 ret
524 1146 648 1204 veritate
669 1159 733 1204 noa
756 1141 969 1219 confirmatum
991 1139 1022 1199 id
1042 1139 1145 1202 haberi
1166 1141 1264 1203 debet.

444 1229 521 1306 Quid
544 1246 613 1290 vero
636 1227 762 1307 denique
785 1237 815 1290 te
837 1239 948 1290 struere
971 1227 1076 1302 dicam
1099 1227 1179 1306 quod
1202 1225 1391 1306 astrologiam
1413 1227 1493 1289 illam
1517 1247 1625 1292 vanarn
1643 1233 1707 1298 slve

360 1319 414 1377 tuls
437 1319 502 1377 sire
524 1315 722 1378 ersudnlani
754 1317 853 1378 verbis
876 1333 983 1390 vexas,
1017 1333 1112 1392 quam*
1134 1329 1189 1393 ege
1223 1316 1297 1376 libro
1321 1331 1387 1376 meo
1414 1315 1705 1395 operie'Harmonici

263 1410 268 1448 ³
362 1414 462 1483 quarto
491 1405 536 1487 (ιιι
556 1421 616 1488 non
646 1403 742 1468 dicam
772 1405 815 1466 de
831 1404 898 1464 aliis
921 1405 994 1463 meis
1016 1403 1110 1486 libris)
1143 1407 1296 1464 aslncera
1324 1397 1511 1484 philosophia
1537 1407 1705 1486 longissime

359 1495 484 1568 secrevi,
514 1511 601 1570 quam
630 1499 662 1550 iu
689 1503 804 1566 tamen,
834 1493 1003 1552 comitatam
1031 1491 1224 1552 chiromantia
1255 1499 1284 1551 ei
1310 1495 1480 1568 geomantia
1510 1495 1704 1573 pedissequis,
1775 1501 1779 1510 '

251 1574 259 1641 s
359 1598 493 1657 magnam
516 1584 612 1659 operia
633 1581 677 1639 tui
698 1587 813 1660 partem
835 1581 943 1655 iecisti,
967 1580 1057 1654 quam
1077 1595 1136 1638 non
1159 1595 1217 1639 uno
1239 1577 1305 1639 loco
1331 1579 1418 1656 hujus
1442 1582 1536 1658 ipsius
1560 1590 1627 1643 tuae
1651 1583 1705 1644 dc-

362 1669 527 1728 elaratiouis
549 1686 604 1728 seu
625 1674 703 1733 veris
726 1685 779 1727 scu
801 1667 883 1727 ialsis
910 1664 1049 1726 laudibus
1079 1668 1273 1728 ebuccinasti:
1305 1671 1505 1746 oppositiones
1528 1669 1705 1731 lethales-ct

359 1757 502 1815 violentas
532 1754 758 1838 pronunciasti,
774 1757 890 1815 animae
918 1755 1019 1814 mundi
1047 1758 1146 1814 varios
1178 1755 1296 1816 effectus
1326 1754 1516 1834 annologic'os
1539 1759 1704 1836 permisisti,

360 1851 471 1903 veteres
494 1858 512 1902 a
536 1841 710 1906 certitudine
732 1841 964 1925 praedictionum
987 1841 1228 1919 astrolnglcarum
1251 1841 1476 1919 commendasti,
1507 1843 1564 1905 hoc
1586 1849 1651 1924 ipso
1675 1849 1704 1905 in

251 1994 252 1999 η
358 1931 443 2014 titulo
464 1931 554 2009 paulo
576 1926 711 2010 superine
735 1933 910 1992 electionum
932 1927 1175 2005 astrologicarum
1198 1927 1348 2008 sortilegia
1370 1927 1408 1990 ad
1431 1933 1538 1992 tribum
1553 1931 1704 1994 heaschar

263 2013 266 2017 ’
360 2018 454 2095 adque
477 2022 557 2096 ipsas
579 2022 737 2097 scripturas
761 2018 893 2080 retulisti.
940 2020 986 2075 Αιι
1009 2035 1065 2094 ego
1086 2027 1117 2077 te
1140 2018 1285 2076 somniare
1308 2035 1346 2077 an
1369 2021 1467 2096 potius
1489 2019 1583 2081 iuuere
1599 2021 1703 2098 dicam,

359 2109 408 2182 qui
429 2094 465 2165 nt
484 2123 531 2166 me
554 2116 730 2186 quacunque
752 2097 864 2166 ratione
886 2103 1052 2180 ulciscaris,
1082 2113 1134 2165 tua
1156 2104 1226 2164 mihi
1250 2105 1370 2164 erimina
1393 2107 1573 2185 exprobras?
1619 2110 1703 2170 Anne

361 2197 446 2253 etiam
478 2196 700 2254 excusationem
730 2195 810 2275 apud
840 2191 975 2274 cordatos
1007 2193 1279 2270 numinenumine,
1313 2191 1392 2269 quod
1421 2195 1622 2255 examinandis
1645 2199 1704 2258 tuis

360 2281 545 2360 analysibus,
568 2280 677 2361 oppido
701 2299 789 2359 quam
811 2280 961 2341 dissolutis
985 2289 1014 2340 et
1037 2278 1181 2355 contusis,
1205 2285 1320 2357 tempus
1343 2279 1463 2357 aliquod
1486 2283 1623 2360 perdidi?
1692 2281 1697 2290 '

266 2364 269 2373 “
443 2369 503 2428 Sed
530 2386 598 2429 ecce
626 2387 740 2430 rursum
769 2385 892 2430 excusso
922 2383 1025 2428 somno
1048 2368 1086 2427 ad
1107 2367 1303 2444 obiecticncm
1326 2367 1513 2446 disparitatis
1540 2373 1702 2447 reverteris,

360 2458 597 2533 exprobrationes
618 2460 800 2532 ignorantiae
822 2457 967 2516 humanae
989 2471 1025 2516 ex
1047 2455 1135 2515 Johis
1160 2455 1211 2515 38.
1236 2458 1287 2517 39.
1310 2471 1373 2533 cap.
1400 2455 1503 2518 ultimo
1526 2467 1632 2518 conatu
1656 2463 1703 2518 iu·

266 2559 271 2579 ·
357 2547 496 2619 geminas,
520 2561 575 2605 nec
596 2545 815 2618 animadvertis,
838 2544 895 2604 hoc
918 2543 1021 2604 codem
1044 2545 1184 2604 orationis
1206 2550 1275 2603 tuac
1298 2549 1425 2604 torrente
1447 2561 1562 2606 omnem
1586 2549 1716 2608 Aristo-¹
1789 2527 1823 2550 ⁴

357 2630 420 2690 telis
444 2632 674 2709 disputationem
704 2633 740 2694 de
770 2640 866 2708 motu,
901 2631 937 2691 dc
968 2629 1068 2705 coelo,
1101 2630 1137 2691 de
1164 2631 1352 2708 generatione
1382 2639 1412 2691 et
1434 2637 1632 2710 corruptione,
1667 2636 1702 2696 dc

265 2746 270 2770 ι
355 2721 508 2793 meteoris,
540 2719 576 2780 dc
606 2723 719 2794 anima,
752 2719 788 2781 de
819 2719 943 2779 historia
973 2718 1157 2791 animalium,
1191 2736 1291 2778 omncs
1325 2715 1493 2795 Hermeios,
1529 2731 1580 2781 tua
1609 2725 1703 2800 ipsius

267 2841 270 2848 -
356 2829 541 2885 καυχηματα,
573 2822 676 2869 omncs
697 2808 837 2868 Platones
866 2809 1021 2883 ipsumque
1052 2806 1127 2868 aden
1157 2813 1240 2864 tuum
1267 2815 1327 2865 ῑιιιιι
1349 2805 1584 2868 Macrocosmum
1615 2828 1703 2886 quam

251 2898 268 2961 ᾖ
356 2893 590 2968 Micrccosmnm,
613 2903 675 2956 iam
697 2902 832 2955 naturam
853 2902 951 2968 tuam,
982 2909 1071 2970 quam
1093 2893 1267 2953 insidentem
1289 2892 1331 2950 illi
1355 2895 1486 2969 simiam,
1510 2913 1568 2955 aaa
1591 2899 1702 2974 impetu
1824 2959 1828 2966 ,

355 2984 424 3058 rapi,
449 2981 603 3059 provolvi,
633 2987 663 3043 in
685 2984 825 3062 abyssum
848 2981 986 3058 demergi.
1031 2980 1197 3040 Audientur
1210 2981 1317 3058 'potius
1344 2983 1515 3059 interpretes
1544 2983 1602 3044 loci
1623 2985 1702 3044 illins

261 3078 265 3090 ’
354 3067 478 3144 legitimi
500 3076 531 3127 et
552 3070 652 3131 sobrii.

440 3155 506 3215 Nun
536 3175 573 3216 ee
599 3162 672 3218 meis
693 3158 780 3217 lineis
802 3159 1031 3233 wuahtotich,
1064 3155 1209 3228 Roberte,
1243 3155 1294 3214 sed
1327 3173 1363 3215 ex
1384 3151 1509 3237 {aeterno
1538 3157 1700 3233 sapientiae

256 3257 262 3267 ·
357 3261 435 3320 penu
460 3243 611 3319 depromta
634 3252 702 3305 sunt
723 3244 776 3304 illa
800 3246 818 3303 5
842 3261 976 3321 corpora,
1010 3245 1117 3320 quibus
1146 3242 1292 3303 coelorum
1316 3243 1383 3304 idea
1405 3251 1534 3320 constat,
1564 3263 1619 3305 uec
1647 3263 1706 3306 ne··

260 3344 264 3353 ¹
354 3332 450 3408 gabis,
475 3341 609 3392 aeternas
632 3351 696 3394 esse
719 3334 846 3392 rationes
868 3334 1074 3408 geometricas,
1098 3334 1194 3406 ipsum
1215 3331 1327 3390 scilieet
1350 3333 1441 3412 loyen
1464 3332 1548 3408 cujus
1571 3335 1700 3410 imagini,

354 3428 384 3478 ut
406 3437 498 3496 saepe
522 3418 646 3493 dictum,
677 3437 731 3479 nos
752 3419 886 3479 homines
909 3436 1025 3480 omnem
1053 3428 1181 3478 nostram
1204 3419 1294 3478 animi
1317 3418 1478 3480 naturalem
1507 3421 1700 3496 aptitudinem

263 3521 266 3528 ·
352 3506 390 3564 ad
414 3508 606 3583 percipienda
628 3510 814 3586 geometrica,
837 3523 938 3567 omnes
960 3505 1080 3567 notitias
1103 3514 1271 3566 concreatus
1294 3515 1431 3585 acceptae
1452 3509 1556 3568 merite
1572 3511 1700 3569 ierimus.

354 3593 419 3652 Non
445 3597 534 3670 igitur
557 3595 623 3655 ideo
645 3595 754 3655 debilia
776 3602 862 3668 eunt,
885 3602 938 3654 aut
956 3595 1025 3672 fimo
1047 3593 1236 3654 fundamenta
1262 3594 1491 3671 disputationum
1513 3599 1699 3672 geometrica,

352 3683 424 3756 quia
447 3685 478 3738 in
501 3691 599 3743 mente
620 3681 762 3757 hominis,
784 3681 836 3743 sed
858 3683 955 3755 firma,
978 3685 1049 3758 quia
1071 3699 1107 3741 cx
1130 3683 1265 3759 imaginis
1288 3683 1343 3742 Dei
1366 3685 1589 3760 participatione
1611 3692 1700 3744 natu·

352 3768 409 3826 ral‘r
431 3769 613 3847 dependent3
643 3783 697 3830 nec
719 3773 745 3828 sl
766 3769 855 3829 homo
878 3772 1068 3829 ratiocinatur
1094 3784 1130 3828 ex
1158 3769 1268 3828 lumine
1291 3776 1425 3843 naturae,
1456 3770 1526 3847 quid
1552 3770 1698 3832 coelorum

266 3884 269 3895 ·
350 3855 487 3915 aedificio
509 3859 681 3931 conveniat,
711 3867 865 3936 propterea
888 3857 1035 3917 coelorum
1057 3855 1233 3916 architectus
1256 3856 1398 3917 humanas
1425 3861 1545 3935 respicit
1570 3853 1696 3935 regulas,

351 3943 403 4002 sed
426 3946 499 4020 quia
521 3945 596 4006 tales
625 3947 689 4022 ipse
711 3944 828 4021 regulas
859 3963 894 4006 ex
923 3961 955 4004 se
976 3947 1041 4021 ipso
1069 3942 1211 4003 dcenmsit
1238 3943 1367 4004 struc'ndi
1391 3945 1508 4021 mundi,
1542 3955 1697 4024 propterca

353 4031 455 4108 imago
481 4035 573 4108 ipsius
595 4032 795 4092 ratiocinando
818 4047 877 4090 non
900 4031 974 4091 alias
995 4031 1116 4091 invenit

265 4182 268 4187 ,
439 4119 493 4177 Ad
524 4122 743 4180 testimonia
771 4137 833 4198 pro
861 4119 1064 4179 harmoniis
1087 4118 1242 4178 Roberti
1271 4117 1311 4178 dc
1334 4118 1535 4180 Fluctibus.
1581 4119 1643 4179 Etsi
1666 4121 1696 4178 in

349 4204 405 4265 hac
427 4216 578 4285 postrema
607 4208 781 4286 repetitione
810 4206 1015 4285 philosophiae
1038 4214 1125 4281 tuac,
1158 4223 1245 4283 quam
1273 4213 1304 4264 iu
1327 4205 1422 4283 planis
1452 4224 1559 4268 novam
1581 4209 1697 4285 paginis

251 4300 253 4314 '
350 4293 449 4368 iniere,
474 4295 539 4372 plus
565 4295 661 4357 decies
683 4297 792 4354 inserta
813 4297 930 4363 invenio
952 4294 1001 4355 ecl
1017 4311 1123 4354 nomen
1139 4293 1185 4353 vel
1202 4295 1322 4353 crimina
1335 4312 1409 4368 mea,
1431 4295 1461 4354 id
1478 4303 1575 4354 tamen
1591 4311 1697 4355 causae

265 4446 268 4450 ,
349 4397 408 4439 nan
429 4384 538 4460 putari
564 4385 637 4442 satia
660 4400 737 4461 esse,
760 4399 810 4441 eur
831 4382 971 4459 prolixior
992 4399 1087 4442 essem
1110 4384 1141 4441 in
1155 4381 1206 4441 illa
1231 4382 1434 4442 examinanda.
1479 4381 1528 4442 Sic
1542 4383 1618 4442 enim
1633 4384 1697 4442 exi-

349 4471 456 4545 stimo,
483 4471 533 4529 vix
554 4487 732 4547 quemquam
754 4470 911 4544 lectorum,
934 4473 999 4530 sire
1021 4470 1243 4530 mathematicus
1265 4469 1315 4528 ille
1337 4471 1389 4542 sit,
1416 4471 1480 4529 sive
1501 4469 1698 4550 Hermeticus,

347 4556 576 4632 perduraturum
604 4560 634 4615 iu
655 4557 712 4617 hae
733 4555 859 4617 lectione
889 4575 982 4635 usquc
1011 4557 1050 4617 ad
1072 4558 1177 4632 finem,
1205 4559 1305 4634 itaque
1334 4573 1440 4616 nomeu
1462 4573 1559 4616 meum
1589 4560 1619 4615 in
1641 4555 1698 4617 hoe

251 4706 252 4721 ,
349 4643 427 4703 chao
451 4644 539 4704 iaeile
561 4644 762 4720 latitaturum3
786 4644 892 4722 quodsi
915 4647 1003 4705 etiam
1025 4647 1199 4716 inveniatur,
1224 4646 1321 4703 omnia
1344 4651 1440 4702 nmen
1465 4643 1581 4718 obiecta
1604 4642 1698 4705 diluta

346 4741 416 4790 sunt
439 4733 470 4790 in
493 4734 701 4808 superioribus.
747 4731 793 4792 De
822 4741 873 4791 tua
894 4749 965 4792 vcro
989 4731 1176 4810 philosophia
1205 4730 1272 4807 plus
1294 4727 1406 4805 aliquid
1428 4727 1574 4809 delibare,
1608 4750 1697 4809 quam

347 4818 429 4894 quod
454 4820 546 4879 iaciat
567 4819 611 4890 ad,
630 4819 832 4897 explicandum
855 4819 1013 4880 lectoribus
1036 4818 1190 4878 discrimen
1213 4819 1288 4877 inter
1310 4816 1479 4878 harmonica
1501 4823 1552 4878 tua
1575 4828 1604 4881 et
1623 4838 1697 4894 mea,

347 4908 506 4967 eonsilium
528 4907 599 4968 mihi
622 4909 651 4964 in
674 4907 729 4967 hac
751 4909 907 4983 scriptione
929 4923 987 4964 non
1009 4906 1073 4964 fuit.
1120 4905 1157 4963 Ei
1178 4903 1242 4963 linis
1266 4911 1297 4966 tu
1314 4903 1439 4980 quidem,
1463 4921 1522 4964 nou
1549 4907 1613 4969 sine
1629 4906 1697 4969 iclla
1790 4973 1797 4990 1

345 4997 460 5070 gratiis
480 4993 542 5054 Dei
559 4995 779 5071 praeeuntibus
801 5002 955 5068 uoeeptum
976 4995 1089 5070 faena,
1121 4992 1203 5068 quod
1222 4993 1352 5051 sumatis
1373 4995 1517 5054 incitatae
1538 5013 1623 5056 meae
1646 4998 1697 5055 in-

346 5082 453 5140 cidiae
473 5083 600 5160 feliciter
621 5099 699 5158 opus
717 5084 919 5158 pannucea,
944 5097 998 5157 ego
1022 5096 1092 5139 vero
1116 5079 1257 5139 invidiam
1279 5087 1395 5140 strenue
1414 5081 1535 5156 inficior,
1558 5081 1698 5162 adpetiti

251 5166 253 5179 '
345 5167 469 5231 lectoris
488 5168 632 5246 judicium
655 5183 799 5249 provoco,
829 5187 899 5233 uum
921 5186 981 5246 qua
1003 5164 1163 5229 invidenda
1189 5169 1269 5230 bona
1290 5169 1431 5246 reperiat,
1463 5187 1540 5246 quac
1563 5172 1698 5252 imputati

1475 5275 1543 5337 30*
