4467 6192
1062 591 1080 622 1

1092 734 1212 811 109
1967 727 2048 780 De
2084 719 2404 796 Figat-arum
2438 724 2877 781 Harmonicarum

1096 901 1366 971 hexagoni
1411 907 1465 956 et
1493 900 1588 956 FG
1625 900 1894 970 decagoni,
1925 901 2035 956 hoc
2070 905 2168 960 est,
2190 897 2639 954 semidiametrnm
2673 881 2773 954 AG
2815 905 2871 954 et
2905 904 3087 959 sectae
3107 915 3111 919 ·
3131 898 3387 967 majorem
3419 875 3631 967 partem
3664 895 3759 952 AO

1022 1000 1028 1008 ·
1092 981 1268 1035 simul.
1339 981 1489 1035 Haec
1533 977 1916 1035 demonstratio
1961 981 2017 1036 in
2053 980 2279 1035 Euclide
2331 978 2704 1034 difficultatem
2738 976 2903 1033 habet
2937 982 3153 1048 captu83
3201 976 3421 1059 tentabo
3467 974 3762 1056 igiturthic

1093 1058 1576 1195 ΐειιιὼοΑῙἪξ’,ῗεοινιιιίιιίε
1612 1139 1796 1195 lateris
1830 1137 2171 1209 pentagonici
2203 1138 2275 1200 B.
2313 1136 2368 1191 ·D
2407 1136 2678 1201 ducantur
2720 1151 2820 1204 per
2852 1135 2902 1188 A
2938 1141 3180 1191 centrum
3219 1139 3399 1188 rectae
3433 1131 3530 1186 BG
3566 1136 3623 1186 et
3654 1114 3761 1184 DI:

1852 1223 1908 1273 et
1942 1222 2004 1270 ut
2046 1215 2145 1269 DB
2169 1214 2454 1270 ‘subtendit
2497 1212 2579 1282 ἧς,
2637 1213 2714 1269 sic
2747 1215 2990 1286 proxima
3022 1215 3120 1270 DL
3159 1221 3271 1270 tres
3291 1218 3362 1287 ‘et
3392 1210 3496 1265 DK
3533 1216 3764 1280 quatuor

1365 1282 1463 1333 ΠΨ
1494 1279 1558 1323 ¹⁴·
1853 1293 2143 1357 subtendit,
2193 1299 2439 1348 secantes
2472 1291 2568 1348 BG
2604 1295 2660 1359 in
2685 1296 2745 1366 S,
2775 1295 2826 1349 R
2857 1293 3088 1364 punctis.
3157 1291 3332 1363 Igitur·
3348 1291 3475 1347 LDI
3514 1285 3763 1356 angulus,

1433 1375 1490 1440 ·12
1661 1432 1663 1436 ,
1795 1407 1800 1414 -
1855 1371 1912 1426 id
1948 1379 2031 1427 est
2065 1372 2217 1440 SDA‚
2255 1373 2421 1430 habet
2453 1376 2487 1449 ξ
2525 1378 2683 1444 unius
2719 1373 2876 1443 rec'ti,
2920 1372 3046 1445 quia
3078 1369 3153 1424 LI
3188 1372 3341 1444 εει-ξ
3375 1368 3584 1434 circuli,
3622 1365 3764 1419 sicut

1588 1432 1672 1500 5²2³.
1856 1456 1911 1506 et
1934 1451 2047 1518 FH,
2085 1457 2139 1505 et
2173 1467 2299 1507 vero
2335 1456 2646 1523 aequalibus
2684 1453 2916 1510 arcubus
2953 1449 3136 1521 anguli
3163 1448 3239 1504 ad
3280 1443 3763 1504 circumferentiam

1167 1548 1246 1636 m
1375 1521 1582 1688 ἱςζῆ-
1699 1584 1768 1620 ,.÷2:
1857 1522 2113 1661 inffatam
2146 1531 2610 1628 aequales-(Eucl.
2632 1537 2729 1590 ΠΙ.
2767 1534 2853 1590 21.
2890 1532 3061 1622 27.).···
3083 1529 3187 1584 Est
3225 1545 3351 1622 vero
3386 1511 3546 1662 ῘΞΙΙΑΒ,
3574 1524 3640 1580 id
3677 1528 3764 1579 eet

1199 1675 1203 1736 Ι
1317 1616 1592 1804 ’-ἈᾞθἏ·Ι-Ιὲ;
1856 1608 2763 1769 ξπιὸἰεῖᾳέξὲὲἓττξὲἓεεᾳὲξξεειῗξ
2782 1615 3417 1758 Ρῗιῗιίὲιιίῃῗςᾬιιῗιὸἳὲ,
3452 1618 3762 1739 Α’Ῑξὲθξιῗὲι

1347 1781 1363 1816 s
1411 1756 1544 1848 'ja-31³
1672 1760 1754 1816 ’.ι
1857 1765 1892 1836 ξ
1924 1766 2085 1821 unius
2118 1768 2270 1822 recti.
2342 1770 2416 1824 At
2450 1786 2634 1826 omnes
2684 1777 2796 1825 tres
2833 1775 2960 1825 sunt
3000 1769 3077 1841 ἓξ),
3131 1771 3257 1836 er'go
3290 1763 3456 1821 etiam
3509 1762 3758 1818 residuus

1403 1824 1636 1924 ²⁶¹³·f35‘·‘2--OE‘'2
1676 1852 1692 1872 ³
1856 1844 1996 1900 DSA
2032 1853 2117 1900 est
2150 1846 2198 1919 ξ.
2270 1847 2373 1903 Est
2405 1849 2570 1918 igitur
2604 1849 2744 1906 DSA
2780 1847 3022 1917 aequalis
3057 1848 3161 1918 ipsi
3198 1845 3363 1914 DAS,
3415 1842 3559 1897 latus
3593 1842 3760 1910 igitur

1279 1932 1307 1972 F
1339 1924 1360 1944 ·‘
1415 1924 1508 2024 κέ,-
1572 1912 1660 1968 -Ἧ
1841 1923 1951 1978 -DS
1990 1919 2218 1992 aequale
2255 1934 2337 1981 εει
2370 1927 2525 1983 lateri
2550 1931 2652 1984 DA
2689 1926 3096 1984 semidiametro.
3157 1924 3303 1994 Ergo
3338 1939 3439 1993 per·
3468 1921 3622 1995 priua
3657 1933 3757 1987 σὺ,

1604 2060 1609 2066 ,
1758 2028 1769 2063 1
1853 2001 2171 2071 midiametri
2197 2003 2296 2058 DA
2331 2005 2804 2074 proportionaliter
2838 2010 3018 2061 sectae
3052 2002 3179 2093 pars
3214 2002 3388 2071 major
3419 2005 3618 2070 aequat
3651 1995 3757 2068 SA,

1080 2090 1163 2137 εει
1196 2080 1359 2149 igitur
1394 2080 1481 2136 SA
1517 2080 1954 2151 aequalis·lateri
1991 2082 2276 2151 decagoni,
2313 2100 2412 2154 per
2448 2085 2593 2141 dicta
2677 2086 2753 2140 Et
2773 2082 2886 2140 'DA
2923 2089 3007 2140 est
3041 2081 3451 2147 semidiameter‚
3497 2077 3646 2135 latus
3683 2091 3759 2130 se.

1076 2160 1361 2229 hexagoni.
1640 2176 1644 2180 ·
1786 2206 1795 2214 ,
2372 2225 2389 2233 ,
2722 2216 2726 2222 ,
3043 2186 3052 2201 .
3236 2193 3244 2202 ·
3450 2218 3457 2225 ,
3770 2199 3777 2205 .

1248 2238 1401 2307 Dieo,
1440 2236 1583 2293 latus
1606 2239 1899 2308 pentagoni
1922 2238 2020 2292 DB
2046 2240 2208 2314 poss‘e
2229 2246 2512 2309 utramque
2538 2249 2592 2296 et
2609 2237 2701 2296 'SA
2736 2248 2796 2301 ,et
2818 2241 2932 2295 AD.
3002 2240 3262 2294 connexo
3298 2236 3449 2292 enim·
3474 2237 3520 2286 K
3557 2248 3682 2287 cum
3717 2232 3756 2289 S

1077 2325 1133 2373 et
1170 2334 1290 2373 cum
1327 2317 1389 2386 A,
1428 2316 1554 2385 quia
1587 2317 1711 2385 DA,
1750 2318 1851 2371 ΑΚ
1875 2325 2015 2372 ·sunt
2049 2319 2333 2389 aequales,
2372 2328 2427 2374 et
2460 2322 2580 2387 DS,
2619 2321 2710 2376 ΒΚ
2746 2319 2934 2375 iisdem
2969 2316 3253 2386 aequales,
3291 2320 3450 2380 erunt
3483 2318 3539 2368 et
3571 2317 3756 2383 partes

1077 2397 1181 2466 SR,
1217 2396 1316 2451 RA
1351 2395 1637 2467 aequales,
1675 2403 1729 2450 et
1760 2397 1910 2454 DRB
1956 2406 2137 2452 rectus
2176 2392 2277 2453 est.
2347 2399 2495 2469 Ergo
2532 2400 2628 2454 DB
2664 2406 2848 2470 potest
2880 2397 3006 2465 DR,
3061 2391 3174 2451 RB.
3243 2394 3410 2463 Atqui
3441 2391 3545 2447 DR
3578 2394 3756 2447 minus

1074 2483 1258 2548 potest
1292 2491 1452 2544 quam
1489 2477 1589 2531 DA
1625 2472 1927 2544 quantitate
1963 2477 2240 2547 potentiae
2275 2479 2371 2532 RA
2388 2516 2401 2543 ‚
2456 2485 2512 2533 et
2547 2479 2644 2534 BR
2679 2478 2854 2532 minua
2899 2481 3083 2546 potest
3119 2486 3278 2543 quam
3313 2473 3412 2528 BA
3452 2473 3756 2546 quantitate

1075 2562 1132 2610 et
1164 2555 1461 2624 rectanguli
1496 2555 1596 2609 sub
1632 2555 1745 2623 BR,
1783 2556 1882 2610 RA
1917 2556 2028 2625 bis,
2071 2561 2126 2611 et
2161 2557 2436 2625 potentiae
2470 2557 2642 2626 ipsius
2676 2557 2774 2610 ΚΑ
2801 2553 3126 2623 junctorum.
3194 2553 3425 2607 Junctae
3459 2549 3627 2625 igitur
3660 2566 3754 2620 po-

1073 2633 1272 2686 tentiae
1308 2633 1434 2700 DR,
1497 2632 1592 2688 RB
1626 2633 1860 2687 minores
1899 2634 2256 2701 sunt.junctis
2293 2636 2548 2704 potentiis
2583 2634 2707 2705 DA,
2742 2635 2840 2689 AB
2882 2631 3195 2702 rectangulo
3230 2632 3329 2687 sub
3367 2630 3483 2700 BA,
3518 2630 3616 2684 AB·
3651 2627 3753 2695 bia,

1074 2711 1179 2766 ho'c
1218 2719 1301 2767 est
1334 2712 1645 2780 rectangulo
1686 2714 1785 2768 sub
1813 2713 1916 2780 SA,
1955 2713 2051 2768 AB
2090 2712 2271 2767 semel.
2341 2711 2508 2783 Atqui
2543 2712 2651 2768 duo
2687 2712 3002 2785 rectanguia
3036 2717 3135 2768 sub
3171 2710 3274 2780 SA,
3297 2710 3396 2766 AB
3429 2708 3622 2771 etsub
3649 2707 3754 2776 SB,

1072 2791 1169 2846 BA
1208 2791 1546 2846 constituunt
1580 2796 1752 2847 totum
1791 2792 2111 2874 quadratum
2137 2794 2247 2848 BA.
2322 2794 2519 2848 Ablato
2555 2807 2682 2864 ergo
2716 2792 3028 2862 rectangulo
3062 2791 3164 2847 sub
3198 2791 3308 2861 SA,
3346 2790 3459 2858 AB,
3494 2786 3752 2855 relinqui-

1073 2874 1163 2925 tur
1216 2869 1536 2938 quadratum
1580 2870 1751 2941 ipsius
1786 2872 1887 2927 DA
1940 2878 1997 2925 et
2039 2863 2434 2938 rectangulum'
2461 2871 2562 2929 sub
2601 2871 2684 2926 SB
2700 2914 2714 2941 ,
2763 2871 2882 2937 BA,
2927 2873 3225 2941 junctaque
3277 2875 3580 2939 aequantur
3611 2881 3751 2946 qua-

1076 2949 1227 3008 drato
1261 2951 1376 3005 DB.
1450 2949 1583 3005 'Cum
1617 2965 1744 3021 vero
1782 2951 1877 3005 BA
1912 2950 2306 3006 semidiameter
2357 2950 2428 3004 sit
2460 2949 2930 3020 proportionaliter
2961 2956 3113 3005 secta
3160 2950 3218 3004 in
3253 2947 3291 3004 S
3327 2956 3383 3012 et
3415 2961 3543 3019 pars
3578 2947 3754 3015 major

1073 3013 1597 3098 A‘S'2‘rectangulum
1633 3029 1797 3098 igitur
1832 3028 1936 3099 SA,
1971 3031 2068 3084 BA
2104 3037 2189 3084 est
2222 3029 2446 3098 aequale
2482 3029 2746 3098 quadrato
2786 3030 2887 3085 SA.
2959 3030 3105 3099 Ergo
3141 3030 3282 3099 latus
3326 3025 3621 3098 pentagoni
3656 3040 3751 3094 po.

1072 3113 1184 3162 test
1219 3107 1325 3163 duo
1362 3107 1625 3176 quadrata
1660 3108 1761 3161 DA
1794 3113 1853 3161 et
1884 3106 1989 3171 AS,
2024 3108 2251 3164 laterum
2287 3105 2496 3164 scilicet
2529 3109 2799 3178 hexagoni
2833 3114 2889 3183 et
2924 3109 3253 3179 decagoni.⁸)
3394 3104 3398 3117 ’
3709 3114 3719 3126 ’

1244 3186 1402 3256 Quod
1454 3188 1647 3242 attinet
1682 3185 1872 3242 atellae
1922 3188 2309 3256 pentagonicae
2360 3188 2501 3247 latus
2535 3184 2655 3257 BF,
2709 3187 2842 3244 illud
2895 3195 2980 3244 est
3014 3188 3368 3258 compositum
3406 3199 3491 3240 ἐκ
3525 3185 3626 3252 BD
3664 3181 3751 3239 vel

1071 3266 1183 3337 FT,
1219 3266 1389 3322 latere
1421 3266 1732 3338 pentagoni,
1770 3273 1826 3321 et
1860 3281 1928 3323 ex
1962 3265 2071 3334 BT,
2111 3266 2226 3335 ejus
2265 3268 2398 3322 secti
2431 3267 2907 3337 proportionaliter
2945 3265 3099 3338 parte
3132 3266 3346 3336 majori,
3396 3279 3494 3335 per
3525 3263 3669 3319 XIII
3701 3262 3754 3334 8,

1073 3346 1232 3414 quod
1254 3345 1397 3399 idem
1432 3346 1593 3401 etiam
1625 3344 1845 3417 probari
1881 3351 2063 3413 potest
2099 3360 2167 3399 ex
2201 3343 2470 3414 triangulo
2508 3338 2957 3416 quinquangulari
2990 3344 3161 3415 FBH,
3197 3351 3260 3400 nt
3293 3351 3472 3414 supra.

1170 3483 1175 3492 ,
1247 3423 1395 3494 Curn‘
1412 3425 1579 3493 igitur
1612 3424 1757 3480 latus
1790 3420 2089 3493 pentagoni
2115 3424 2291 3492 possit
2323 3423 2801 3491 semidiametrum,
2838 3439 2978 3494 quae
3011 3430 3098 3480 est
3135 3414 3360 3480 effabilis
3395 3422 3754 3492 longitudine,

1071 3510 1126 3556 et
1160 3502 1281 3570 ejus
1314 3509 1496 3557 sectae
1532 3503 2003 3574 proportionaliter
2038 3495 2247 3572 partem
2282 3503 2572 3572 majorem,
2620 3503 2771 3560 utin
2806 3502 3076 3561 schemate
3111 3499 3406 3572 praemisso
3442 3500 3756 3557 semicircu-

1072 3572 1173 3635 lari
1201 3580 1279 3651 (8)
1299 3581 1395 3636 PG
1428 3586 1609 3650 potest
1631 3581 1725 3635 PA
1758 3589 1817 3636 et
1837 3580 1950 3650 AG,
1989 3589 2046 3636 et
2078 3588 2139 3636 ut
2161 3582 2256 3636 PA
2276 3589 2376 3637 ,εει
2410 3583 2491 3651 ad,
2513 3581 2639 3646 AG,·
2663 3581 2741 3638 sic
2774 3583 2845 3638 sit
2876 3581 2971 3637 PG
3003 3580 3147 3636 latus
3181 3580 3469 3650 pentagoni
3501 3580 3572 3634 ad
3606 3579 3758 3635 latus

1072 3675 1204 3715 suae
1239 3658 1450 3734 stellae,
1505 3659 1577 3713 sit
1610 3673 1736 3725 vero
1776 3666 1836 3714 ut
1868 3659 1961 3713 PA
1995 3659 2065 3713 ad
2100 3659 2223 3729 AG,
2268 3661 2346 3715 sic
2378 3660 2474 3716 PG
2508 3661 2578 3716 ad
2614 3661 2738 3716 GX:
2786 3675 2914 3730 ergo
2951 3661 3058 3716 GX
3083 3665 3168 3714 est
3203 3657 3339 3713 illud
3368 3658 3518 3719 latus
3553 3657 3756 3714 stellae

976 3754 986 3762 ’
1070 3745 1358 3808 potestque
1393 3745 1449 3794 et
1487 3737 1583 3793 GA
1621 3737 2073 3812 semidiametrum
2108 3738 2296 3795 circuli
2317 3740 2476 3805 ,circa
2509 3739 2733 3808 figuram
2770 3737 3131 3807 deeangulam
3169 3744 3228 3796 et
3254 3737 3358 3793 AX
3395 3736 3755 3806 composituri

1074 3833 1143 3872 ex
1177 3816 1273 3873 PA
1308 3824 1363 3873 et
1397 3816 1511 3872 AG.
1587 3817 1766 3885 Quare
1789 3833 1899 3887 ·per
1933 3817 2006 3870 ibi
2042 3817 2410 3877 demonstrata
2445 3818 2544 3873 GX
2581 3827 2664 3876 εει
2700 3819 2887 3889 minin,
2930 3817 3022 3872 GP
3057 3817 3290 3873 elasson.
3363 3814 3618 3886 Singulae
3653 3816 3755 3885 igl-

1069 3901 1160 3950 tur
1195 3902 1322 3951 sunt
1354 3895 1411 3950 in
1448 3901 1637 3950 octavo
1675 3895 1845 3963 gradu
1873 3896 2139 3951 scientiae
2174 3895 2398 3965 ejusque
2435 3898 2669 3954 secundo
2709 3897 2908 3959 ordine.
2983 3897 3122 3965 Quia
3156 3911 3281 3954 veto
3316 3896 3535 3964 junctae
3569 3895 3755 3951 lineae

1070 3970 1180 4038 PG,
1217 3973 1315 4026 GX
1349 3972 1555 4027 faciunt
1589 3973 1972 4049 quadratorum*
2006 3989 2265 4029 summam
2302 3973 2587 4043 effabilem,
2623 3992 2696 4032 sc.
2735 3975 3013 4044 aequalem
3045 3974 3304 4043 quadrato
3329 3974 3442 4040 PX,
3478 3974 3755 4044 quod‘est

1067 4052 1236 4121 ipsius
1264 4053 1358 4106 GA
1396 4051 1630 4126 effabilis·
1659 4053 1908 4120 quadrati
1942 4053 2302 4122 quintuplum,
2339 4055 2667 4123 eaedemque
2693 4055 2802 4125 PG,
2841 4054 2942 4110 GX
2974 4054 3344 4124 rectangulum
3379 4054 3617 4108 formant
3636 4069 3753 4109 rne-

1068 4138 1197 4185 son:
1231 4130 1336 4186 hoc
1370 4128 1592 4186 nomine
1612 4122 1980 4198 junctae-PG,
2017 4133 2117 4187 GX
2147 4139 2281 4195 ,sunt
2313 4132 2369 4188 in
2404 4135 2574 4202 gradu
2609 4135 2870 4190 scientiae
2901 4141 3077 4206 sexto,
3113 4133 3181 4188 de
3216 4140 3432 4202 quojssst
3472 4134 3552 4189 18.
3588 4148 3752 4203 prae·

1066 4209 1243 4264 missa.
1310 4209 1561 4276 ‘Denique
1606 4206 1733 4277 q'uia
1766 4208 1930 4265 latus.
1944 4212 2235 4279 pentagoni
2291 4219 2345 4266 et
2380 4211 2523 4268 latus
2578 4214 2767 4270 stellae
2808 4221 2942 4270 sunt
2980 4219 3043 4269 nt
3077 4213 3330 4268 sectionis
3367 4212 3577 4267 divinae
3609 4224 3750 4285 pata

1066 4289 1238 4357 maj0r
1272 4286 1329 4342 'et
1362 4294 1506 4351 tota,
1556 4287 1678 4341 ideo
1706 4293 1842 4342 ‘sunt
1876 4288 2038 4343 etiam
2086 4290 2144 4343 in
2173 4289 2347 4357 gradu
2384 4290 2638 4348 scientiae
2675 4299 2897 4363 quarto,
2944 4294 3168 4362 junctae
3215 4293 3441 4347 invicem
3472 4291 3624 4367 (vide
3660 4292 3751 4346 29.

1064 4367 1272 4435 hujus).
1347 4367 1705 4441 Consequitur
1758 4373 1937 4421 autem
1972 4367 2071 4422 has
2103 4368 2491 4438 proprietates,
2546 4377 2609 4425 ut
2659 4372 2809 4426 sicut·
2841 4371 3135 4441 pentagoni
3183 4371 3324 4426 latus
3376 4379 3463 4426 est
3511 4369 3752 4434 classen,

1065 4442 1258 4501 atellae
1290 4444 1484 4513 mizon,
1521 4445 1600 4500 sic
1634 4444 1798 4499 etiam
1832 4447 2130 4516 composita
2165 4462 2234 4501 ex
2270 4453 2500 4516 utroque
2531 4449 2608 4506 'sit
2641 4452 2836 4505 iterum
2862 4450 3067 4519 mizon„
3092 4457 3149 4504 et
3178 4435 3322 4504 latus
3345 4448 3642 4518 pentagoni
3676 4447 3754 4504 sit

1065 4523 1227 4592 huius
1252 4523 1597 4594 compositae,
1635 4530 1696 4578 ut
1730 4524 1970 4595 mizonis‚
2007 4525 2330 4598 elementum
2363 4528 2556 4594 minus,
2587 4529 2733 4584 latus
2770 4545 2896 4593 vero
2920 4529 3118 4600 stellae-
3147 4528 3219 4583 sit
3251 4525 3398 4582 iliius
3423 4525 3750 4594 elementum

1066 4603 1268 4682 majus,
1302 4608 1360 4657 et
1392 4604 1454 4658 u't
1490 4604 1651 4668 etiam
1686 4601 1988 4677 differentia
2020 4606 2166 4665 inter
2208 4614 2494 4676 utrumque
2530 4608 2675 4665 latus
2710 4611 2783 4677 sit
2818 4607 3002 4680 aliqua
3024 4607 3256 4676 elaeon,
3292 4606 3499 4662 scilicet
3521 4605 3621 4674 DQ
3659 4603 3751 4660 vel

1068 4678 1188 4747 QF,
1224 4695 1324 4747 per
1360 4681 1583 4737 eandem
1619 4682 1709 4738 29:
1742 4683 1925 4753 huius.
2910 4705 2919 4716 ·
3116 4693 3124 4704 '
3676 4714 3687 4727 ·

1234 4769 1461 4830 XLIII.
1509 4773 1981 4850 Propositio.
2069 4768 2260 4837 Plana
2324 4776 2606 4854 decagoni
2665 4780 2724 4837 et
2773 4780 3090 4856 pentagoni
3145 4765 3361 4837 cadunt
3395 4776 3476 4833 -in
3529 4773 3676 4852 grad

1067 4858 1346 4917 scientiae
1390 4862 1759 4935 remotiores,
1818 4870 1892 4921 ut.
1943 4871 2002 4924 et
2043 4863 2198 4925 latus
2243 4866 2529 4941 icosigoni
2573 4871 2632 4924 et
2674 4864 2902 4942 reliqua
2945 4866 3119 4941 hujus
3164 4863 3367 4924 classis
3409 4863 3745 4938 figurarum.

1234 4940 1373 4995 Nam
1407 4938 1549 5003 latus
1584 4946 1875 5012 pentagoni
1898 4945 1997 5000 FH
2032 4947 2149 5018 (fig.
2187 4948 2281 5018 13)
2319 4945 2538 5004 ductum
2573 4947 2629 5001 in
2647 4948 2741 5001 AN
2774 4948 2904 5003 facit
2923 4947 3145 5016 duplum
3167 4945 3349 5013 ῈᾺΗ,ι
3371 4945 3592 5013 quintae
3615 4958 3740 5013 par·

1062 5017 1133 5072 tia
1168 5033 1326 5073 areae
1362 5020 1761 5085 pentagonicae.
1834 5023 1936 5077 Est
1974 5041 2099 5080 vero
2134 5023 2235 5080 m
2274 5024 2513 5091 elasson,
2570 5032 2626 5081 et
2660 5024 2767 5080 AN
2812 5033 2898 5080 est
2932 5024 3086 5093 talis,
3137 5031 3276 5093 quae
3311 5031 3494 5094 potest
3527 5020 3748 5077 effabile

1063 5097 1176 5167 AF,
1211 5097 1528 5152 diminutum
1563 5099 1806 5164 potentia
1839 5100 2101 5157 elassonis
2136 5104 2251 5160 FN.
2325 5104 2382 5159 Si
2416 5097 2612 5170 autem,
2650 5104 2794 5175 quod
2832 5109 2918 5158 eat
2953 5104 3022 5157 ab
3059 5101 3319 5175 elasaone,
3362 5101 3643 5157 auferatur
3676 5099 3747 5154 ab

1064 5189 1154 5244 eo,
1209 5175 1355 5243 quod
1390 5182 1476 5230 est
1510 5172 1577 5228 ab
1613 5174 1831 5245 effabili,
1882 5179 2205 5248 relinquitur
2239 5196 2381 5236 nova
2413 5182 2625 5253 species
2662 5181 2867 5252 lineae,
2924 5193 3062 5248 quae
3097 5185 3280 5251 potest
3307 5178 3420 5233 tale
3448 5178 3742 5246 residuum.
