4467 6192
769 622 948 679 Harmoniois.
983 622 1065 679 Liber
1081 623 1130 679 ΠΙ,
1150 623 1237 693 caput
1254 623 1309 677 XV.
1647 626 1708 687 lto

376 808 404 856 ct
424 806 524 858 sextae
554 803 620 859 cuirr
642 802 749 876 priaaa,
780 804 830 879 qui
854 798 924 863 re‘ro
945 818 981 861 ex
1005 800 1084 861 Fet
1105 820 1130 875 e,
1162 804 1359 863 consonantiis
1387 808 1509 865 utuntur
1529 800 1709 878 adulterinis,

370 886 441 943 inira
462 894 568 960 quarta
590 889 693 963 majori
715 908 739 961 c,
762 910 783 949 n
806 900 834 949 et
854 891 877 966 f,
900 890 988 949 labet
1010 891 1113 964 quinta
1135 890 1237 963 majori
1260 908 1284 962 a,
1309 890 1343 964 iri)
1366 898 1395 949 et
1415 892 1439 968 f,
1462 908 1501 949 ce.

452 971 532 1047 Quid
553 975 643 1051 igitur
670 994 737 1037 cum
758 977 877 1054 reliquis
901 977 1000 1037 decem
1030 977 1198 1053 speciebus,
1229 978 1359 1052 inquies,
1387 994 1451 1037 eum
1475 994 1574 1037 omnes
1608 977 1709 1035 usitati

370 1061 427 1117 teni
450 1061 620 1137 redigantur
642 1062 679 1121 ad
701 1064 854 1139 quatuor?
898 1066 1040 1123 Nimirum
1062 1063 1099 1122 ad
1121 1063 1177 1123 hoe
1199 1067 1346 1137 serviunt,
1373 1073 1406 1124 ut
1427 1068 1521 1125 sciant
1543 1066 1662 1135 musici,
1685 1065 1709 1121 si

370 1154 528 1222 systemata
548 1151 716 1229 principalis
740 1161 865 1213 octavae
886 1170 922 1213 cr
947 1150 973 1210 G
996 1152 1163 1231 descriptae
1180 1158 1388 1227 temperemus,
1418 1159 1450 1211 nt
1472 1160 1576 1211 natura
1598 1150 1709 1222 suadet,

371 1243 435 1292 tunc
456 1253 644 1313 nequaqnam
671 1241 713 1299 ita
734 1241 821 1301 facile
853 1252 882 1299 et
904 1241 984 1298 varie
1015 1242 1165 1315 transponi
1199 1256 1286 1314 posse
1318 1248 1434 1297 cautum
1463 1242 1525 1299 sure
1549 1240 1709 1297 mutatione

370 1322 543 1384 sinceritatis
565 1343 645 1399 suae,
668 1335 701 1386 nt
722 1330 778 1404 ipsi
800 1328 910 1388 habcm
931 1329 960 1385 in
984 1343 1048 1385 usu.
1094 1326 1232 1385 Liberum
1255 1328 1341 1401 igitur
1363 1327 1420 1385 illis
1443 1336 1494 1399 est,
1520 1326 1568 1385 vel
1589 1326 1709 1400 rejicere

370 1426 468 1470 omnes
496 1412 629 1471 residuas
654 1416 692 1471 10
722 1425 840 1475 etcum
871 1417 907 1472 iis
928 1415 1017 1474 stiam
1039 1416 1280 1490 transpositiones
1304 1430 1391 1487 suas,
1423 1413 1471 1473 vel
1500 1413 1599 1486 lateri,
1630 1412 1709 1487 quod

371 1496 465 1571 plures
486 1499 597 1561 termae
619 1502 819 1576 melodiarum,
842 1501 937 1578 plures
959 1519 1063 1579 nempe
1084 1500 1165 1561 modi
1195 1501 1242 1561 vel
1266 1503 1328 1559 toni
1349 1503 1462 1578 possint
1485 1503 1607 1561 existere
1630 1504 1709 1577 iique

371 1582 535 1647 onerantes
557 1589 595 1647 ab
618 1588 663 1647 his
686 1592 799 1666 positis,
822 1590 872 1649 alii
893 1592 998 1665 magis,
1020 1588 1071 1648 alii
1092 1591 1196 1661 mincis,
1219 1594 1305 1665 prout
1320 1587 1562 1666 aequipollentias
1584 1586 1622 1646 ad
1647 1587 1710 1647 eal-

370 1687 428 1729 cem
456 1691 546 1752 supra
575 1674 657 1735 vides
686 1685 850 1737 annotatas.
895 1677 970 1736 Nam
1004 1679 1029 1735 si
1062 1679 1242 1753 superiorum
1277 1678 1362 1735 unius
1386 1684 1508 1737 octavae
1537 1674 1709 1735 intervallo

372 1775 430 1818 rum
451 1765 596 1823 rationem
625 1763 767 1826 habemus
796 1764 921 1838 nullam,
953 1763 1058 1825 dantur
1087 1781 1159 1823 sane
1185 1766 1424 1881 transpositiones
1446 1764 1559 1840 aliquot
1586 1782 1604 1823 a
1629 1759 1686 1821 Θ·
1678 1780 1707 1819 ιιι

371 1849 795 1913 cmmdmdmmm.

454 1936 587 2011 Quaeras
609 1938 722 2018 ultimo,
744 1924 813 2015 quid
838 1936 976 2016 impediat
997 1936 1063 1997 illas
1084 1940 1338 2015 transpositiones,
1361 1938 1447 1998 toties
1466 1937 1529 2013 jam
1552 1954 1570 1995 a
1591 1953 1637 1995 me
1661 1953 1708 1995 re-

368 2020 480 2096 jectas?
526 2024 669 2085 Videntur
698 2031 774 2087 enim
795 2043 881 2085 aures
901 2025 968 2084 illas
989 2042 1048 2085 non
1071 2025 1226 2102 impedire,
1254 2042 1319 2085 eum
1341 2028 1371 2085 in
1394 2026 1526 2085 confesso
1549 2026 1606 2093 sit,
1627 2034 1711 2091 man-³

371 2113 453 2171 natis
477 2130 628 2173 excessum
651 2116 680 2171 in
702 2114 877 2185 intervallis,
907 2126 983 2188 quae
998 2111 1151 2187 disjuncta
1173 2121 1240 2172 sunt
1261 2112 1333 2173 locis
1356 2114 1538 2190 systematis,
1568 2111 1606 2169 ab
1628 2112 1710 2171 auri*

372 2197 421 2255 bus
443 2217 504 2259 non
528 2199 689 2277 dijudicari.
734 2203 804 2261 Esto
826 2202 1055 2277 enimsystema
1077 2202 1295 2277 quamoptime
1318 2208 1432 2261 tensum
1461 2200 1500 2259 ad
1522 2206 1643 2259 naturae
1664 2196 1709 2257 le-

373 2286 421 2359 'ges
442 2287 587 2347 hactenus
603 2289 774 2367 explicatas,
795 2291 947 2365 pulsentur
971 2285 1008 2365 G,
1030 2307 1050 2347 n
1072 2295 1102 2345 et
1123 2307 1161 2365 a,
1188 2290 1203 2363 t)
1226 2296 1421 2364 rogenturque
1444 2304 1544 2350 omnes
1566 2286 1708 2359 homines,

373 2383 519 2451 quotquot
539 2376 674 2447 audiunt,
707 2385 803 2435 utrum
824 2375 1043 2435 intervallorum
1063 2374 1176 2433 horum
1199 2376 1238 2433 sit
1259 2376 1377 2451 majus?
1407 2377 1518 2435 nescire
1548 2390 1580 2433 se
1603 2373 1708 2443 dicent,

373 2480 422 2521 nec
444 2463 728 2540 prius-discernent,
758 2480 847 2539 qnam
870 2464 1026 2538 coniuncta
1046 2462 1152 2521 luerint
1173 2463 1327 2524 intervalla
1354 2463 1425 2522 loeo¹
1442 2461 1546 2522 eodem
1577 2468 1708 2532 octavas,

373 2548 424 2609 hoc
447 2558 510 2621 est,
544 2551 593 2609 ubi
615 2553 711 2627 spatio
740 2551 865 2611 chordae
896 2568 947 2627 per
970 2551 1107 2609 circinum
1138 2548 1290 2627 dispuncto
1322 2568 1387 2626 pars
1412 2551 1592 2626 octogesima
1618 2549 1710 2625 prima

372 2637 497 2697 chordae
521 2640 739 2715 intersepiatur,
770 2640 863 2699 etsie
891 2637 966 2698 duae
993 2636 1192 2708 longitudines
1216 2639 1257 2700 80
1280 2645 1315 2697 et.
1332 2639 1368 2699 81
1397 2638 1532 2714 pulsatas
1554 2637 1709 2701 momentis

372 2727 509 2804 proximis
530 2728 604 2785 inter
625 2743 657 2785 ss
680 2727 785 2784 inerim
806 2734 1018 2801 comparatae,
1043 2722 1228 2801 Respondeo,
1252 2726 1306 2785 etsi
1328 2724 1447 2783 auditus
1477 2740 1535 2783 noo
1557 2723 1710 2799 distinguit

371 2811 493 2887 pulsatis
515 2812 607 2871 tribus
628 2812 701 2873 solis
722 2813 837 2873 clrordis
860 2820 981 2872 octavae
1004 2807 1143 2892 (duorum
1166 2811 1383 2871 intervallorum
1405 2806 1565 2892 terminis),
1589 2817 1620 2868 at
1641 2809 1709 2887 pul-

371 2900 437 2957 satis
459 2900 598 2958 omnibus
619 2902 706 2958 unius
729 2908 851 2959 octavae
873 2900 996 2963 chordis,
1020 2900 1062 2957 sic
1083 2899 1200 2957 tandem
1223 2898 1376 2974 distinguit
1398 2894 1577 2959 octavamG
1599 2899 1726 2974 primo-¹

370 2990 497 3062 acrium
520 2994 551 3047 et
570 2987 733 3047 naturalem
761 2990 800 3047 ab
822 2990 934 3048 octavis
964 2986 1086 3047 aliarum
1109 2986 1244 3046 clavium.
1290 2986 1391 3045 Insunt
1414 2987 1491 3046 snim
1522 2989 1553 3043 in
1575 2984 1709 3045 omnibus

372 3082 490 3135 octavae
512 3075 667 3151 medabus
688 3073 790 3135 cadem
812 3074 967 3135 intervalla
988 3076 1130 3133 concinna
1145 3081 1264 3151 septem,
1289 3091 1365 3149 quac
1385 3073 1475 3133 semel
1490 3088 1626 3148 expressa
1640 3070 1709 3147 pnl-

370 3165 478 3223 aatione
502 3161 675 3222 chordarum
695 3165 798 3223 statim
816 3164 937 3221 haerent
958 3164 987 3219 in
1009 3164 1163 3221 memoria·
1179 3161 1218 3220 de·
1236 3164 1413 3239 propinqum
1444 3168 1477 3219 ut
1500 3161 1585 3219 facilc
1608 3165 1709 3237 pateat

371 3248 488 3323 auditui,
512 3266 572 3323 qun
593 3248 658 3309 loeo
681 3258 805 3310 octavae
828 3250 968 3309 naturalis
990 3248 1114 3323 quilibet
1137 3258 1222 3307 tonus
1250 3250 1379 3325 incipiat,
1423 3246 1489 3307 Hoc
1516 3254 1611 3325 paeto.
1626 3263 1707 3307 com·

370 3340 450 3397 matis
471 3354 579 3397 sensns
599 3339 653 3397 erit
675 3338 833 3414 implicitus
863 3336 1101 3405 indistinctione
1133 3344 1311 3396 octavarum.
1357 3334 1608 3411 Quemadmodum
1631 3336 1708 3393 enim

371 3423 482 3484 auditus
508 3427 713 3483 consonantias
737 3427 826 3501 psas.
838 3432 867 3483 et
889 3427 1031 3484 concinna
1046 3426 1143 3482 omnia
1160 3418 1314 3483 intervalla
1328 3424 1433 3502 probat
1447 3423 1484 3482 ab
1500 3423 1611 3493 effectu,
1640 3420 1709 3480 licet

370 3528 422 3569 non
443 3520 579 3571 numeret
599 3511 796 3587 longitudines
817 3512 999 3580 chordarum,
1023 3528 1099 3587 quae
1122 3529 1239 3571 eausam
1264 3514 1403 3589 praebent
1430 3510 1707 3582 concordantiarum,

370 3601 408 3658 sic
427 3598 508 3659 idem
529 3598 646 3659 auditus
669 3598 794 3659 advertit
816 3603 903 3659 etiam
926 3600 1060 3659 affectum
1082 3602 1234 3659 commatis
1257 3596 1346 3681 Ἃ,
1370 3600 1424 3659 etsi
1447 3597 1477 3657 id
1499 3614 1564 3657 nors
1578 3604 1709 3657 numeret

372 3684 503 3763 adeoque
524 3686 710 3763 nec-actuali
732 3686 857 3747 dismeta
878 3689 1023 3747 sensions
1038 3688 1135 3763 capiat
1159 3688 1288 3747 seorsim.

914 3918 1054 3990 CAPUT
1080 3916 1147 3989 XV.

572 4064 634 4129 Qui
660 4064 749 4117 modi
775 4064 828 4118 vel
854 4065 930 4120 toni
959 4064 1085 4133 quibus
1111 4062 1275 4118 serviant
1301 4062 1495 4120 affectibus,

449 4208 601 4268 Hactenus
624 4207 659 4267 de
681 4211 837 4285 principiis,
863 4227 898 4269 ex
921 4210 1027 4284 quibus
1050 4211 1111 4269 toni
1135 4215 1268 4268 conatam
1293 4217 1321 4269 ct
1345 4216 1446 4269 contra
1467 4227 1499 4269 se
1521 4209 1708 4285 distinguun-

373 4302 429 4367 tnr;
448 4296 511 4371 Jam
535 4313 629 4372 pauca
651 4294 747 4357 dicam
770 4296 805 4357 de
829 4297 950 4368 effectu,
974 4305 1171 4356 consentanea
1192 4296 1310 4371 quidem
1333 4300 1406 4357 meis
1428 4297 1584 4373 principiis.

450 4382 582 4442 Primum
604 4382 805 4443 admonendus
827 4392 872 4443 est
892 4384 992 4454 lector,
1015 4401 1074 4442 non
1095 4384 1143 4443 hic
1166 4386 1215 4459 agi
1238 4383 1274 4443 de
1297 4384 1521 4461 dispositionum
1540 4385 1627 4441 animi
1651 4381 1708 4439 dil·

374 4462 504 4540 lerenti'a,
539 4488 616 4545 quae
640 4470 781 4543 alliciunt,
813 4481 847 4528 nt
877 4470 963 4532 homo
985 4474 1083 4549 potius
1112 4477 1212 4543 canat,
1244 4488 1331 4546 quam
1355 4478 1387 4529 ut
1416 4472 1545 4529 oratione
1568 4468 1656 4546 plana
1679 4477 1708 4527 et
1801 4534 1805 4542 ¹

371 4555 468 4616 sedata
497 4562 613 4630 utatur,
641 4574 736 4633 neque
765 4558 803 4616 de
824 4560 875 4632 iis,
906 4577 983 4634 quae
1005 4559 1073 4619 lsinc
1096 4566 1230 4631 cantum,
1261 4558 1328 4617 inde
1358 4556 1519 4633 simplicem
1547 4557 1707 4615 orationem

372 4652 582 4719 consequuntur
605 4647 633 4701 in
657 4645 797 4705 auditore.
842 4634 917 4705 Nam
939 4656 973 4704 ut
996 4646 1244 4706 alacriusianimi
1268 4654 1328 4715 est,
1354 4662 1428 4719 quae
1452 4660 1566 4704 omnem
1590 4646 1707 4703 omnino

372 4739 480 4791 ustum
507 4734 537 4789 in
565 4740 692 4791 canente
713 4731 860 4809 praecedit
889 4737 975 4809 eique
998 4734 1088 4793 veluti
1112 4733 1202 4791 dictat
1228 4730 1400 4803 melodiam,
1433 4732 1476 4789 sic
1504 4734 1593 4791 etiam
1623 4748 1730 4793 omne

371 4836 455 4892 genus
484 4821 651 4878 cantionum
679 4822 883 4879 concinnatum
912 4822 1047 4898 voluptas
1078 4819 1258 4879 audientium
1290 4819 1484 4893 consequitur.
1535 4816 1707 4893 Separanda

373 4917 411 4964 cst
429 4908 515 4967 nobis
535 4906 611 4968 baec
631 4908 773 4983 generalis
795 4908 946 4985 dispositio
968 4909 1066 4981 animi,
1090 4923 1142 4965 seu
1165 4908 1263 4982 potius
1285 4906 1353 4965 loco
1369 4908 1508 4967 materias
1523 4904 1707 4983 subjicienda

373 4992 415 5051 illi
429 4995 584 5054 atiectnum
606 4994 785 5067 diversitati,
808 5013 895 5070 qnam
917 4995 964 5054 hic
987 4997 1163 5071 quaerimus

450 5081 524 5141 Cum
551 5088 651 5143 autem
678 5098 779 5143 omnes
806 5091 904 5159 partes
934 5090 1035 5143 cantus
1058 5082 1189 5143 concinni
1218 5089 1248 5141 et
1269 5080 1411 5144 naturalis
1440 5088 1624 5157 comparatae
1647 5082 1706 5140 sint
