4467 6192
738 719 917 775 Harmonicia.
952 718 1100 775 hiberni.
1121 719 1209 788 Caput
1225 718 1269 774 lX.
1622 722 1682 782 165

341 919 391 962 oon
412 899 581 961 discernunt
603 919 668 961 eam
691 917 778 960 sures
799 899 950 968 666667,
976 899 1057 975 justa
1078 897 1262 976 longitudine
1284 899 1374 976 partis
1397 883 1465 958 6666
1489 901 1684 978 consonantis,

340 988 527 1053 6666166666
549 989 629 1048 111166
653 989 758 1048 sustu
782 1003 840 1045 nou
863 993 908 1045 est
930 985 1084 1045 dimidium
1113 991 1207 1065 ipsius
1231 985 1348 1046 67015.
1394 985 1487 1047 Aliter
1510 1003 1579 1064 ergo
1611 1005 1682 1046 ooo-

339 1077 443 1138 sonabit
464 1076 587 1154 duplum
614 1075 842 1147 6116666960,
877 1073 962 1134 aliter
985 1076 1050 1152 ipsa
1073 1076 1194 1148 storo,
1228 1089 1294 1132 cum
1317 1075 1391 1134 inter
1413 1091 1445 1134 se
1478 1074 1602 1134 collatae
1626 1074 1682 1136 bue

340 1163 451 1224 elsordse
481 1164 632 1224 diversum
661 1179 765 1223 sonum
792 1163 912 1222 iaciant.
957 1159 1044 1236 Quod
1075 1164 1164 1238 igitur
1194 1165 1222 1220 in
1246 1162 1398 1221 harmonia
1421 1174 1487 1220 'non
1516 1162 1682 1223 discernunt

341 1253 512 1326 116666666,
535 1251 569 1328 fit
590 1252 674 1327 ideo,
698 1253 770 1326 quia
790 1248 919 1308 inedium
940 1265 1091 1309 numerum
1114 1250 1254 1328 probant,
1281 1251 1307 1308 61
1328 1267 1431 1309 666666
1456 1251 1568 1310 6611666
1591 1268 1682 1311 6666-

341 1339 670 1414 manducassset,
702 1345 738 1398 ut
763 1336 827 1414 ejus
857 1331 1102 1416 complementum
1132 1340 1171 1397 sit
1195 1338 1317 1409 33333,
1353 1336 1503 1396 61616166
1534 1355 1573 1397 66.
1603 1338 1682 1398 111166

341 1433 438 1487 666616.
852 1441 856 1450 ’
1454 1435 1456 1438 ’

413 1512 551 1574 Stabilito
571 1512 634 1588 jam
655 1529 760 1573 seusus
782 1515 916 1572 acumine
938 1513 967 1569 in
990 1510 1200 1587 dijudicatione
1224 1510 1432 1570 6666661669
1457 1511 1529 1571 663
1552 1513 1681 1590 itemque

342 1601 409 1660 166
431 1604 462 1674 3,
485 1601 618 1676 sequitur
640 1607 672 1660 ut
694 1599 827 1660 similiter
849 1601 939 1659 otiam
962 1598 997 1658 de
1022 1602 1040 1656 2
1065 1605 1094 1657 et
1117 1601 1136 1658 3
1161 1615 1226 1658 curn
1252 1598 1269 1656 b
1289 1598 1464 1674 judicemus,
1490 1599 1585 1677 deque
1611 1603 1625 1658 1
1653 1610 1682 1660 et

341 1691 356 1747 3
375 1706 437 1748 cnm
459 1691 490 1747 4.
533 1688 611 1747 lium
632 1690 661 1746 61
684 1689 790 1748 69765
814 1694 1077 1747 consonaret-cum
1102 1686 1238 1760 100000,
1262 1693 1351 1763 atque
1373 1689 1416 1746 sic
1431 1689 1517 1758 etiem
1533 1686 1682 1748 residuum

341 1777 443 1850 tosto,
467 1783 544 1836 uerte
566 1775 625 1836 hoc
645 1792 704 1835 nun
726 1783 771 1836 cst
794 1776 847 1835 bes
870 1775 906 1834 de
928 1774 988 1846 ilio,
1014 1791 1080 1834 cum
1102 1784 1199 1833 tamen
1223 1773 1317 1832 bessis
1341 1778 1533 1834 consonantia
1554 1775 1681 1852 perfecta
1781 1781 1787 1790 '

338 1863 486 1938 justificata
504 1862 568 1938 jam
588 1866 637 1932 sit,
659 1880 701 1922 66.
727 1864 833 1922 60000
856 1879 923 1922 cum
945 1863 1062 1921 40000.
1108 1861 1175 1922 1166
1198 1869 1284 1938 pacto
1307 1861 1485 1921 transfertur
1501 1862 1631 1934 auditus,
1655 1865 1681 1922 si

339 1954 440 2012 6661666
462 1959 593 2023 acuatur,
616 1953 654 2010 ob
678 1969 738 2010 una
759 1951 888 2010 sections
912 1949 950 2008 ad
973 1949 1078 2024 aliam,
1101 1951 1244 2026 incipiens
1267 1950 1305 2007 ab
1327 1951 1462 2020 unisone,
1488 1941 1571 2026 cuijus
1595 1952 1681 2026 agni-

340 2041 373 2096 tio
392 2047 423 2098 et
443 2031 615 2114 dijudicatio
637 2046 684 2098 est
704 2038 860 2108 facillima,
889 2055 983 2114 usque
1013 2030 1083 2095 dum
1105 2053 1206 2096 omues
1235 2036 1395 2114 pervadat,
1424 2031 1550 2115 probans
1573 2045 1680 2114 partes,

340 2143 404 2201 qous
426 2128 481 2186 mei
503 2127 616 2184 numeri
639 2127 774 2202 signent,
797 2125 954 2203 repudians
976 2124 1163 2186 mechanicas
1185 2125 1269 2202 primi
1294 2123 1411 2183 ordinis.

416 2212 490 2272 Vide
512 2215 729 2288 argutissimum
757 2212 846 2273 aliam
874 2213 961 2289 hujus
984 2215 1099 2289 generis
1122 2213 1417 2288 contemperationem
1446 2211 1525 2290 apud
1548 2209 1679 2272 Vincen-

340 2302 400 2358 tium
424 2299 598 2373 Galilaeum,
620 2319 681 2361 non
702 2303 867 2377 ignorantia
889 2299 1137 2360 demonstratione
1160 2315 1297 2359 sonorum
1314 2302 1494 2376 quantitatis,
1518 2299 1569 2358 sed
1584 2299 1680 2358 studio

339 2388 466 2464 singulari
487 2389 612 2463 iectam3
642 2397 732 2464 atque
754 2405 810 2465 ego
833 2388 951 2464 quidem
973 2404 1059 2447 usum
1087 2389 1152 2464 ejus
1175 2387 1376 2447 mechanicum
1403 2404 1546 2463 agnosco,
1559 2396 1562 2404 '
1575 2394 1608 2446 ut
1630 2405 1679 2447 or-

339 2478 414 2548 ganis
436 2474 537 2536 eadem
559 2493 634 2553 pene
656 2477 792 2536 libertate
816 2476 1005 2548 intensionis,
1035 2491 1112 2550 quae
1136 2481 1181 2535 est
1208 2477 1238 2550 in
1261 2475 1391 2534 humana
1413 2492 1502 2548 roco,
1535 2476 1680 2550 possimus

339 2564 385 2635 uti,
407 2562 446 2622 66
467 2563 697 2639 speculationem
720 2581 806 2637 vero,
836 2566 895 2623 imo
925 2563 964 2624 ad
986 2569 1120 2621 naturam
1149 2569 1253 2628 centus
1276 2562 1503 2638 dignoscendam
1535 2565 1682 2640 pernicio-

340 2668 393 2708 sam
419 2652 550 2710 existimo
582 2667 718 2727 quaeque
740 2651 797 2712 boc
825 2652 947 2724 efficiat,
981 2659 1013 2708 ut
1041 2667 1182 2725 organum
1205 2652 1414 2726 ingenuitatem
1437 2650 1555 2714 humani
1580 2659 1682 2712 cantus

340 2754 396 2797 rere
421 2755 569 2815 nunquam
591 2736 774 2816 assequatur.

897 2987 1039 3060 CAPUT
1066 2988 1118 3059 ix.

339 3148 378 3204 96
401 3119 656 3218 diagrammate,
681 3149 814 3206 honest
834 3153 1042 3210 chordarum
1067 3170 1125 3210 seu
1143 3135 1260 3206 vo'oum
1279 3149 1503 3226 denotatione
1521 3149 1681 3206 moderna

438 3255 497 3308 per
519 3237 630 3293 lineas
653 3245 686 3292 ct
709 3235 834 3293 literas
852 3239 1030 3322 alphabeti
1053 3248 1087 3293 et
1105 3247 1220 3310 notas,
1247 3239 1356 3309 deque
1383 3245 1576 3308 systemate.

413 3415 478 3475 Non
500 3416 639 3478 sinclita
661 3434 707 3477 res
729 3424 790 3492 est,
819 3416 872 3478 sed
894 3435 1002 3495 sequor
1023 3437 1078 3497 ego
1101 3421 1230 3480 rationes
1254 3419 1443 3478 necessarias.
1489 3417 1594 3478 Musici
1609 3435 1680 3478 nos-

339 3509 392 3562 bae
420 3507 527 3564 aetatis
555 3507 680 3582 pingunt
709 3505 834 3565 chordas
856 3505 940 3566 aliter
962 3507 992 3565 in
1015 3506 1276 3585 diagrammatibus
1299 3504 1512 3580 testudinaiiis,
1543 3505 1628 3565 aliter
1650 3508 1680 3564 iu

340 3593 473 3652 cautoriia
517 3590 584 3651 Illic
614 3593 692 3652 cuim
720 3592 854 3670 singulae
884 3591 981 3654 lineae
1011 3593 1230 3672 diagrammstis
1258 3592 1389 3670 singulas
1418 3591 1543 3653 chordas
1567 3601 1681 3669 notant,

340 3695 451 3754 quarum
472 3679 624 3756 quaelibet
645 3697 697 3756 pro
721 3679 845 3740 diversis
868 3683 997 3741 tectibus
1013 3683 1144 3743 diversos
1160 3689 1309 3760 praestant
1324 3683 1446 3754 sonitus,
1470 3685 1495 3740 si
1515 3681 1680 3760 pulsentur3
1736 3707 1737 3712 ¹

339 3767 363 3822 in
382 3769 516 3826 canteriis
538 3769 618 3844 typis
640 3783 698 3826 non
722 3766 818 3828 lineae
840 3776 954 3828 tautum
975 3771 1109 3848 singulae
1131 3769 1262 3847 singulas
1286 3786 1375 3828 voces
1398 3785 1450 3828 666
1473 3768 1605 3843 chordas,
1629 3768 1680 3828 sed

337 3854 393 3928 ipsa
413 3857 501 3929 etiam
524 3855 681 3915 intervella
703 3853 826 3916 duarum
842 3855 984 3928 linearum
1006 3859 1172 3934 significant
1194 3875 1282 3918 unam
1305 3856 1444 3916 chordam
1466 3856 1679 3918 intermediam.

414 3941 478 4002 Hoc
501 3949 589 4017 poeto
612 3945 632 4000 4
662 3941 759 4009 116666
781 3952 964 4005 transversae
992 3963 1058 4006 cum
1080 3947 1182 4006 ‘tribus
1205 3944 1365 4005 intervallis
1382 3943 1528 4004 'denotant
1553 3948 1570 4003 7
1594 3943 1681 4004 6666-

339 4025 383 4086 des
403 4038 433 4088 et
454 4031 473 4088 5
496 4028 591 4089 lineae
619 4047 685 4088 cum
709 4033 728 4095 4
751 4031 914 4097 interuallis
942 4033 1065 4093 chordas
1095 4051 1211 4094 novem.
1258 4030 1371 4092 Deinde
1400 4035 1565 4109 exprimunt
1592 4048 1680 4091 voces

338 4119 426 4174 canori
448 4118 616 4193 systematis
639 4117 687 4177 vel
702 4120 779 4177 notis
794 4119 1001 4195 peculiaribus,
1025 4139 1080 4180 suo
1096 4120 1260 4197 quamlibet
1274 4121 1340 4179 ioco
1358 4118 1577 4196 diagrammatis
1593 4118 1680 4199 (quiae

337 4211 415 4261 notae
436 4203 522 4263 simul
547 4207 686 4280 temporis
708 4223 874 4266 mensuram
895 4205 1048 4289 innuunt),
1072 4209 1120 4269 vei
1143 4209 1235 4270 literis
1259 4207 1408 4283 alphabeti
1431 4210 1531 4284 primis
1556 4214 1679 4283 septem,

339 4290 380 4347 sei
402 4290 529 4368 denique
543 4309 595 4351 sex
609 4292 751 4369 syllabis,
769 4301 812 4370 ut,
836 4312 877 4369 66,
901 4297 954 4370 mi,
977 4298 1023 4375 fn,
1047 4297 1098 4370 sol,
1123 4297 1164 4371 to,
1189 4295 1247 4370 uel,
1272 4294 1407 4355 uthodie
1423 4295 1543 4372 Belgae,
1567 4302 1680 4372 septem
1734 4317 1737 4324 ·

338 4375 410 4450 istis,
434 4378 497 4451 Bo,
520 4397 567 4453 cc,
589 4379 636 4453 di,
660 4399 717 4455 go,
742 4382 789 4453 lo,
811 4400 879 4456 mo,
902 4385 948 4463 ot..
1206 4387 1211 4452 s

413 4466 488 4524 Nam
510 4469 581 4542 quia
603 4477 706 4528 cantus
729 4485 837 4543 genera
859 4469 917 4528 duo
940 4477 1018 4544 6661,
1043 4470 1147 4530 durum
1162 4478 1192 4530 et
1206 4468 1302 4541 molle,
1326 4484 1449 4544 quorum
1469 4468 1507 4527 ab
1524 4484 1583 4527 nna
1599 4484 1681 4528 com-

336 4553 406 4610 6661
428 4570 500 4613 soce
523 4557 583 4613 irus
604 4556 785 4631 inceptorum
808 4557 882 4618 6666
904 4565 949 4617 est
971 4557 1152 4630 differentia,
1183 4556 1262 4634 quod
1286 4557 1370 4615 tertia
1397 4562 1532 4614 etsexta
1555 4557 1584 4614 16
1608 4554 1680 4616 6666

338 4647 414 4698 cautu
436 4648 504 4700 suut
525 4659 585 4700 una
607 4641 681 4704 diesi
704 4643 824 4704 altiores
845 4663 935 4720 quam
958 4647 986 4703 in
1011 4635 1111 4718 molli,
1136 4644 1262 4705 chordae
1284 4645 1400 4718 itaque,
1427 4645 1512 4702 tertia
1535 4650 1564 4702 et
1587 4649 1679 4717 serta,

337 4742 387 4784 non
408 4736 531 4804 possunt
552 4747 670 4789 manere
692 4731 814 4791 stabilm
837 4734 867 4790 16
890 4744 1015 4808 utroque
1037 4741 1142 4806 cantu,
1173 4731 1224 4792 sed
1248 4737 1362 4807 oportet
1384 4727 1450 4788 illas
1470 4730 1527 4792 sel
1550 4734 1680 4805 geminas

337 4811 421 4874 166666
444 4819 473 4873 16
494 4817 693 4877 instrumentis
716 4826 745 4878 et
768 4822 895 4896 organis,
919 4830 952 4880 ut
974 4822 1085 4881 iactum
1105 4823 1135 4878 in
1158 4821 1286 4877 numeris
1308 4833 1371 4894 cap.
1398 4820 1425 4888 7,
1452 4817 1498 4878 661
1521 4825 1602 4879 tactu
1625 4835 1680 4878 va-

337 4902 416 4976 riare,
446 4911 479 4963 nt
500 4902 587 4964 credo
616 4905 726 4964 tactum
756 4907 825 4966 oiim
854 4910 883 4966 16
905 4907 971 4985 iyrs
1002 4920 1032 4967 et
1054 4908 1230 4984 syringibus.
1275 4903 1385 4963 Eadem
1412 4903 1448 4963 de
1471 4906 1679 4983 diagrammate

281 5060 285 5073 ι
338 4995 363 5044 et
387 5007 459 5050 voce
481 4989 609 5052 bumana
630 5001 699 5053 sunt
722 4992 855 5056 dicenda.
902 4995 975 5059 Cum
998 4996 1075 5057 enirn
1097 5010 1150 5071 pro
1180 4994 1331 5067 utriusque
1354 4996 1468 5067 generis
1491 4999 1613 5068 octavis,
1638 4995 1676 5054 ab

338 5074 427 5136 eedem
450 5077 547 5138 radice
569 5081 765 5157 surgentibus,
788 5099 881 5142 unum
902 5082 999 5143 solum
1011 5081 1192 5158 diagramma
1213 5079 1265 5138 dat
1291 5082 1379 5156 inque
1403 5097 1438 5140 eo
1468 5090 1580 5142 tentum
1612 5089 1680 5142 uoto
1751 5155 1756 5166 .

340 5161 407 5238 loca,
439 5175 505 5229 octo
527 5168 817 5242 supereminente,
847 5171 887 5236 ab
915 5179 1040 5248 utroque
1070 5185 1140 5234 vcro
1169 5184 1275 5250 genere
1298 5175 1401 5230 cautus
1432 5172 1462 5228 in
1486 5187 1573 5237 unam
1596 5178 1680 5239 octe·
