4467 6192
842 663 1178 757 crumenam.
1590 684 1652 744 aer

319 880 345 922 re
362 864 461 923 nititur
482 862 615 927 docens
637 865 767 941 cisium
790 862 827 925 de
849 882 909 943 qna
930 866 1003 926 satis
1025 872 1163 929 coeunte
1185 866 1233 942 egi
1262 864 1292 924 in
1315 862 1416 925 Tertio
1430 858 1654 925 ¹Interveuieute

319 968 387 1011 uum.
411 950 463 1009 tt).
488 960 518 1012 et
540 954 740 1029 sequentibus.
1212 1006 1215 1013 .

392 1036 472 1098 Satis
493 1041 525 1097 in
546 1042 712 1117 praesentia
734 1038 844 1101 dictum
872 1046 935 1100 esto
958 1040 994 1103 de
1015 1041 1162 1101 hnmanae
1191 1040 1279 1101 etiam
1302 1039 1417 1099 animae
1444 1035 1585 1097 facultate
1607 1035 1654 1093 iu·
1715 1068 1720 1073 -

319 1124 410 1185 teriora
432 1123 529 1203 deque
551 1130 690 1188 universa
711 1127 767 1187 hac
789 1129 924 1189 materia.

393 1211 485 1271 Porro
508 1214 582 1275 baec
604 1232 659 1291 ego
682 1213 718 1274 de
740 1217 840 1275 anima
860 1214 1010 1293 disputavi
1032 1215 1184 1290 haetenus,
1207 1230 1265 1273 nou
1290 1210 1424 1289 equidem
1445 1210 1503 1270 hoc
1521 1206 1652 1281 coneilio,

320 1307 346 1358 ut
361 1298 567 1377 philosophiae
590 1301 707 1363 divinae
729 1302 878 1362 studiosos
900 1306 1017 1380 penitus
1046 1319 1170 1363 evocem
1197 1319 1218 1362 n
1238 1299 1365 1361 lectione
1388 1298 1654 1375 metaphysicorum

320 1381 469 1462 auctorum,
492 1397 563 1453 utre
587 1398 630 1449 tot
652 1388 785 1458 Platonis
815 1396 846 1450 et
868 1389 1035 1457 Aristotelis
1063 1390 1268 1469 interpretibus
1297 1386 1538 1466 profundissimae
1569 1381 1654 1443 iuda·

319 1476 392 1551 ginis,
415 1472 554 1550 Graecis,
578 1477 736 1551 hrabibus,
759 1476 889 1551 Latinis,
913 1478 1051 1552 Plotino,
1071 1476 1254 1551 themistio,
1284 1472 1449 1551 Simplicio,
1480 1470 1653 1549 Porphyris,

322 1560 486 1637 Alexandro,
511 1564 634 1623 Arerroi
657 1572 687 1625 ct
709 1580 784 1640 quos
806 1564 855 1625 iiie
878 1566 988 1641 allegat
1009 1583 1083 1626 snae
1104 1566 1202 1643 gentis
1224 1579 1282 1623 non
1297 1578 1416 1640 paucos,
1439 1560 1602 1635 Boetioque
1626 1565 1656 1617 et

321 1652 506 1710 reoendssimo
535 1652 788 1730 subtilissimoque
815 1650 845 1711 J.
870 1652 903 1712 C.
932 1652 1101 1730 Scaligero,
1133 1651 1170 1712 de
1200 1653 1299 1711 anima
1330 1650 1423 1726 deque
1453 1646 1655 1722 intelligentiis

321 1736 536 1819 disputantibus,
560 1739 662 1799 oculos
678 1738 866 1816 configerom3
889 1741 942 1803 scd
965 1748 997 1800 ut
1018 1741 1092 1801 haec
1106 1757 1144 1801 cx
1157 1756 1224 1805 rnea
1237 1738 1415 1818 protensione
1437 1752 1531 1813 exque
1554 1735 1655 1793 intimo

321 1823 397 1900 hujus
420 1827 518 1902 operis
540 1826 712 1887 Harmonici
733 1844 812 1903 penu
835 1826 988 1905 depromta
1009 1828 1136 1893 ucodum
1152 1834 1232 1889 tactu
1247 1825 1285 1886 ab
1300 1826 1345 1898 iis,
1367 1822 1446 1900 quod
1461 1826 1561 1907 sciam,
1584 1838 1656 1882 cou-

318 1910 529 1972 siderationibus
560 1912 675 1974 illorum
705 1914 797 1973 veluti
824 1915 1019 1994 supplementi
1049 1915 1116 1976 loco
1141 1914 1311 1993 adjicerem,
1344 1912 1421 1973 uude
1455 1910 1493 1971 ab
1515 1911 1570 1984 iis,
1604 1910 1659 1986 qui.

320 2007 377 2077 post
395 2017 441 2060 me
462 2018 528 2061 sese
550 2000 620 2062 hnic
644 1999 885 2079 contemplationi
907 2002 1128 2081 metaphysicae
1155 2002 1294 2076 dedituri,
1323 2007 1457 2061 auctores
1480 1995 1573 2056 dictos
1594 1995 1656 2057 lec-

320 2087 377 2159 turi,
398 2094 498 2147 nostra
519 2087 593 2149 hacc
617 2090 710 2149 veluti
731 2091 931 2167 experimenta
951 2108 1020 2151 cum
1042 2091 1161 2172 illorum
1175 2089 1448 2149 ratiocinationibus
1470 2084 1604 2146 collaturi
1626 2091 1655 2142 et

321 2183 460 2254 utrumque
493 2175 532 2235 ad
553 2177 675 2236 alterins
703 2174 804 2235 limam
836 2176 987 2240 liberrima
1017 2180 1139 2238 rationis
1168 2194 1292 2237 censura
1314 2170 1441 2237 eiecturi
1472 2179 1540 2232 snut
1562 2170 1656 2249 (quod

319 2261 404 2321 fateor
423 2280 442 2322 a
463 2280 510 2323 me
533 2262 590 2324 hac
611 2266 677 2325 vics
699 2264 810 2323 iactum
833 2282 899 2326 esse
922 2261 1068 2348 minime),
1092 2266 1167 2327 haec
1189 2264 1408 2343 metaphysicae
1427 2261 1568 2322 scientiae
1590 2276 1657 2337 para

321 2343 434 2425 denique
456 2350 596 2409 illustrior
618 2360 648 2411 ot
670 2351 846 2429 locupletior
869 2354 1065 2430 omnibusque
1087 2354 1214 2413 numeris
1237 2352 1400 2411 absolutior
1426 2350 1564 2409 constitui
1586 2363 1657 2425 pos-

320 2438 365 2509 sit,
385 2436 459 2511 quod
482 2446 516 2496 nt
530 2432 576 2497 'ad
597 2436 722 2513 gloriam
744 2439 879 2523 Nominis
902 2439 1154 2518 superbenedieti,
1185 2440 1241 2499 Dei
1265 2438 1411 2499 Crantoris
1446 2436 1606 2497 visibilium
1628 2440 1658 2493 et

323 2524 516 2597 invisibilium,
551 2527 641 2603 inque
663 2536 855 2603 augmentum
877 2530 1091 2590 sanctimoniae
1115 2535 1145 2589 et
1166 2528 1351 2587 innocentiae
1374 2525 1452 2585 ritae
1475 2521 1658 2600 contempla·

322 2619 417 2685 torum,
439 2609 566 2689 denique
589 2614 619 2671 iu
641 2613 767 2676 salutem
789 2623 940 2683 aeternam
955 2616 1145 2695 plurimarum
1161 2616 1322 2675 animarum
1339 2612 1432 2681 cedat,
1456 2610 1539 2671 iilum
1561 2612 1658 2689 ipsum

325 2697 410 2758 ileum
431 2699 573 2760 Triunum
595 2702 720 2779 supplex
740 2720 854 2779 precor.

827 2994 937 3058 Finis
965 2996 1054 3059 libri
1085 2999 1138 3058 iv.
