4467 6192
537 651 598 716 ³82
1135 643 1279 716 appendix

534 824 687 902 simplicia,
711 825 879 901 quaemihi
902 833 970 886 sunt
984 829 1127 886 concinna
1149 827 1269 886 minima
1285 825 1414 899 dissona,
1438 831 1525 887 tonus
1544 823 1647 901 major,
1669 825 1772 897 minor,
1796 825 1879 884 semi·

536 915 657 988 tunium,
681 912 786 988 diesis3
816 913 875 972 alia
898 913 1047 974 saltasse
1070 932 1107 973 ex
1130 915 1175 973 his
1199 915 1377 990 composita,
1412 930 1489 990 quae
1513 929 1568 988 ego
1597 913 1806 972 consonantias
1829 931 1878 990 ap·

535 1000 623 1078 pelle.
670 1001 758 1077 Atqui
786 1004 960 1060 sententiam
988 1003 1062 1061 hanc
1091 1011 1239 1074 veterum,
1273 1000 1348 1076 quod
1372 1001 1583 1060 consonantias
1613 1009 1827 1076 componantur
1847 1017 1878 1060 er

535 1088 698 1148 intervallis
717 1089 877 1147 minoribus
899 1096 1038 1166 tanquam
1059 1097 1165 1148 natura
1187 1089 1343 1167 prioribus,
1368 1105 1423 1162 ege
1439 1088 1567 1148 refutavi
1589 1104 1726 1164 expresse
1742 1090 1838 1163 eapite
1853 1090 1878 1145 t.

534 1177 594 1235 mei
614 1176 680 1234 libri
702 1175 765 1246 111,
797 1182 931 1249 ostenso,
964 1176 1043 1252 quod
1073 1179 1187 1236 minora
1216 1194 1231 1235 e
1260 1179 1402 1234 contrario
1435 1178 1565 1260 oriantur
1592 1191 1628 1234 ex
1656 1177 1793 1234 consonis
1820 1191 1880 1235 sesa

535 1262 705 1339 majoribus.
725 1268 796 1336 (vi.)
837 1263 936 1324 Tertio
959 1265 1034 1325 libre
1048 1264 1176 1342 explicat
1191 1273 1321 1341 systema
1336 1281 1388 1322 seu
1404 1263 1515 1323 scalam
1530 1264 1681 1336 musicam,
1705 1279 1784 1337 quae
1800 1280 1882 1338 prae-

537 1352 624 1428 cipua
644 1369 712 1427 pars
736 1358 780 1407 est
801 1353 859 1410 mei
881 1351 948 1412 libri
970 1352 1025 1412 111.
1050 1371 1076 1410 a
1092 1367 1156 1429 cap.
1181 1356 1210 1410 4.
1234 1367 1327 1426 usque
1350 1349 1387 1408 ad
1404 1351 1441 1436 ,9·
1486 1349 1604 1425 Reliqui
1631 1355 1756 1424 quatuor
1780 1357 1881 1409 aneto-

534 1439 574 1500 ris
595 1438 663 1497 libri
685 1440 787 1515 praxin
808 1437 928 1512 babent,
951 1457 1039 1514 quam
1062 1455 1117 1513 ege
1140 1456 1177 1498 ne
1199 1441 1311 1514 attingo
1335 1436 1461 1515 quidem.
1506 1437 1581 1497 Nam
1609 1439 1639 1496 in
1662 1436 1715 1496 iv.
1740 1437 1777 1496 de
1802 1455 1880 1496 men-

534 1542 603 1583 sura
624 1533 720 1585 tactus
744 1529 867 1600 ejusque
889 1525 982 1587 modis
1005 1529 1094 1587 variis
1117 1536 1147 1586 et
1170 1525 1269 1585 valore
1292 1533 1425 1584 notarum
1448 1541 1498 1601 per
1515 1541 1566 1584 ens
1589 1525 1739 1602 praecipit,
1765 1523 1880 1600 dequo

535 1629 591 1688 ege
613 1611 740 1691 paucula
762 1612 814 1672 lib.
836 1613 889 1675 ΙΙΙ,
914 1632 977 1690 cap.
1005 1615 1051 1672 15.
1084 1621 1114 1673 et
1135 1613 1185 1674 lib.
1209 1613 1262 1672 IV.
1286 1630 1349 1690 cap.
1376 1614 1405 1674 3.
1429 1615 1515 1685 (vti.)
1557 1611 1592 1672 In
1615 1611 1652 1670 V.
1684 1610 1774 1671 habet
1796 1629 1881 1688 prae·

539 1706 624 1776 cepta
652 1701 859 1776 compositoria
888 1709 992 1762 cantus
1013 1702 1145 1778 figurati,
1176 1719 1263 1776 quam
1287 1709 1379 1762 artem
1412 1715 1467 1776 ege
1498 1717 1557 1760 non
1579 1691 1726 1778 profiteor.
1771 1698 1805 1757 In
1830 1700 1879 1758 Vl.

535 1789 660 1847 excurrit
682 1789 770 1847 etiam
794 1787 830 1847 ad
855 1790 936 1848 varia
958 1791 1151 1848 instmmenta
1172 1789 1298 1861 musica,
1330 1787 1495 1863 dc‘quibus
1518 1804 1573 1864 ego
1601 1804 1639 1847 ne
1662 1788 1792 1862 cogitari
1816 1789 1880 1864 qui·

537 1873 612 1934 dem.
658 1874 691 1932 In
715 1875 785 1933 Vll.
808 1875 933 1954 denique
955 1893 1066 1936 novum
1088 1879 1311 1936 instrumentum
1335 1878 1397 1952 lpse
1420 1878 1523 1952 aperit.
1541 1881 1629 1946 (vin.)
1670 1873 1704 1932 ln
1726 1873 1773 1932 his
1796 1878 1880 1950 igitur

536 1965 557 2020 t
579 1964 733 2039 postremis
755 1961 805 2020 iile
828 1965 871 2022 sic
892 1983 912 2023 a
933 1982 980 2026 me
1003 1964 1105 2037 diliert,
1129 1971 1162 2022 ut
1184 1966 1329 2040 practicus
1352 1963 1558 2035 etheoretice,
1581 1979 1649 2022 nam
1663 1976 1717 2038 pre
1733 1978 1778 2034 eo,
1803 1963 1879 2039 quod

536 2051 599 2126 ipse
623 2049 710 2109 docet
732 2067 905 2126 componere
928 2051 1020 2112 melos
1042 2051 1168 2129 plurium
1192 2068 1306 2122 vocum,
1333 2066 1387 2125 ege
1410 2050 1671 2110 demonstrationes
1693 2048 1880 2112 mathemati·

539 2153 590 2195 cna
612 2140 754 2197 concinno
776 2139 989 2215 plerorumque,
1012 2157 1089 2214 quae
1112 2137 1281 2198 staturaliter
1303 2141 1401 2198 insunt
1425 2140 1452 2195 in
1477 2145 1565 2198 centu
1586 2144 1646 2197 tam
1663 2134 1774 2196 morali
1795 2156 1880 2214 quam

534 2223 669 2300 figurato.
684 2228 751 2298 (ΙΙΙ.)
785 2225 945 2302 Propterea
966 2229 1054 2286 etiam
1077 2228 1106 2284 in
1129 2228 1222 2302 ipsius
1245 2244 1331 2302 opere
1352 2225 1493 2301 plurimae
1511 2231 1579 2284 sunt
1593 2227 1741 2302 picturam
1764 2226 1795 2284 in
1818 2245 1880 2286 meo

538 2310 752 2388 diagrammata
779 2312 985 2373 mathematica
1011 2314 1103 2372 literis
1134 2317 1363 2385 instructura.)
1405 2312 1514 2374 Videas
1536 2314 1640 2390 etiam,
1671 2315 1767 2386 ipsum
1790 2312 1881 2389 pluri·

537 2415 617 2458 mnm
641 2398 778 2462 delectari
802 2417 895 2459 rerum
918 2403 1134 2476 aenigmatibus
1157 2401 1333 2474 tenebrosis,
1366 2417 1431 2458 eum
1455 2417 1578 2476 egeres
1602 2402 1682 2476 ipsas
1705 2397 1881 2462 obscuritate

537 2485 685 2548 involutas
707 2488 737 2544 ln
758 2486 853 2548 lucem
876 2489 1042 2549 intellectus
1065 2488 1191 2565 prolerre
1215 2491 1318 2549 sitan·
1345 2486 1422 2547 Illud
1445 2486 1563 2564 quidem
1585 2486 1728 2546 familiare
1752 2489 1882 2567 cstehy·

543 2575 641 2646 micis,
664 2573 844 2649 bermeticis,
868 2574 1080 2647 Paracelsietis‚
1102 2577 1160 2635 hoe
1181 2579 1329 2651 preprium
1351 2574 1462 2634 habent
1482 2574 1691 2635 mathematici.
1713 2580 1781 2647 (xi.)

624 2660 768 2739 Adeoque
795 2665 883 2722 etiem
905 2663 988 2724 libris
1010 2664 1049 2721 ll.
1073 2671 1102 2722 ct
1125 2663 1184 2737 ΙΙΙ,
1219 2664 1268 2722 ubi
1302 2661 1424 2722 eandem
1454 2679 1569 2722 mecum
1596 2670 1701 2722 tractat
1722 2664 1882 2734 materiam,

538 2747 596 2808 hoc
618 2748 791 2808 discriminis
814 2759 859 2810 est
881 2754 954 2812 inter
975 2766 1044 2822 noe,
1076 2749 1155 2825 quod
1179 2767 1255 2826 quae
1277 2754 1340 2826 ipse
1364 2752 1533 2810 transsumit
1554 2768 1573 2810 a
1596 2751 1758 2824 veteribus,
1790 2767 1883 2826 egos

535 2853 629 2896 rernm
652 2845 758 2897 natura
779 2854 849 2897 eruo
872 2847 901 2898 et
924 2839 963 2898 ab
985 2839 1056 2915 ipsis
1079 2837 1274 2898 fundamentis
1298 2839 1461 2914 constitum
1486 2840 1567 2914 ipse,
1597 2854 1673 2914 quae
1693 2840 1824 2913 accepit,
1852 2855 1883 2896 ea
1967 2867 1968 2870 ¹

536 2925 657 2985 contusa
681 2920 815 3005 (propter
846 2927 994 2986 variantes
1022 2924 1197 2985 tradentium
1220 2921 1396 3006 sententias)
1419 2936 1448 2986 et
1478 2927 1640 2985 incorrecta
1662 2933 1800 3000 usurpat,
1831 2943 1882 3000 ego

536 3011 663 3071 naturali
687 3013 788 3072 ordine
811 3012 951 3091 procedo,
981 3021 1013 3072 ut
1036 3015 1134 3073 onmia
1155 3013 1313 3074 secuudum
1342 3011 1423 3088 leges
1446 3019 1567 3072 naturae
1589 3016 1647 3070 sint
1670 3011 1829 3072 emendata
1857 3019 1884 3070 et

538 3098 670 3159 censuale
693 3103 816 3176 vitetur,
849 3100 983 3177 adeoque
1012 3101 1189 3175 nequidem
1220 3100 1256 3158 sd
1283 3109 1413 3160 veterum
1436 3101 1546 3177 plncita
1574 3100 1690 3177 applico
1715 3103 1881 3170 constituta,

536 3187 591 3246 nisi
614 3188 665 3247 ubi
688 3189 820 3248 conlusio
843 3188 926 3248 nulla
947 3191 1183 3264 sequitur.(x11r)
1220 3187 1282 3260 Ita,
1314 3189 1364 3248 ubi
1397 3205 1453 3263 ege
1483 3196 1595 3247 veteres
1623 3205 1762 3264 expresse
1792 3189 1882 3247 reluta

536 3271 573 3334 de
594 3276 692 3336 causis
714 3275 986 3336 concordantiarum
1009 3275 1193 3347 disserentes,
1217 3276 1259 3334 lbi
1281 3274 1332 3335 ille
1353 3283 1468 3336 veteres
1492 3277 1563 3334 citra
1575 3275 1769 3336 dubitationis
1791 3275 1883 3334 aleam

537 3363 678 3436 sequitur,
703 3362 738 3422 de
762 3365 859 3422 causis
882 3362 1044 3422 verioribus
1065 3380 1102 3420 ne
1127 3361 1491 3438 cogitatquidem.(x111.)
1539 3361 1602 3422 Une
1619 3363 1719 3434 verbo,
1745 3365 1773 3420 in
1798 3363 1884 3422 disei-

537 3447 618 3525 plina
640 3449 808 3508 harmonica
831 3450 903 3509 ulter
926 3451 1067 3510 nrusicnrn
1095 3452 1158 3526 agit
1181 3447 1313 3510 rbcalem
1342 3459 1371 3510 et
1394 3451 1658 3522 instrumentalem,
1691 3450 1765 3509 alter
1789 3450 1884 3527 phile-
1937 3494 1944 3502 .

536 3535 660 3611 sophum
683 3545 714 3596 et
735 3537 981 3600 mathematicum.

624 3622 695 3683 Jam
717 3623 754 3682 ad
777 3624 901 3685 alterum
923 3625 1052 3685 auctoris
1072 3622 1170 3684 lecum
1195 3630 1389 3696 transeamus,
1423 3623 1472 3682 ubl
1501 3625 1641 3682 musicam
1666 3622 1714 3681 ille
1746 3624 1776 3680 in
1801 3640 1884 3682 mun·

539 3709 609 3770 dum
633 3710 798 3771 introducit
842 3711 901 3772 Hic
922 3729 992 3772 vero
1016 3714 1141 3770 immane
1164 3719 1304 3786 qumrtum
1328 3712 1402 3768 inter
1416 3727 1470 3770 nos
1486 3710 1639 3770 discrimen
1658 3721 1711 3770 ast
1758 3710 1884 3769 Primum

538 3815 612 3872 qnae
634 3797 685 3859 ille
706 3798 873 3859 harmoniae
903 3799 1007 3859 docere
1038 3797 1176 3871 intendit,
1208 3811 1261 3857 eae
1283 3807 1351 3856 sunt
1382 3799 1452 3857 meri
1481 3798 1679 3873 symbolum,
1712 3797 1750 3857 de
1779 3799 1884 3874 quibus

537 3884 616 3944 idem
639 3884 723 3959 dico,
755 3885 834 3961 quod
856 3886 893 3946 de
915 3886 1114 3964 symbeiirmis
1137 3885 1312 3958 Ptolemaei,
1344 3887 1476 3957 poeticos
1498 3887 1596 3960 potius
1621 3903 1685 3945 esse
1711 3893 1765 3944 aut
1787 3893 1885 3944 erato·

540 3973 619 4045 rios,¹
631 3991 720 4048 quam
742 3973 963 4051 philosophicos
987 3982 1038 4032 aut
1052 3973 1283 4040 mathematicos.
1301 3976 1388 4042 (xlv.)
1430 3971 1511 4032 Haec
1528 3975 1626 4032 anima
1643 3983 1687 4032 est
1702 3975 1794 4038 totius
1809 3973 1885 4032 illius

538 4062 643 4136 operia,
666 4069 700 4120 ut
722 4059 769 4120 vel
792 4078 829 4120 ex
851 4060 936 4121 titulo
959 4069 1041 4136 patet
1063 4061 1255 4120 Macrocosmi
1279 4057 1517 4118 et'Miorocoemi.
1562 4059 1636 4118 Nam
1654 4063 1682 4116 in
1698 4067 1780 4120 teme
1796 4062 1885 4119 altere

536 4146 734 4207 demonstrare
764 4149 866 4223 prucnl
889 4148 980 4208 dubio
1010 4146 1140 4207 intendet
1168 4147 1267 4206 nobile
1290 4143 1363 4204 illud
1394 4146 1508 4218 thema,
1538 4149 1629 4208 tetius
1659 4147 1760 4206 mundi
1790 4149 1885 4221 magni

537 4237 725 4310 omniumque
753 4235 818 4310 ejus
845 4237 971 4312 partium
1001 4234 1083 4296 ideas
1106 4238 1221 4312 reperiri
1253 4237 1282 4293 in
1306 4233 1432 4292 homine.
1477 4233 1561 4294 Haec
1591 4234 1695 4294 eadem
1721 4238 1822 4296 anima
1844 4243 1885 4294 est

538 4331 568 4382 et
590 4324 674 4399 primi
697 4324 779 4400 tomi,
803 4325 874 4398 qnia
896 4330 989 4384 totum
1011 4322 1151 4382 mnndum
1174 4322 1322 4382 distribuit
1343 4323 1373 4377 in
1396 4329 1454 4380 tres
1476 4323 1626 4396 regiones,
1653 4323 1703 4382 ubi
1726 4321 1885 4384 secundnm

539 4409 799 4470 celebratissimum
833 4410 904 4468 illud
926 4409 1073 4470 Hermetis
1100 4413 1218 4470 axioma
1244 4426 1357 4484 supera
1377 4409 1490 4468 similia
1518 4426 1569 4468 seu
1592 4409 1722 4486 analoga
1744 4411 1816 4470 lacit
1837 4413 1884 4468 irr-

533 4498 615 4573 feru.
660 4497 742 4558 Haec
776 4513 845 4558 rere
864 4497 1011 4574 ¹analogia
1034 4505 1065 4557 ut
1087 4515 1140 4574 per
1163 4499 1260 4556 ornnia
1287 4495 1441 4569 succedat,
1472 4514 1561 4573 saepe
1584 4495 1711 4555 crinibus
1745 4495 1885 4558 trahenda

536 4591 613 4656 sunt,
636 4602 713 4660 qnae
736 4587 876 4661 utrinque
895 4591 1108 4662 comparantur.
1125 4589 1202 4652 (XV)
1233 4584 1302 4643 Mea
1324 4582 1361 4642 de
1382 4583 1535 4666 analogiis
1551 4585 1698 4644 sententia
1719 4602 1757 4644 ex
1772 4584 1884 4660 digres-

535 4672 619 4732 sione
646 4675 675 4728 in
708 4674 790 4734 calce
812 4675 869 4733 mei
892 4671 958 4730 libri
981 4672 1036 4732 111.
1068 4679 1163 4748 patet3
1196 4674 1330 4730 nimirum
1361 4673 1415 4731 etsi
1445 4671 1585 4746 analogia
1613 4675 1834 4749 proportionum
1857 4673 1884 4727 iu
1963 4661 1964 4676 ¹

536 4760 719 4833 geometricis
741 4760 865 4821 turmale
888 4759 958 4835 quid
982 4768 1035 4830 eat,
1059 4765 1192 4836 respectu
1216 4760 1307 4836 ipsius
1324 4758 1462 4818 materiae
1485 4759 1884 4842 quantitativaeindefinitac

535 4853 566 4905 et
587 4845 844 4921 indeterminatae,
871 4855 968 4907 tamen
991 4857 1124 4923 respectu
1147 4848 1367 4923 proportionum
1391 4845 1624 4908 harmonicorum
1645 4847 1807 4908 materialis
1830 4863 1884 4922 pe-

536 4934 594 4992 tius
616 4933 734 4994 allectio
757 4943 856 5010 potest
878 4935 993 5004 baberi,
1022 4937 1092 5010 quia
1116 4951 1181 4994 cnm
1205 4935 1391 4993 harmonicae
1421 4936 1625 5011 proportiones
1657 4945 1766 4996 certam
1789 4951 1883 5010 quan·

539 5022 651 5080 ritatem
676 5020 824 5094 deliniant,
848 5019 1003 5098 analogiae
1026 5029 1127 5080 contra
1159 5039 1190 5081 ee
1212 5023 1284 5098 ipsis
1307 5023 1336 5078 in
1360 5020 1504 5080 inlinitum
1527 5039 1678 5082 eaeuuere
1706 5030 1776 5081 sunt
1797 5029 1882 5097 aptae

535 5115 564 5168 et
586 5110 629 5169 sic
650 5107 837 5170 materialem
858 5109 1010 5168 infinitatis
1032 5109 1217 5168 adactionem
1240 5115 1417 5186 supponunt.
