4467 6192
847 739 1035 809 coagmentis
1070 739 1154 796 Liber
1169 687 1204 796 n.
1384 707 1388 716 ”
1637 743 1698 806 m

264 964 265 1001 q
355 906 528 996 sompniis
548 918 707 999 figmarnrn
722 917 950 996 proprietatibus
970 932 1035 978 cum
1047 919 1223 997 simplicium
1242 919 1357 980 illorum
1372 935 1525 998 corporum
1536 921 1700 982 odedient-

355 1006 415 1066 bus.
458 1005 537 1065 llam
559 1008 589 1063 in
611 1006 708 1065 cubo
728 1005 974 1081 madtndosnper
988 1006 1054 1065 basi
1076 1007 1219 1084 quadrata
1234 1007 1403 1068 stabilitatis
1425 1008 1572 1085 quandam
1595 1005 1701 1070 adum·

354 1094 521 1152 brunnam
536 1093 640 1167 babet,
668 1109 744 1170 qnae
767 1092 869 1153 eadem
891 1095 1053 1170 proprietas
1074 1104 1121 1154 est
1143 1102 1172 1154 st
1194 1097 1335 1155 materiae
1356 1099 1516 1171 mneetris,
1547 1099 1700 1174 grnrlmis

355 1182 506 1240 momentis
527 1183 588 1239 ima
608 1183 750 1257 petentis,
772 1197 839 1240 cum
860 1182 948 1239 ctiam
969 1187 1049 1241 totns
1070 1189 1164 1242 tetrae
1187 1181 1294 1258 globus
1316 1181 1405 1258 vulgo
1429 1181 1563 1243 credatur
1584 1186 1614 1242 in
1636 1201 1701 1243 me·

356 1266 400 1326 dio
420 1267 524 1326 mundi
546 1269 704 1344 quiestote·
997 1297 1007 1313 ,
1426 1321 1430 1330 .
1615 1271 1622 1286 '

435 1353 576 1415 Vicissim
598 1353 768 1415 ootaddri
789 1367 934 1430 caumas
957 1356 1096 1416 saisitus
1120 1358 1259 1433 aspectui,
1283 1357 1307 1416 sl
1331 1358 1356 1417 is
1378 1375 1396 1416 a
1419 1355 1534 1417 duobus
1557 1359 1701 1436 oppositis

357 1442 470 1517 sngniis
490 1441 574 1502 velut
595 1445 627 1500 in
650 1449 736 1501 torno
756 1440 959 1518 suspendatur,
983 1445 1059 1502 inter
1081 1456 1157 1519 qnos
1178 1441 1274 1504 medio
1297 1445 1429 1521 praecise
1452 1444 1518 1504 loco
1542 1453 1586 1505 est
1607 1445 1701 1505 latens

264 1568 265 1581 r
358 1528 594 1604 quadrilaterum,
616 1529 751 1590 dividens
773 1538 878 1606 eorpus
899 1527 1010 1605 dgnrse
1032 1532 1061 1588 in
1084 1529 1143 1590 dno
1165 1531 1321 1607 aequalia,
1344 1533 1420 1590 sicut
1440 1531 1563 1608 globum
1585 1549 1604 1591 a
1625 1530 1701 1591 duo-

356 1618 407 1675 bns
419 1616 499 1694 polis
512 1630 686 1694 suspensum
707 1615 813 1675 dividit
826 1616 969 1676 maximas
992 1616 1131 1677 cirenlm:
1154 1617 1227 1678 baec
1245 1626 1289 1678 est
1305 1617 1449 1694 quaedam
1463 1621 1560 1696 imago
1583 1619 1701 1679 mobili-

355 1707 428 1777 tatis,
451 1706 496 1762 nti
518 1709 569 1764 aiir
590 1711 636 1763 est
657 1705 865 1764 elementorum
887 1703 1109 1764 mobilissimum
1125 1711 1155 1765 et
1171 1705 1318 1766 eeleritate
1338 1713 1368 1765 et
1382 1708 1524 1767 radente
1538 1706 1701 1782 plagarum,

435 1791 472 1849 In
494 1791 688 1852 tetraddro
716 1794 849 1869 pancitas
877 1791 1030 1868 planorum
1060 1796 1175 1868 signare
1205 1792 1320 1852 ridetur
1341 1795 1501 1854 slodtuium
1524 1795 1610 1869 ignis,
1633 1809 1701 1852 oure

356 1877 480 1938 definitio
493 1881 534 1938 eit
548 1880 698 1953 siccorum,
721 1879 783 1939 anie
798 1878 937 1938 contineri
953 1877 1100 1953 terminis3
1123 1881 1153 1937 in
1176 1879 1387 1940 icosaiidro
1403 1882 1531 1942 vmissim
1545 1879 1701 1940 multitudo

355 1966 503 2043 planorum
524 1968 641 2043 signare
662 1965 778 2027 ridetur
800 1965 1002 2026 humiditatem
1024 1983 1129 2043 aquae,
1153 1981 1217 2025 cum
1241 1967 1394 2027 deliniatur
1408 1967 1576 2041 humiditas,
1599 1967 1703 2027 alienis

356 2055 490 2114 mutinen
512 2056 661 2129 terminis3
689 2061 734 2114 est
762 2055 871 2132 qnippe
893 2056 1026 2131 pandus
1056 2055 1253 2132 propriorum,
1287 2053 1444 2116 multitudo
1474 2054 1650 2115 adscitomm
1673 2064 1701 2116 et

356 2140 512 2200 alienorum
533 2141 683 2202 indicium.
727 2140 1000 2214 bullientium,
1031 2143 1163 2217 trigonus
1186 2142 1290 2220 planus
1319 2150 1364 2202 est
1393 2141 1529 2202 nasein
1558 2144 1701 2221 proprius,

356 2230 420 2302 qnia
432 2236 497 2288 tota
511 2228 685 2289 iatraiidrica
705 2228 799 2302 ligura
821 2235 866 2288 est
885 2222 1018 2303 trigonus
1039 2227 1166 2288 solidus:
1190 2229 1267 2290 idem
1290 2247 1360 2289 vero
1383 2231 1514 2306 trigonus
1537 2237 1582 2289 est
1602 2231 1701 2290 inoce-

356 2315 412 2373 idri
431 2331 493 2374 non
514 2318 665 2394 proprius,
688 2315 742 2375 sed
763 2317 970 2389 mutuatione,-
984 2317 1055 2393 quio
1076 2315 1220 2377 icosalidri
1252 2316 1386 2377 soliditas
1417 2319 1576 2394 pentagoni
1598 2317 1702 2376 similis

355 2409 403 2477 est,
423 2417 484 2462 non
506 2405 621 2481 trigoni.
653 2403 780 2464 Rursum
801 2406 830 2461 in
853 2401 991 2462 nursini
1011 2407 1144 2463 carmine
1166 2403 1204 2463 ab
1227 2419 1286 2464 nna
1308 2404 1371 2464 basi
1399 2411 1536 2481 surgente
1558 2405 1604 2463 ris
1624 2401 1725 2481 ignis'

355 2491 533 2566 peactntira
554 2499 584 2551 et
605 2491 745 2550 divisoria
758 2489 875 2550 ridetur
895 2488 1068 2550 adumbrato
1090 2505 1164 2564 esse,
1187 2493 1216 2549 ln
1231 2491 1374 2552 icossiidrl
1389 2493 1495 2551 obtuso
1511 2499 1541 2552 et
1555 2493 1702 2568 quinque-

355 2577 451 2637 lineari
473 2577 582 2654 angulo
598 2577 651 2641 ,ris
671 2576 836 2656 impletoris
858 2577 1026 2652 humorum,
1050 2579 1114 2638 ‘boc
1141 2585 1185 2638 cst
1213 2581 1259 2638 ris
1282 2579 1482 2654 humectandi3
1514 2581 1544 2637 in
1565 2578 1702 2639 tenedon·

356 2666 496 2741 parvitate
519 2671 549 2726 ei
570 2665 739 2726 macilentia
753 2671 858 2724 natura
871 2667 962 2741 ignis,
984 2667 1014 2724 in
1036 2665 1179 2727 icosaiidrl
1202 2666 1278 2726 mole
1292 2667 1458 2742 globiiormi
1480 2671 1586 2726 natura
1606 2667 1702 2743 ‘aquae

357 2763 384 2812 et
403 2751 547 2828 quaedam
571 2753 653 2814 velut
667 2751 759 2830 figura
780 2758 899 2829 guttae3
921 2753 952 2810 in
968 2750 1111 2817 tetraddro
1127 2747 1282 2832 plurimum
1298 2761 1341 2814 ast
1356 2754 1528 2833 superficiei,
1551 2754 1703 2813 minimum

356 2841 492 2916 eorporis,
515 2842 545 2899 in
568 2839 719 2902 iaosaiidro
740 2838 832 2900 moles
855 2856 993 2918 corporea
1015 2841 1107 2922 multo
1130 2841 1223 2917 major
1246 2840 1536 2920 quumnsnperfieies:
1559 2841 1703 2919 quemad-

356 2926 468 2986 modum
492 2929 522 2986 in
544 2929 611 3004 igne
632 2928 727 2990 forma
747 2926 905 3006 praecellit,
929 2929 958 2986 in
981 2945 1059 3005 aqua
1082 2931 1212 2990 mamrin.

436 3014 710 3076 Dodeaaiidron
730 3031 801 3076 varo
823 3013 995 3090 relinquitur
1016 3020 1130 3094 corpori
1151 3015 1286 3087 coelesti,
1314 3015 1426 3076 habens
1449 3013 1574 3076 eundum
1596 3013 1703 3092 plano-

355 3119 413 3160 rnm
433 3117 597 3181 numerum,
617 3117 706 3180 quem
726 3101 866 3162 renuens
887 3101 1022 3163 coelestis
1042 3105 1209 3179 signorumq
1233 3102 1504 3179 demonstraturque
1525 3099 1702 3178 reliquarum

354 3188 506 3264 igmarnm
529 3191 729 3268 capacissima,
753 3188 998 3267 quemadmodum
1021 3199 1050 3250 ai
1072 3190 1187 3251 coelum
1210 3193 1288 3272 oapit
1310 3192 1416 3254 omnia

433 3276 519 3336 Haec
540 3277 680 3354 analogia
701 3279 755 3336 atei
776 3277 942 3354 plausibilis
964 3284 1023 3352 est,
1051 3293 1110 3348 non
1133 3275 1251 3355 quidem
1275 3277 1423 3338 Aristoteli
1445 3273 1507 3358 (qni
1530 3292 1595 3336 oum
1618 3291 1702 3336 orca·

354 3368 409 3421 inni
432 3379 498 3424 csse
519 3363 661 3446 mnndum
682 3371 810 3442 negaret,
834 3366 894 3422 vim
916 3365 947 3422 in
968 3364 1069 3441 liguris
1085 3367 1290 3443 quantitatibls
1304 3363 1521 3442 archetypalom
1535 3375 1702 3440 ¹agnoscere

353 3467 405 3508 non
429 3453 538 3528 potnit,
564 3453 671 3528 quippe
695 3469 770 3528 quac
793 3454 855 3510 sine
878 3451 1036 3523 architecto
1059 3453 1141 3513 nulla
1163 3452 1221 3512 illis
1243 3455 1319 3512 inest
1339 3450 1379 3512 ad
1402 3449 1568 3512 iaciendum
1590 3447 1702 3526 aliquid

353 3534 543 3620 corporeum),
566 3537 620 3598 sed
638 3537 709 3596 milri
725 3536 955 3615 christianisque
978 3541 1122 3615 omnibns,
1146 3539 1275 3616 quidde
1298 3546 1439 3614 tenemus,
1462 3536 1611 3612 mundum,
1635 3553 1700 3598 cnm

352 3634 435 3687 antea
455 3641 515 3685 nou
538 3632 624 3698 esset,
645 3645 664 3686 a
686 3625 752 3686 Deo
775 3634 903 3687 creatum
926 3643 1000 3700 esse,
1023 3629 1052 3684 in
1066 3627 1205 3705 pondere,
1228 3645 1364 3690 mansura
1385 3635 1415 3688 ei
1436 3643 1566 3700 numero,
1590 3625 1701 3687 scilicet

352 3711 419 3772 ideis
442 3714 499 3790 ipsi
522 3714 698 3782 mactemis:
714 3714 785 3789 etei,
808 3714 936 3790 inquam,
960 3713 1125 3792 plausibilis
1141 3722 1185 3775 est
1207 3716 1238 3774 in
1257 3731 1363 3790 genere
1386 3714 1460 3776 hacc
1483 3711 1629 3791 analogia,
1654 3721 1700 3774 ta-

348 3817 412 3868 men
433 3801 478 3860 sic
500 3801 530 3859 in
553 3801 651 3877 speeie
674 3800 828 3860 iuiormata
848 3799 932 3862 nuile
952 3803 1127 3866 manicata
1150 3803 1328 3874 continetur,
1352 3809 1381 3862 et
1403 3803 1511 3880 patitur
1533 3801 1699 3875 instantias,

351 3903 406 3944 nou
426 3894 541 3947 unium
564 3887 602 3947 ob
624 3886 806 3962 quarundam
826 3891 1034 3965 proprietatnm
1050 3888 1275 3968 discrepantiam
1299 3891 1328 3947 in
1351 3888 1454 3949 eadem
1477 3887 1626 3965 analogia,
1648 3886 1700 3948 sed

352 3976 435 4033 ctiam
458 3975 498 4033 ob
520 3974 661 4051 majorem
683 3976 917 4034 convenientiam
939 3974 1113 4035 dodeoaddri
1143 3984 1172 4036 et
1193 3975 1335 4036 ionsscdri
1365 3993 1431 4036 cnm
1458 3978 1544 4052 igne,
1574 3974 1699 4050 denique

351 4062 415 4135 qnia
442 4061 480 4121 dc
507 4061 714 4122 elementorum
742 4078 863 4122 numero
893 4069 923 4144 et
949 4062 1049 4140 quiete
1071 4062 1197 4123 Telluris
1224 4062 1383 4142 disputatio
1413 4064 1505 4124 mdbo
1528 4063 1623 4139 major
1644 4071 1698 4136 est,

351 4163 433 4222 qnam
456 4145 493 4210 ds
514 4147 619 4208 barum
640 4149 797 4226 figurarum
819 4167 949 4210 numero.

264 4310 265 4317 ἵ
433 4233 547 4311 Quodsi
569 4235 617 4296 hio
638 4236 829 4315 substiterunt
843 4233 1031 4316 Pythagorei,
1053 4251 1113 4296 uon
1134 4235 1315 4316 reprohendo
1337 4237 1366 4294 in
1390 4235 1446 4295 bac
1468 4242 1550 4314 parte
1565 4235 1698 4307 Remum,

351 4338 404 4382 nun
427 4321 640 4397 Aristotelem,'
660 4323 739 4400 qnod
769 4324 845 4384 banc
873 4323 1040 4402 analogiam
1063 4321 1310 4403 disputationibus
1333 4321 1504 4384 convulsam
1526 4321 1698 4398 reiecerunt.

350 4407 386 4468 At
405 4427 461 4487 ego
485 4419 555 4472 ante
576 4428 669 4470 annas
693 4412 796 4488 viginti
826 4419 953 4488 quatuor
979 4409 1066 4488 longo
1098 4409 1184 4474 aliter
1206 4413 1281 4475 haec
1303 4414 1432 4489 quinque
1456 4415 1577 4486 corpora
1599 4410 1629 4468 in
1652 4409 1698 4468 ia-

349 4495 423 4556 briaa
444 4497 546 4558 mnndi
559 4499 716 4576 'indagari
739 4498 858 4574 dixique
871 4500 903 4560 in
925 4499 1115 4578 praeambulo
1138 4499 1205 4560 libri
1220 4499 1244 4574 L
1259 4499 1339 4582 ‚mihi
1354 4497 1446 4560 rideri
1461 4500 1697 4569 camarlancus),

348 4583 466 4645 eandem
491 4584 651 4662 doetrim
667 4588 762 4646 ‘etiam
784 4593 926 4646 veterum·
939 4587 1043 4656 briaae,
1073 4586 1126 4647 sed
1156 4587 1332 4650 occultatam
1363 4600 1442 4645 more
1471 4593 1594 4654 sectae„
1621 4581 1698 4644 Cum

348 4674 419 4730 enim
441 4673 552 4732 lrabeat
582 4674 761 4733 aenonomia
783 4673 984 4751 Coparnieana
1003 4691 1058 4734 seu
1080 4676 1188 4734 valaris
1212 4672 1372 4750 Aristarchi
1393 4670 1485 4732 samii
1507 4668 1697 4747 Pythagorici

348 4758 565 4835 dispositionem
586 4761 687 4820 mundi
715 4760 833 4820 mobilis
861 4760 963 4838 mlum,
991 4769 1026 4820 ut
1051 4763 1111 4820 dut
1138 4761 1168 4819 in
1198 4780 1233 4821 en
1262 4753 1313 4820 aar
1342 4758 1427 4818 orbas
1457 4773 1509 4818 sen
1539 4757 1696 4824 cunicula.

264 4890 265 4931 3
348 4847 418 4906 circa
440 4862 547 4923 corpus
569 4845 646 4907 Solis
674 4849 704 4906 in
732 4853 833 4909 mnino
863 4848 1014 4909 immobile
1035 4847 1232 4908 cnenmdnctn
1252 4848 1426 4924 magnisque
1448 4853 1478 4905 at
1499 4845 1575 4906 inter
1593 4838 1628 4905 'se
1650 4844 1696 4906 iu·

347 4933 516 5008 aequalibus
535 4933 699 4994 intervallis
721 4934 853 5013 diremta,
875 4935 994 4996 Saturni
1017 4936 1125 5006 extimi,
1147 4933 1253 4994 deinde
1275 4933 1378 5011 iovis,
1401 4931 1467 4993 dein
1491 4932 1606 5011 Mariis,
1627 4931 1695 4993 inde

346 5015 468 5081 Telluris
491 5036 555 5081 cum
580 5019 680 5095 buna,
703 5029 765 5081 tum
788 5021 925 5095 Veneris,
948 5022 1075 5098 deniqne
1096 5020 1231 5080 Mercurii
1254 5021 1362 5082 intimi:
1392 5035 1516 5097 cumque
1538 5019 1696 5097 ligustrum

346 5103 443 5168 barm
465 5111 595 5186 qninqns
615 5109 734 5188 propria
756 5116 785 5170 ct
807 5111 972 5170 essentialia
999 5111 1037 5168 sit
1066 5109 1215 5186 inscriptio
1245 5109 1274 5166 in
1302 5107 1482 5186 sphaericam
1513 5105 1695 5184 superinen

349 5211 409 5255 oum
430 5196 564 5274 angulis,
593 5204 622 5256 et
644 5196 871 5275 circumscriptio
899 5199 977 5259 cuca
997 5195 1180 5276 sphaericam
1208 5195 1390 5275 superficiem
1413 5213 1478 5259 cum
1501 5195 1606 5257 munis
1626 5193 1695 5276 pla·
