4467 6192
538 597 603 663 474
1054 594 1086 650 ln
1102 591 1277 652 Harmoniam
1294 590 1392 648 Mundi

537 768 651 826 tioribus
667 774 732 826 ente
749 785 836 825 annos
854 771 888 827 it
914 771 944 839 (1,
964 777 1037 840 tat),
1064 777 1092 826 et
1116 771 1145 824 in
1171 770 1238 826 libro
1262 769 1296 823 de
1314 767 1398 824 Stella
1415 768 1494 823 Nova
1518 769 1583 824 aute
1600 778 1688 820 annos
1708 763 1800 832 10111
1819 762 1886 829 6411,

537 863 644 904 rursum
661 848 691 902 'm
709 848 801 906 Tertio
819 848 1018 904 Interveniente
1035 855 1099 904 ante
1116 850 1232 906 mnosi
1251 849 1365 916 (11101),
1384 853 1412 902 et
1430 845 1546 914 deniqne
1563 844 1592 902 in
1608 841 1809 900 Dissertatione
1827 857 1887 896 cun

536 928 635 982 nuncio
652 928 760 983 sidereo
777 928 892 985 Galilsei
908 936 973 985 saie
991 945 1077 984 annos
1095 929 1112 984 6
1139 933 1179 989 sil
1199 933 1258 990 aaa)
1275 943 1330 982 non
1348 939 1437 995 pauca
1454 923 1586 990 disserui,
1610 921 1678 977 iacit
1704 929 1798 976 tamen
1823 936 1888 974 non·

536 1004 672 1061 nudorum
690 1008 824 1063 cscosalia
839 1013 869 1063 et
885 1007 1027 1077 snpinltas,
1045 1015 1077 1062 at
1095 1008 1177 1062 etiam
1195 1007 1247 1063 hoc
1264 1006 1325 1062 loeo
1344 1006 1380 1060 sit
1396 1002 1499 1072 aliquid
1516 1001 1670 1084 1111111111

548 1139 556 1154 ·
620 1122 725 1180 Notent
740 1124 822 1194 igitur
840 1131 952 1180 naturae
974 1121 1088 1180 studiosi
1115 1129 1170 1180 tam
1198 1121 1276 1180 initia
1293 1137 1373 1192 quarn
1391 1119 1551 1190 progressus
1569 1117 1741 1175 inventorum
1760 1123 1789 1171 et
1807 1115 1888 1170 intro

536 1203 678 1264 ductorum
697 1222 835 1262 ‚novosmu
862 1209 1028 1274 aspectuum.
1063 1201 1096 1258 In
1112 1203 1245 1276 Mysterio
1265 1201 1493 1272 cosmographico
1520 1197 1628 1254 ostendi
1652 1213 1688 1252 ex
1713 1194 1889 1258 harmonicis,

535 1289 639 1351 septem
658 1285 765 1341 omnino
784 1301 845 1340 esse
864 1283 1008 1338 divisiones
1032 1281 1150 1338 chordae
1176 1281 1359 1339 harmonicas.
1385 1279 1425 1335 sic
1451 1284 1636 1346 comparatas,
1662 1281 1694 1332 ut
1720 1280 1819 1345 partes
1836 1279 1890 1326 tam

534 1361 605 1416 inter
623 1378 660 1431 aa,
679 1381 760 1432 qnam
779 1380 840 1425 cum
857 1353 963 1438 integra
974 1361 1082 1418 chorda
1098 1367 1256 1418 consonent.
1293 1360 1359 1416 Gan
1377 1359 1420 1413 his
1444 1363 1550 1427 septem
1565 1355 1746 1412 divbionrhns
1764 1354 1891 1418 chordae,

534 1455 604 1509 quae
620 1440 692 1496 lines
709 1449 784 1512 recta
802 1449 859 1510 est,
879 1439 1122 1496 manuducentibns
1140 1440 1296 1495 Ptolemaeo
1315 1445 1342 1492 et
1361 1436 1483 1493 Cardono
1502 1433 1679 1490 animadverti
1697 1434 1890 1502 cognationem

533 1519 701 1581 intercedere
718 1518 831 1576 totidem
850 1518 1026 1574 divisionibus
1044 1517 1137 1574 cuculi
1162 1535 1212 1588 per
1237 1516 1446 1586 applicationem
1463 1513 1595 1568 linearma
1611 1518 1765 1574 1111111111,
1792 1510 1890 1580 quibus

533 1593 637 1664 figurae
653 1598 792 1665 regulares
809 1598 994 1655 inscrrbuncnr
1016 1597 1130 1668 eiren103
1159 1603 1224 1653 sunt
1246 1603 1337 1650 sutem
1361 1595 1413 1649 hae
1436 1595 1509 1648 latus
1528 1591 1683 1662 astragali,
1710 1591 1788 1646 latus
1813 1590 1890 1660 qain-

534 1676 669 1746 qnanguli,
687 1678 758 1734 latus
776 1677 970 1750 quadranguli,
990 1676 1062 1732 latus
1080 1677 1224 1746 trianguli,
1243 1675 1375 1732 subtensa
1392 1671 1479 1728 tribus
1497 1674 1613 1742 octavis,
1632 1670 1767 1740 subtensa
1785 1671 1892 1726 duab·

532 1752 635 1820 quintis
660 1757 784 1826 partibus
801 1758 896 1818 circuli
912 1772 962 1811 seu
985 1756 1033 1813 uni
1058 1756 1157 1832 angulo
1181 1751 1391 1826 quinquennii,
1419 1758 1448 1806 et
1473 1751 1614 1808 diameter.
1648 1749 1831 1820 Cognationis
1848 1749 1890 1803 les

440 1885 445 1894 ,
533 1829 602 1886 haec
620 1844 674 1903 est,
703 1834 776 1905 quod
795 1835 911 1892 circulus
928 1834 971 1889 his
990 1842 1094 1904 septem
1123 1834 1208 1889 modis
1233 1831 1334 1888 divisam
1353 1847 1401 1886 seu
1420 1830 1588 1899 signatasin
1607 1828 1810 1898 unaqualibet
1827 1825 1890 1882 divi-

533 1911 609 1967 sione
629 1913 735 1971 duabus
753 1919 833 1986 notis,
852 1929 943 1971 mcum
962 1915 1076 1984 ejusque
1094 1915 1253 1968 subtcnsam
1270 1911 1485 1978 terminantibus,
1505 1910 1528 1965 si
1546 1910 1710 1965 extendatur
1728 1910 1758 1964 in
1775 1915 1890 1974 rectum
1976 1957 1977 1970 2

533 1988 674 2046 diremtus.
688 1995 718 2053 ia
743 2012 799 2051 uns
824 2003 950 2052 notarum
975 1994 1079 2062 uacqm
1105 1993 1210 2059 morde
1230 2001 1259 2046 et
1285 1997 1455 2060 supponatur
1476 1989 1628 2058 magadium
1651 1995 1735 2043 notae
1754 1985 1889 2054 reliquae:
1976 2013 1977 2034 1

533 2076 625 2135 1101111
651 2075 777 2143 magadio
798 2075 944 2130 distinctae
971 2081 1002 2130 et
1021 2074 1094 2130 inter
1115 2089 1146 2128 se
1168 2080 1196 2128 et
1219 2087 1279 2126 aum
1306 2079 1366 2125 tota
1389 2067 1490 2124 chorda
1516 2074 1674 2122 consonant.
1712 2065 1783 2122 Cum
1810 2065 1891 2132 igitur

533 2145 629 2202 harum
647 2161 750 2220 septem
769 2154 863 2210 circuli
880 2152 1050 2222 divisionum,
1068 2151 1292 2223 respondentium
1309 2157 1414 2220 septem
1433 2149 1608 2204 divisionibus
1627 2145 1795 2202 harmonicis
1815 2143 1890 2198 chor·

533 2225 592 2295 dae,
611 2235 727 2298 quatuor
745 2233 811 2299 sint,
831 2249 900 2302 qnae
919 2232 1035 2287 formant
1052 2241 1189 2302 aspectus,
1208 2230 1242 2285 ab
1261 2230 1404 2299 astrologis
1423 2230 1562 2286 observari
1580 2227 1683 2297 solitos,
1703 2225 1813 2280 scilicet
1832 2240 1890 2280 sex·

433 2354 437 2360 .
492 2345 495 2350 -
532 2306 684 2377 molaria,
699 2311 939 2380 quadrangularis,
958 2313 1132 2383 triangularis
1151 2318 1179 2368 et
1197 2311 1376 2378 diametralis,
1395 2310 1544 2368 efficientes
1563 2307 1695 2376 sernlem,
1714 2305 1889 2376 quadratum,
1976 2349 1977 2359 ,

532 2384 631 2439 trinum
651 2390 862 2459 etoppositnm,
891 2397 918 2447 et
941 2408 1001 2445 cum
1025 2395 1154 2446 constans
1174 2391 1342 2460 experientia
1363 2391 1526 2455 testaretur,
1555 2385 1655 2454 iignras
1672 2385 1726 2440 has
1744 2381 1840 2438 valere
1857 2379 1889 2434 sd
1975 2371 1977 2422 i

531 2460 695 2539 incitandam
712 2475 837 2523 naturam
855 2470 1040 2540 sublunarem,
1065 2472 1173 2541 quoties
1191 2471 1305 2526 duorum
1328 2470 1500 2540 planetarum
1517 2467 1585 2522 radii
1602 2465 1685 2521 talem
1702 2461 1814 2517 zodiaci
1831 2475 1890 2529 pas-

532 2547 587 2596 tem
604 2542 793 2614 intercipiunt,
811 2561 866 2600 non
884 2549 972 2605 minus
992 2563 1083 2617 qnam‘
1091 2549 1209 2605 chordae
1227 2547 1372 2605 divisiones
1390 2545 1585 2616 respondentes
1603 2543 1697 2600 saleni
1713 2541 1752 2596 sd
1771 2539 1891 2595 suaviter

532 2615 724 2679 demulcendas
741 2629 835 2690 aures:
862 2625 888 2681 in
907 2627 978 2684 hanc
997 2629 1150 2699 opinionem
1168 2627 1279 2698 transii,
1305 2627 1459 2683 Creatorem
1474 2633 1525 2702 put
1543 2641 1577 2680 ex
1594 2621 1762 2680 harmonicis
1779 2617 1890 2674 rationi·
1976 2653 1977 2660 ,

525 2685 581 2753 ‘hus
599 2699 763 2756 desumaisse
781 2701 855 2774 loges
875 2691 1084 2762 ordinandorum
1096 2714 1263 2778 aspectuum,
1282 2713 1329 2762 ant
1346 2705 1381 2762 ad
1399 2705 1533 2761 coelestes
1545 2707 1673 2776 aspectus
1691 2707 1890 2770 attempemose

532 2790 610 2832 aures
628 2776 773 2849 humanas,
797 2784 1049 2841 concordantiarum
1064 2783 1179 2852 jndices.
1215 2785 1282 2841 inde
1294 2801 1363 2840 vero
1382 2783 1557 2854 sequebatur,
1580 2788 1707 2852 oportere
1725 2795 1779 2836 noa
1799 2775 1889 2850 plures
1976 2779 1977 2827 l

533 2856 614 2910 eiiam
632 2864 660 2912 et
678 2860 785 2913 omnino
803 2871 909 2930 septem
933 2862 962 2916 in
987 2862 1063 2916 coelo
1082 2865 1227 2920 observare
1245 2871 1373 2934 aspectus
1395 2870 1504 2934 praeter
1521 2861 1756 2930 conjunctionem,
1786 2856 1890 2914 scilicet
1976 2905 1977 2912 ,

531 2934 612 2988 etiarn
630 2936 784 3006 quintilem,
811 2938 981 3008 biquinailam
999 2943 1237 3013 etsesqnsdrnnu
1264 2943 1344 3000 sicuti
1363 2952 1428 2999 sunt
1449 2943 1477 2996 in
1495 2943 1599 2997 manca
1615 2945 1726 3009 praeter
1744 2939 1889 2994 unisonum

531 3019 636 3083 septen
654 3014 724 3070 aliae
741 3031 822 3072 seces
840 3019 1038 3081 concordantes
1055 3037 1116 3075 cunr
1135 3022 1200 3090 ima,
1228 3023 1349 3094 singulae
1373 3037 1407 3076 ex
1432 3021 1546 3098 siugulis
1572 3018 1752 3074 divisionibus
1770 3017 1890 3073 chordae

531 3102 622 3168 ortae,
645 3095 734 3150 ut'ita
749 3110 832 3152 cansa
850 3112 899 3152 sno
918 3097 1028 3153 edectm
1044 3099 1220 3173 adaequetur.
1254 3099 1435 3170 Sequentrbns
1458 3099 1535 3154 annis
1554 3111 1615 3152 cnm
1634 3097 1785 3166 diligenter
1803 3103 1889 3152 11111-

513 3172 621 3260 ‘darem
640 3173 675 3228 sd
694 3174 764 3245 dies,
784 3175 881 3244 quibas
899 3174 968 3232 talea
987 3185 1115 3248 aspectus
1135 3180 1308 3248 contingunt,
1327 3181 1433 3251 quoties
1452 3177 1503 3233 soli
1521 3175 1692 3236 incidebant,
1708 3175 1890 3232 animadverti

531 3251 705 3321 creberrime,
732 3254 873 3322 quintilem
899 3262 927 3309 et
942 3256 1115 3325 biquintilsm
1133 3257 1259 3314 efficaces
1283 3273 1357 3326 esse,
1384 3257 1519 3313 interdum
1541 3256 1624 3312 etism
1641 3254 1814 3324 sasqusdrus
1831 3269 1891 3309 sese

531 3329 647 3397 prodere
665 3330 816 3387 videbatur.
853 3332 978 3388 conclusi
996 3335 1093 3404 igitur,
1121 3334 1261 3392 addendos
1279 3353 1339 3392 esse
1357 3345 1411 3394 tres
1435 3337 1486 3390 hos
1505 3341 1632 3402 aspectus
1650 3331 1780 3403 reliquis,
1809 3333 1888 3401 idque

531 3407 566 3461 ad
584 3406 759 3465 hlaestlinum
778 3415 805 3473 (L
825 3416 885 3471 toli
904 3421 932 3465 et
949 3411 1103 3468 Fabricium
1123 3417 1152 3479 (1.
1166 3420 1216 3468 ³09
1235 3434 1255 3468 s.
1274 3419 1335 3486 tta)
1353 3414 1499 3485 perscripsi
1517 3421 1544 3468 et
1562 3429 1633 3468 anuo
1651 3413 1733 3470 1602
1753 3413 1889 3470 massus

531 3487 566 3543 de
576 3486 772 3544 Fundamentis
788 3490 968 3562 astrologiae,
987 3493 1087 3563 quibus
1104 3492 1179 3552 illius
1198 3493 1261 3548 anni
1279 3493 1470 3566 prognosticon
1490 3509 1550 3548 sum
1568 3491 1738 3564 complexus,
1757 3491 1889 3561 evulgavi

530 3565 575 3620 Ex
593 3565 645 3621 hoc
662 3567 755 3636 itaque
772 3576 894 3639 tempore
912 3574 1034 3627 certatim
1051 3580 1218 3640 prognostae
1236 3571 1279 3628 his
1298 3580 1412 3629 utuntur
1438 3570 1603 3641 aspectibus.
1639 3569 1693 3626 Sed
1712 3569 1817 3625 accidit
1834 3569 1889 3639 qui

530 3642 653 3712 busdam,
672 3653 703 3701 ut
721 3647 975 3716 sesquiqnadratnm
991 3651 1020 3704 in
1038 3650 1268 3719 semiqusdratnm
1286 3650 1460 3720 mutaverint,
1478 3666 1527 3704 seu
1545 3665 1638 3709 errore
1653 3648 1761 3704 librarii
1778 3648 1888 3714 inducti,

531 3723 588 3777 sire
607 3739 657 3778 sua
673 3725 891 3787 ratiocinatione.
918 3729 975 3784 sive
999 3729 1115 3798 denique
1140 3731 1310 3786 anctoritate.
1347 3729 1416 3786 Nam
1441 3747 1501 3786 curn
1521 3745 1571 3798 ogo
1589 3745 1639 3797 pro
1657 3727 1888 3797 sesquiqusdraao
1974 3719 1976 3764 i

531 3802 672 3858 brevitatis
690 3820 774 3860 musa
792 3805 960 3879 scripsissem
979 3809 1158 3878 sesqnadrum
1187 3811 1269 3879 (quod
1296 3809 1438 3864 ridebatur
1456 3825 1555 3864 sonare
1579 3808 1689 3863 latinius
1707 3824 1794 3877 quam
1812 3809 1887 3864 triac
1975 3791 1976 3846 3

530 3880 604 3950 “fitis
621 3884 811 3956 typographu,
831 3886 931 3942 alicubi
948 3889 1036 3958 sigma
1056 3889 1174 3944 medium
1193 3889 1283 3945 onisii
1301 3879 1489 3958 expressitque
1508 3885 1685 3956 seqsadrnm3
1705 3891 1735 3941 et
1753 3886 1809 3942 hac
1826 3900 1887 3940 voce
1974 3923 1975 3933 ,

531 3965 647 4016 utuntur
664 3962 748 4018 hodie
763 3963 847 4033 aliqui
864 3981 915 4034 pro
940 3967 1098 4036 sesqnadro.
1138 3968 1221 4036 Atqui
1246 3967 1396 4037 saqnsdrus
1419 3973 1497 4022 sonat
1522 3963 1723 4034 semiquedrnm
1742 3981 1794 4020 san
1814 3963 1888 4020 seni-

531 4039 705 4112 mairacum,
734 4049 765 4098 ut
783 4043 881 4099 selibra
899 4046 1077 4116 semilrbram,
1104 4046 1241 4102 semodius
1267 4045 1459 4110 semimodium.
1495 4045 1592 4114 ltaque
1614 4043 1661 4098 alii
1683 4043 1796 4114 decepti
1814 4043 1888 4098 semi·
1974 4081 1975 4096 ,

532 4117 689 4188 quadratos,
707 4121 735 4176 id
755 4130 797 4178 est
813 4124 916 4195 octiles,
935 4133 1093 4195 computant
1110 4144 1160 4196 pro
1180 4111 1346 4197 desquadris,
1365 4129 1414 4183 li·
1430 4139 1480 4195 pro
1499 4125 1573 4180 1³5⁰.
1604 4121 1682 4190 Quod
1701 4139 1767 4178 cum
1785 4129 1888 4179 1111111
1974 4135 1975 4158 ¹

530 4199 680 4257 monuisset
694 4202 801 4260 Marius
825 4205 853 4260 iu
875 4206 1049 4274 prognostico
1071 4207 1136 4262 anni
1155 4207 1238 4271 1611,
1266 4206 1371 4265 exstitit
1393 4214 1484 4262 tamen
1502 4202 1672 4272 astrologus,
1699 4203 1749 4274 qui
1768 4209 1802 4258 nt
1819 4209 1887 4259 recte
1974 4233 1975 4240 1

531 4275 633 4332 iactum
651 4288 809 4337 cantamen
826 4293 958 4355 tueretur,
976 4288 1024 4356 qni
1042 4287 1123 4345 etiam
1138 4285 1387 4355 hoczmihitribuit,
1403 4302 1440 4342 er
1459 4299 1519 4340 mea
1531 4283 1667 4338 sentena'a
1684 4282 1887 4353 seniqnsdrns
1974 4319 1975 4326 κ

531 4356 737 4427 observandum,
757 4363 830 4429 qnod
843 4380 894 4433 ego
908 4381 961 4420 non
980 4381 1015 4420 ax
1032 4366 1114 4421 animi
1132 4367 1276 4432 sententis,
1294 4367 1342 4422 sed
1355 4365 1452 4422 saltem
1469 4371 1501 4421 at
1517 4363 1698 4430 objectionem
1715 4363 1885 4431 meipsam

531 4433 641 4489 Scilicet
658 4438 729 4494 ratio
746 4442 880 4509 merjam
899 4457 932 4498 ex
950 4442 1114 4498 harmonicis
1131 4444 1267 4514 explicata
1284 4460 1338 4500 non
1356 4445 1423 4499 satis
1441 4443 1542 4498 insedit
1558 4443 1690 4498 lectorum
1708 4442 1825 4508 11111111,
1843 4441 1887 4494 iis

531 4527 584 4580 qno
601 4514 715 4571 velutin
729 4520 946 4589 supplementum
964 4523 1025 4590 ejus
1043 4531 1186 4578 accersunt
1203 4521 1420 4592 praecellentiam
1438 4522 1611 4593 semiqnadri,
1628 4519 1677 4575 sed
1696 4533 1731 4573 ex
1749 4515 1886 4589 principis
1974 4531 1975 4534 ’

530 4590 610 4660 longe
628 4594 695 4649 aliis.
732 4597 763 4653 ln
782 4599 816 4654 iis
834 4615 899 4654 vero
914 4601 1070 4670 principis,
1090 4618 1162 4671 quse
1179 4611 1244 4658 tunc
1262 4619 1312 4670 ego
1332 4603 1478 4684 sequebar,
1497 4601 1602 4657 nullum
1620 4600 1712 4654 locum
1729 4597 1833 4653 habuit
1850 4611 1885 4650 se·

530 4670 687 4737 miquadnis
705 4676 747 4729 vel
766 4677 862 4745 octilis,
880 4677 1000 4745 hoc'est,
1020 4679 1114 4735 divisio
1134 4677 1252 4735 chordae
1270 4685 1386 4749 cognata
1403 4679 1558 4747 octangnlo.
1583 4677 1678 4734 Divisa
1695 4676 1770 4731 enim
1789 4673 1885 4734 chorda

529 4747 558 4802 in
578 4751 589 4802 1
611 4755 685 4821 117,
711 4755 764 4809 1111
780 4761 950 4823 segmentum
970 4759 981 4811 1
1002 4773 1063 4811 cnm
1081 4765 1141 4814 tota
1157 4759 1175 4813 a
1194 4763 1338 4826 consonat,
1365 4760 1456 4812 umen
1475 4773 1563 4827 neque
1586 4757 1726 4813 residuum
1742 4758 1764 4811 'i
1783 4755 1882 4819 eumd

486 4834 498 4852 '
529 4837 619 4898 nequa
641 4832 656 4885 1
676 4847 737 4888 cum
756 4839 773 4890 7
790 4843 946 4892 consonant.
982 4837 1067 4893 81111
1090 4843 1133 4892 eat
1156 4837 1184 4892 in
1211 4835 1360 4906 sesqaadro
1384 4851 1434 4890 sen
1453 4837 1579 4901 inostili,
1604 4837 1653 4894 ubi
1670 4835 1791 4892 circulus
1810 4843 1839 4889 et
1853 4829 1883 4887 sd

529 4907 590 4977 eius
607 4911 762 4980 exemplum
778 4913 882 4970 chorda
899 4914 1025 4971 dividitur
1042 4916 1069 4970 in
1088 4917 1145 4972 311
1157 4919 1187 4986 53
1207 4919 1358 4972 consonant
1376 4915 1446 4971 enim
1457 4923 1512 4974 1111
1532 4921 1674 4992 segmenta
1691 4914 1752 4972 311
1764 4915 1790 4976 h,
1807 4923 1882 4982 qua!

529 4991 1133 5060 totumiictcnmtetenmtoonsonst
1258 5001 1264 5022 ²
1525 5016 1529 5026 ·
