<?xml version="1.0" encoding="UTF-8"?>
<!DOCTYPE html PUBLIC "-//W3C//DTD XHTML 1.0 Transitional//EN"
    "http://www.w3.org/TR/xhtml1/DTD/xhtml1-transitional.dtd">
<html xmlns="http://www.w3.org/1999/xhtml" xml:lang="en" lang="en">
 <head>
  <title>
</title>
<meta http-equiv="Content-Type" content="text/html;charset=utf-8" />
  <meta name='ocr-system' content='tesseract 3.04.00' />
  <meta name='ocr-capabilities' content='ocr_page ocr_carea ocr_par ocr_line ocrx_word'/>
</head>
<body>
  <div class='ocr_page' id='page_1' title='image "./joanniskepleria19frisgoog_0429.png"; bbox 0 0 4467 6192; ppageno 0'>
   <div class='ocr_carea' id='block_1_1' title="bbox 851 644 1694 731">
    <p class='ocr_par' dir='ltr' id='par_1_1' title="bbox 851 644 1694 731">
     <span class='ocr_line' id='line_1_1' title="bbox 851 644 1694 731; baseline 0.011 -15"><span class='ocrx_word' id='word_1_1' title='bbox 851 660 933 717; x_wconf 74' lang='lat' dir='ltr'><strong>cicer</strong></span> <span class='ocrx_word' id='word_1_2' title='bbox 950 660 998 717; x_wconf 88' lang='grc' dir='ltr'>ιιι.</span> <span class='ocrx_word' id='word_1_3' title='bbox 1018 662 1106 731; x_wconf 70' lang='lat' dir='ltr'><strong>crpus</strong></span> <span class='ocrx_word' id='word_1_4' title='bbox 1123 658 1197 717; x_wconf 85' lang='lat' dir='ltr'><strong>xm.</strong></span> <span class='ocrx_word' id='word_1_5' title='bbox 1560 644 1566 653; x_wconf 84' lang='grc'><strong>’</strong></span> <span class='ocrx_word' id='word_1_6' title='bbox 1633 658 1694 726; x_wconf 83' lang='grc' dir='ltr'><strong>ιιι</strong></span> 
     </span>
    </p>
   </div>
   <div class='ocr_carea' id='block_1_2' title="bbox 343 827 1696 985">
    <p class='ocr_par' dir='ltr' id='par_1_2' title="bbox 343 827 1696 985">
     <span class='ocr_line' id='line_1_2' title="bbox 345 827 1696 910; baseline -0.001 -23"><span class='ocrx_word' id='word_1_7' title='bbox 345 834 528 903; x_wconf 79' lang='lat' dir='ltr'><strong>opposituml:</strong></span> <span class='ocrx_word' id='word_1_8' title='bbox 554 836 583 893; x_wconf 89' lang='lat' dir='ltr'><strong>id</strong></span> <span class='ocrx_word' id='word_1_9' title='bbox 607 841 673 907; x_wconf 92' lang='lat' dir='ltr'><strong>puto</strong></span> <span class='ocrx_word' id='word_1_10' title='bbox 695 835 851 892; x_wconf 83' lang='lat' dir='ltr'><strong>Ptolemaeo</strong></span> <span class='ocrx_word' id='word_1_11' title='bbox 876 836 979 907; x_wconf 81' lang='lat' dir='ltr'><strong>negotii</strong></span> <span class='ocrx_word' id='word_1_12' title='bbox 996 841 1101 893; x_wconf 88' lang='lat' dir='ltr'><strong>tautum</strong></span> <span class='ocrx_word' id='word_1_13' title='bbox 1118 834 1277 909; x_wconf 74' lang='lat' dir='ltr'><strong>reliquisse,</strong></span> <span class='ocrx_word' id='word_1_14' title='bbox 1304 836 1336 890; x_wconf 93' lang='lat' dir='ltr'><strong>ut</strong></span> <span class='ocrx_word' id='word_1_15' title='bbox 1351 847 1401 910; x_wconf 87' lang='lat' dir='ltr'><strong>pro</strong></span> <span class='ocrx_word' id='word_1_16' title='bbox 1419 830 1582 902; x_wconf 66' lang='lat' dir='ltr'><strong>mundone</strong></span> <span class='ocrx_word' id='word_1_17' title='bbox 1599 827 1696 906; x_wconf 87' lang='lat' dir='ltr'><strong>capitis</strong></span> 
     </span>
     <span class='ocr_line' id='line_1_3' title="bbox 343 912 1573 985; baseline 0 -17"><span class='ocrx_word' id='word_1_18' title='bbox 343 912 489 985; x_wconf 77' lang='lat' dir='ltr'><strong>problema</strong></span> <span class='ocrx_word' id='word_1_19' title='bbox 505 916 608 969; x_wconf 86' lang='lat' dir='ltr'><strong>nudum</strong></span> <span class='ocrx_word' id='word_1_20' title='bbox 626 915 763 970; x_wconf 79' lang='lat' dir='ltr'><strong>censuerit</strong></span> <span class='ocrx_word' id='word_1_21' title='bbox 779 912 993 985; x_wconf 88' lang='lat' dir='ltr'><strong>relinquendum.</strong></span> <span class='ocrx_word' id='word_1_22' title='bbox 1112 928 1116 937; x_wconf 81' lang='lat'><strong><em>¹</em></strong></span> <span class='ocrx_word' id='word_1_23' title='bbox 1569 949 1573 961; x_wconf 79' lang='lat'><strong>·</strong></span> 
     </span>
    </p>
   </div>
   <div class='ocr_carea' id='block_1_3' title="bbox 435 986 1698 1085">
    <p class='ocr_par' dir='ltr' id='par_1_3' title="bbox 435 986 1698 1085">
     <span class='ocr_line' id='line_1_4' title="bbox 435 986 1698 1085; baseline 0 -20"><span class='ocrx_word' id='word_1_24' title='bbox 435 1008 508 1065; x_wconf 86' lang='lat' dir='ltr'><strong>Nota</strong></span> <span class='ocrx_word' id='word_1_25' title='bbox 521 1009 571 1066; x_wconf 80' lang='grc' dir='ltr'><strong>-Ν,</strong></span> <span class='ocrx_word' id='word_1_26' title='bbox 608 1010 726 1065; x_wconf 77' lang='lat' dir='ltr'><strong>Rursum</strong></span> <span class='ocrx_word' id='word_1_27' title='bbox 743 1010 796 1065; x_wconf 92' lang='lat' dir='ltr'><strong>boc</strong></span> <span class='ocrx_word' id='word_1_28' title='bbox 814 1010 907 1067; x_wconf 87' lang='lat' dir='ltr'><strong>turbat</strong></span> <span class='ocrx_word' id='word_1_29' title='bbox 923 1010 1153 1083; x_wconf 87' lang='lat' dir='ltr'><strong>comparationem</strong></span> <span class='ocrx_word' id='word_1_30' title='bbox 1171 986 1329 1085; x_wconf 80' lang='lat' dir='ltr'><strong>perfectam,</strong></span> <span class='ocrx_word' id='word_1_31' title='bbox 1348 1009 1487 1083; x_wconf 84' lang='lat' dir='ltr'><strong>quodSol,</strong></span> <span class='ocrx_word' id='word_1_32' title='bbox 1505 1011 1634 1079; x_wconf 83' lang='lat' dir='ltr'><strong>respectu</strong></span> <span class='ocrx_word' id='word_1_33' title='bbox 1650 1005 1698 1065; x_wconf 79' lang='lat' dir='ltr'><strong>Sa·</strong></span> 
     </span>
    </p>
   </div>
   <div class='ocr_carea' id='block_1_4' title="bbox 343 1082 1806 1163">
    <p class='ocr_par' dir='ltr' id='par_1_4' title="bbox 343 1082 1806 1163">
     <span class='ocr_line' id='line_1_5' title="bbox 343 1082 1806 1163; baseline -0.004 -20"><span class='ocrx_word' id='word_1_34' title='bbox 343 1088 421 1143; x_wconf 87' lang='lat' dir='ltr'><strong>turni</strong></span> <span class='ocrx_word' id='word_1_35' title='bbox 440 1094 551 1142; x_wconf 85' lang='lat' dir='ltr'><strong>acutum</strong></span> <span class='ocrx_word' id='word_1_36' title='bbox 569 1090 713 1150; x_wconf 84' lang='lat' dir='ltr'><strong>terminum</strong></span> <span class='ocrx_word' id='word_1_37' title='bbox 730 1090 815 1161; x_wconf 89' lang='lat' dir='ltr'><strong>ipsius</strong></span> <span class='ocrx_word' id='word_1_38' title='bbox 834 1088 967 1163; x_wconf 86' lang='lat' dir='ltr'><strong>diapason</strong></span> <span class='ocrx_word' id='word_1_39' title='bbox 985 1090 1119 1159; x_wconf 88' lang='lat' dir='ltr'><strong>obtinens,</strong></span> <span class='ocrx_word' id='word_1_40' title='bbox 1136 1106 1192 1148; x_wconf 90' lang='lat' dir='ltr'><strong>non</strong></span> <span class='ocrx_word' id='word_1_41' title='bbox 1210 1098 1300 1149; x_wconf 85' lang='lat' dir='ltr'><strong>tanen</strong></span> <span class='ocrx_word' id='word_1_42' title='bbox 1317 1088 1434 1149; x_wconf 68' lang='lat' dir='ltr'><strong>habam</strong></span> <span class='ocrx_word' id='word_1_43' title='bbox 1455 1088 1537 1147; x_wconf 78' lang='lat' dir='ltr'><strong>edura</strong></span> <span class='ocrx_word' id='word_1_44' title='bbox 1554 1102 1604 1159; x_wconf 91' lang='lat' dir='ltr'><strong>pro</strong></span> <span class='ocrx_word' id='word_1_45' title='bbox 1621 1082 1698 1139; x_wconf 79' lang='lat' dir='ltr'><strong>iesti-</strong></span> <span class='ocrx_word' id='word_1_46' title='bbox 1799 1096 1806 1111; x_wconf 93' lang='lat'><strong>·</strong></span> 
     </span>
    </p>
   </div>
   <div class='ocr_carea' id='block_1_5' title="bbox 343 1164 1698 1319">
    <p class='ocr_par' dir='ltr' id='par_1_5' title="bbox 343 1164 1698 1319">
     <span class='ocr_line' id='line_1_6' title="bbox 343 1164 1698 1239; baseline 0.002 -18"><span class='ocrx_word' id='word_1_47' title='bbox 343 1169 410 1223; x_wconf 89' lang='lat' dir='ltr'><strong>nino</strong></span> <span class='ocrx_word' id='word_1_48' title='bbox 430 1168 553 1237; x_wconf 84' lang='lat' dir='ltr'><strong>planeta,</strong></span> <span class='ocrx_word' id='word_1_49' title='bbox 572 1176 599 1223; x_wconf 88' lang='lat' dir='ltr'><strong>et</strong></span> <span class='ocrx_word' id='word_1_50' title='bbox 617 1168 690 1239; x_wconf 94' lang='lat' dir='ltr'><strong>quod</strong></span> <span class='ocrx_word' id='word_1_51' title='bbox 708 1168 859 1225; x_wconf 89' lang='lat' dir='ltr'><strong>Mercurios</strong></span> <span class='ocrx_word' id='word_1_52' title='bbox 878 1168 1024 1238; x_wconf 89' lang='lat' dir='ltr'><strong>promiscui</strong></span> <span class='ocrx_word' id='word_1_53' title='bbox 1044 1182 1127 1225; x_wconf 84' lang='lat' dir='ltr'><strong>sexus</strong></span> <span class='ocrx_word' id='word_1_54' title='bbox 1146 1169 1277 1239; x_wconf 86' lang='lat' dir='ltr'><strong>babetur,</strong></span> <span class='ocrx_word' id='word_1_55' title='bbox 1303 1185 1366 1225; x_wconf 87' lang='lat' dir='ltr'><strong>cum</strong></span> <span class='ocrx_word' id='word_1_56' title='bbox 1386 1175 1479 1225; x_wconf 86' lang='lat' dir='ltr'><strong>tamen</strong></span> <span class='ocrx_word' id='word_1_57' title='bbox 1496 1181 1552 1225; x_wconf 90' lang='lat' dir='ltr'><strong>uon</strong></span> <span class='ocrx_word' id='word_1_58' title='bbox 1570 1164 1698 1227; x_wconf 74' lang='lat' dir='ltr'><strong>acuatur</strong></span> 
     </span>
     <span class='ocr_line' id='line_1_7' title="bbox 343 1246 947 1319; baseline 0.008 -19"><span class='ocrx_word' id='word_1_59' title='bbox 343 1260 446 1315; x_wconf 85' lang='lat' dir='ltr'><strong>sonum</strong></span> <span class='ocrx_word' id='word_1_60' title='bbox 464 1264 582 1317; x_wconf 82' lang='lat' dir='ltr'><strong>gravem,</strong></span> <span class='ocrx_word' id='word_1_61' title='bbox 602 1246 732 1319; x_wconf 74' lang='lat' dir='ltr'><strong>diapason</strong></span> <span class='ocrx_word' id='word_1_62' title='bbox 750 1248 947 1317; x_wconf 76' lang='lat' dir='ltr'><strong>terminantem.</strong></span> 
     </span>
    </p>
   </div>
   <div class='ocr_carea' id='block_1_6' title="bbox 342 1330 1699 2363">
    <p class='ocr_par' dir='ltr' id='par_1_6' title="bbox 342 1330 1699 1653">
     <span class='ocr_line' id='line_1_8' title="bbox 435 1330 1698 1425; baseline -0.005 -26"><span class='ocrx_word' id='word_1_63' title='bbox 435 1344 510 1399; x_wconf 77' lang='lat' dir='ltr'><strong>Nota</strong></span> <span class='ocrx_word' id='word_1_64' title='bbox 527 1336 559 1399; x_wconf 79' lang='lat' dir='ltr'><strong>V.</strong></span> <span class='ocrx_word' id='word_1_65' title='bbox 596 1344 667 1401; x_wconf 86' lang='lat' dir='ltr'><strong>Satis</strong></span> <span class='ocrx_word' id='word_1_66' title='bbox 685 1344 771 1401; x_wconf 89' lang='lat' dir='ltr'><strong>multa</strong></span> <span class='ocrx_word' id='word_1_67' title='bbox 788 1346 833 1401; x_wconf 91' lang='lat' dir='ltr'><strong>bic</strong></span> <span class='ocrx_word' id='word_1_68' title='bbox 845 1352 909 1403; x_wconf 88' lang='lat' dir='ltr'><strong>sunt</strong></span> <span class='ocrx_word' id='word_1_69' title='bbox 926 1330 1048 1417; x_wconf 74' lang='lat' dir='ltr'><strong>aggesta,</strong></span> <span class='ocrx_word' id='word_1_70' title='bbox 1060 1360 1150 1415; x_wconf 89' lang='lat' dir='ltr'><strong>neque</strong></span> <span class='ocrx_word' id='word_1_71' title='bbox 1162 1352 1253 1401; x_wconf 89' lang='lat' dir='ltr'><strong>tamen</strong></span> <span class='ocrx_word' id='word_1_72' title='bbox 1267 1343 1467 1425; x_wconf 71' lang='lat' dir='ltr'><strong>asboloqoruta</strong></span> <span class='ocrx_word' id='word_1_73' title='bbox 1477 1338 1586 1399; x_wconf 76' lang='lat' dir='ltr'><strong>uaditio</strong></span> <span class='ocrx_word' id='word_1_74' title='bbox 1598 1343 1642 1395; x_wconf 93' lang='lat' dir='ltr'><strong>est</strong></span> <span class='ocrx_word' id='word_1_75' title='bbox 1652 1353 1698 1393; x_wconf 80' lang='lat' dir='ltr'><strong>ex·</strong></span> 
     </span>
     <span class='ocr_line' id='line_1_9' title="bbox 343 1406 1699 1499; baseline 0.001 -26"><span class='ocrx_word' id='word_1_76' title='bbox 343 1434 452 1489; x_wconf 81' lang='lat' dir='ltr'><strong>pressa</strong></span> <span class='ocrx_word' id='word_1_77' title='bbox 481 1422 598 1481; x_wconf 85' lang='lat' dir='ltr'><strong>Rursum</strong></span> <span class='ocrx_word' id='word_1_78' title='bbox 616 1424 688 1479; x_wconf 91' lang='lat' dir='ltr'><strong>enim</strong></span> <span class='ocrx_word' id='word_1_79' title='bbox 704 1423 750 1479; x_wconf 88' lang='lat' dir='ltr'><strong>bic</strong></span> <span class='ocrx_word' id='word_1_80' title='bbox 768 1424 906 1495; x_wconf 88' lang='lat' dir='ltr'><strong>discrepat</strong></span> <span class='ocrx_word' id='word_1_81' title='bbox 921 1427 983 1494; x_wconf 89' lang='lat' dir='ltr'><strong>hoc,</strong></span> <span class='ocrx_word' id='word_1_82' title='bbox 1006 1424 1080 1499; x_wconf 83' lang='lat' dir='ltr'><strong>quod</strong></span> <span class='ocrx_word' id='word_1_83' title='bbox 1098 1424 1207 1494; x_wconf 82' lang='lat' dir='ltr'><strong>Jupiter</strong></span> <span class='ocrx_word' id='word_1_84' title='bbox 1228 1431 1258 1480; x_wconf 88' lang='lat' dir='ltr'><strong>et</strong></span> <span class='ocrx_word' id='word_1_85' title='bbox 1274 1422 1440 1489; x_wconf 86' lang='lat' dir='ltr'><strong>Mercurius,</strong></span> <span class='ocrx_word' id='word_1_86' title='bbox 1462 1421 1538 1474; x_wconf 89' lang='lat' dir='ltr'><strong>Mars</strong></span> <span class='ocrx_word' id='word_1_87' title='bbox 1560 1423 1590 1473; x_wconf 89' lang='lat' dir='ltr'><strong>et</strong></span> <span class='ocrx_word' id='word_1_88' title='bbox 1606 1406 1699 1475; x_wconf 73' lang='lat' dir='ltr'><strong>tana</strong></span> 
     </span>
     <span class='ocr_line' id='line_1_10' title="bbox 342 1496 1699 1570; baseline -0.001 -17"><span class='ocrx_word' id='word_1_89' title='bbox 342 1496 458 1567; x_wconf 87' lang='lat' dir='ltr'><strong>domos,</strong></span> <span class='ocrx_word' id='word_1_90' title='bbox 485 1498 594 1569; x_wconf 85' lang='lat' dir='ltr'><strong>Jupiter</strong></span> <span class='ocrx_word' id='word_1_91' title='bbox 611 1508 639 1557; x_wconf 89' lang='lat' dir='ltr'><strong>et</strong></span> <span class='ocrx_word' id='word_1_92' title='bbox 656 1502 745 1570; x_wconf 91' lang='lat' dir='ltr'><strong>Mars,</strong></span> <span class='ocrx_word' id='word_1_93' title='bbox 770 1504 863 1559; x_wconf 87' lang='lat' dir='ltr'><strong>Venus</strong></span> <span class='ocrx_word' id='word_1_94' title='bbox 880 1512 909 1561; x_wconf 88' lang='lat' dir='ltr'><strong>et</strong></span> <span class='ocrx_word' id='word_1_95' title='bbox 925 1506 1078 1563; x_wconf 88' lang='lat' dir='ltr'><strong>Mercurius</strong></span> <span class='ocrx_word' id='word_1_96' title='bbox 1104 1504 1286 1561; x_wconf 83' lang='lat' dir='ltr'><strong>exaltationes</strong></span> <span class='ocrx_word' id='word_1_97' title='bbox 1302 1501 1405 1557; x_wconf 84' lang='lat' dir='ltr'><strong>babent</strong></span> <span class='ocrx_word' id='word_1_98' title='bbox 1431 1497 1586 1569; x_wconf 85' lang='lat' dir='ltr'><strong>oppositas,</strong></span> <span class='ocrx_word' id='word_1_99' title='bbox 1610 1507 1699 1565; x_wconf 78' lang='lat' dir='ltr'><strong>neque</strong></span> 
     </span>
     <span class='ocr_line' id='line_1_11' title="bbox 342 1576 1622 1653; baseline 0.007 -22"><span class='ocrx_word' id='word_1_100' title='bbox 342 1584 438 1631; x_wconf 88' lang='lat' dir='ltr'><strong>tamen</strong></span> <span class='ocrx_word' id='word_1_101' title='bbox 456 1576 490 1633; x_wconf 93' lang='lat' dir='ltr'><strong>iis</strong></span> <span class='ocrx_word' id='word_1_102' title='bbox 508 1580 546 1635; x_wconf 87' lang='lat' dir='ltr'><strong>sic</strong></span> <span class='ocrx_word' id='word_1_103' title='bbox 565 1579 725 1636; x_wconf 76' lang='lat' dir='ltr'><strong>combinatis</strong></span> <span class='ocrx_word' id='word_1_104' title='bbox 741 1583 909 1651; x_wconf 83' lang='lat' dir='ltr'><strong>respondent</strong></span> <span class='ocrx_word' id='word_1_105' title='bbox 927 1585 987 1639; x_wconf 90' lang='lat' dir='ltr'><strong>soni</strong></span> <span class='ocrx_word' id='word_1_106' title='bbox 1005 1585 1138 1653; x_wconf 82' lang='lat' dir='ltr'><strong>diapason</strong></span> <span class='ocrx_word' id='word_1_107' title='bbox 1155 1582 1295 1639; x_wconf 62' lang='lat' dir='ltr'><strong>unientes.</strong></span> <span class='ocrx_word' id='word_1_108' title='bbox 1546 1626 1550 1633; x_wconf 86' lang='lat'><strong>.</strong></span> <span class='ocrx_word' id='word_1_109' title='bbox 1617 1592 1622 1601; x_wconf 89' lang='grc'><strong><em>’</em></strong></span> 
     </span>
    </p>

    <p class='ocr_par' dir='ltr' id='par_1_7' title="bbox 344 1654 1699 2363">
     <span class='ocr_line' id='line_1_12' title="bbox 431 1654 1699 1731; baseline -0.001 -19"><span class='ocrx_word' id='word_1_110' title='bbox 431 1655 468 1709; x_wconf 87' lang='grc' dir='ltr'>.Ιιι</span> <span class='ocrx_word' id='word_1_111' title='bbox 485 1672 591 1724; x_wconf 75' lang='lat' dir='ltr'><strong>genere,</strong></span> <span class='ocrx_word' id='word_1_112' title='bbox 610 1656 683 1727; x_wconf 89' lang='lat' dir='ltr'><strong>quod</strong></span> <span class='ocrx_word' id='word_1_113' title='bbox 701 1656 795 1713; x_wconf 91' lang='lat' dir='ltr'><strong>domos</strong></span> <span class='ocrx_word' id='word_1_114' title='bbox 814 1667 843 1715; x_wconf 87' lang='lat' dir='ltr'><strong>et</strong></span> <span class='ocrx_word' id='word_1_115' title='bbox 860 1660 1040 1717; x_wconf 86' lang='lat' dir='ltr'><strong>exaltationes</strong></span> <span class='ocrx_word' id='word_1_116' title='bbox 1057 1661 1164 1723; x_wconf 85' lang='lat' dir='ltr'><strong>attinet.</strong></span> <span class='ocrx_word' id='word_1_117' title='bbox 1194 1662 1276 1731; x_wconf 73' lang='lat' dir='ltr'><strong>longe</strong></span> <span class='ocrx_word' id='word_1_118' title='bbox 1294 1660 1348 1715; x_wconf 84' lang='lat' dir='ltr'><strong>alis</strong></span> <span class='ocrx_word' id='word_1_119' title='bbox 1365 1674 1447 1728; x_wconf 91' lang='lat' dir='ltr'><strong>quam</strong></span> <span class='ocrx_word' id='word_1_120' title='bbox 1464 1654 1630 1720; x_wconf 71' lang='lat' dir='ltr'><strong>Mmonioe,</strong></span> <span class='ocrx_word' id='word_1_121' title='bbox 1647 1667 1699 1707; x_wconf 78' lang='lat' dir='ltr'><strong>uec</strong></span> 
     </span>
     <span class='ocr_line' id='line_1_13' title="bbox 344 1725 1698 1812; baseline 0.004 -28"><span class='ocrx_word' id='word_1_122' title='bbox 344 1725 484 1803; x_wconf 75' lang='lat' dir='ltr'><strong>profunde</strong></span> <span class='ocrx_word' id='word_1_123' title='bbox 502 1734 705 1806; x_wconf 87' lang='lat' dir='ltr'><strong>philosophica,</strong></span> <span class='ocrx_word' id='word_1_124' title='bbox 729 1737 776 1791; x_wconf 89' lang='lat' dir='ltr'><strong>sed</strong></span> <span class='ocrx_word' id='word_1_125' title='bbox 801 1737 868 1795; x_wconf 83' lang='lat' dir='ltr'><strong>levis</strong></span> <span class='ocrx_word' id='word_1_126' title='bbox 893 1742 984 1811; x_wconf 87' lang='lat' dir='ltr'><strong>potius</strong></span> <span class='ocrx_word' id='word_1_127' title='bbox 1008 1748 1036 1797; x_wconf 88' lang='lat' dir='ltr'><strong>et</strong></span> <span class='ocrx_word' id='word_1_128' title='bbox 1058 1742 1170 1812; x_wconf 89' lang='lat' dir='ltr'><strong>puerilis</strong></span> <span class='ocrx_word' id='word_1_129' title='bbox 1192 1756 1276 1797; x_wconf 86' lang='lat' dir='ltr'><strong>cansa</strong></span> <span class='ocrx_word' id='word_1_130' title='bbox 1293 1739 1399 1795; x_wconf 77' lang='lat' dir='ltr'><strong>vidam</strong></span> <span class='ocrx_word' id='word_1_131' title='bbox 1419 1749 1481 1791; x_wconf 83' lang='lat' dir='ltr'><strong>esse</strong></span> <span class='ocrx_word' id='word_1_132' title='bbox 1499 1729 1698 1789; x_wconf 73' lang='lat' dir='ltr'><strong>distributionis</strong></span> 
     </span>
     <span class='ocr_line' id='line_1_14' title="bbox 344 1808 1699 1889; baseline -0.001 -22"><span class='ocrx_word' id='word_1_133' title='bbox 344 1812 488 1881; x_wconf 80' lang='lat' dir='ltr'><strong>signorum</strong></span> <span class='ocrx_word' id='word_1_134' title='bbox 505 1816 576 1871; x_wconf 90' lang='lat' dir='ltr'><strong>inter</strong></span> <span class='ocrx_word' id='word_1_135' title='bbox 593 1817 725 1886; x_wconf 82' lang='lat' dir='ltr'><strong>planetas.</strong></span> <span class='ocrx_word' id='word_1_136' title='bbox 761 1816 880 1875; x_wconf 91' lang='lat' dir='ltr'><strong>Primum</strong></span> <span class='ocrx_word' id='word_1_137' title='bbox 897 1818 964 1875; x_wconf 92' lang='lat' dir='ltr'><strong>ordo</strong></span> <span class='ocrx_word' id='word_1_138' title='bbox 982 1818 1153 1889; x_wconf 78' lang='lat' dir='ltr'><strong>planetamm</strong></span> <span class='ocrx_word' id='word_1_139' title='bbox 1170 1819 1265 1889; x_wconf 90' lang='lat' dir='ltr'><strong>primis</strong></span> <span class='ocrx_word' id='word_1_140' title='bbox 1282 1814 1440 1873; x_wconf 89' lang='lat' dir='ltr'><strong>auctoribus</strong></span> <span class='ocrx_word' id='word_1_141' title='bbox 1458 1813 1503 1869; x_wconf 88' lang='lat' dir='ltr'><strong>bic</strong></span> <span class='ocrx_word' id='word_1_142' title='bbox 1519 1816 1579 1871; x_wconf 80' lang='lat' dir='ltr'><strong>crat</strong></span> <span class='ocrx_word' id='word_1_143' title='bbox 1595 1810 1624 1867; x_wconf 90' lang='lat' dir='ltr'><strong>in</strong></span> <span class='ocrx_word' id='word_1_144' title='bbox 1641 1808 1699 1865; x_wconf 57' lang='lat' dir='ltr'><strong>ania</strong></span> 
     </span>
     <span class='ocr_line' id='line_1_15' title="bbox 345 1889 1699 1969; baseline -0.006 -14"><span class='ocrx_word' id='word_1_145' title='bbox 345 1908 408 1961; x_wconf 83' lang='lat'><strong>11¹0,</strong></span> <span class='ocrx_word' id='word_1_146' title='bbox 436 1894 463 1949; x_wconf 82' lang='lat' dir='ltr'><strong>iu</strong></span> <span class='ocrx_word' id='word_1_147' title='bbox 483 1911 537 1963; x_wconf 79' lang='lat' dir='ltr'><strong>quo</strong></span> <span class='ocrx_word' id='word_1_148' title='bbox 555 1901 618 1964; x_wconf 82' lang='lat' dir='ltr'><strong>post</strong></span> <span class='ocrx_word' id='word_1_149' title='bbox 633 1896 750 1950; x_wconf 87' lang='lat' dir='ltr'><strong>Martem</strong></span> <span class='ocrx_word' id='word_1_150' title='bbox 769 1893 861 1951; x_wconf 87' lang='lat' dir='ltr'><strong>Venus</strong></span> <span class='ocrx_word' id='word_1_151' title='bbox 879 1898 1017 1967; x_wconf 89' lang='lat' dir='ltr'><strong>seqnitur,</strong></span> <span class='ocrx_word' id='word_1_152' title='bbox 1042 1906 1106 1969; x_wconf 90' lang='lat' dir='ltr'><strong>post</strong></span> <span class='ocrx_word' id='word_1_153' title='bbox 1132 1899 1202 1955; x_wconf 88' lang='lat' dir='ltr'><strong>banc</strong></span> <span class='ocrx_word' id='word_1_154' title='bbox 1218 1897 1389 1964; x_wconf 87' lang='lat' dir='ltr'><strong>Mercurius,</strong></span> <span class='ocrx_word' id='word_1_155' title='bbox 1417 1903 1475 1951; x_wconf 86' lang='lat' dir='ltr'><strong>tum</strong></span> <span class='ocrx_word' id='word_1_156' title='bbox 1493 1890 1556 1961; x_wconf 83' lang='lat' dir='ltr'><strong>Sol,</strong></span> <span class='ocrx_word' id='word_1_157' title='bbox 1582 1889 1699 1958; x_wconf 77' lang='lat' dir='ltr'><strong>denique</strong></span> 
     </span>
     <span class='ocr_line' id='line_1_16' title="bbox 344 1970 1699 2043; baseline 0.007 -14"><span class='ocrx_word' id='word_1_158' title='bbox 344 1970 434 2029; x_wconf 87' lang='lat' dir='ltr'><strong>Luna.</strong></span> <span class='ocrx_word' id='word_1_159' title='bbox 470 1975 531 2029; x_wconf 87' lang='lat' dir='ltr'><strong>Jam</strong></span> <span class='ocrx_word' id='word_1_160' title='bbox 555 1974 737 2043; x_wconf 87' lang='lat' dir='ltr'><strong>apenulb&#39;mu</strong></span> <span class='ocrx_word' id='word_1_161' title='bbox 756 1973 820 2029; x_wconf 86' lang='lat' dir='ltr'><strong>Sole</strong></span> <span class='ocrx_word' id='word_1_162' title='bbox 843 1976 949 2036; x_wconf 88' lang='lat' dir='ltr'><strong>initium</strong></span> <span class='ocrx_word' id='word_1_163' title='bbox 967 1977 1094 2034; x_wconf 90' lang='lat' dir='ltr'><strong>domuum</strong></span> <span class='ocrx_word' id='word_1_164' title='bbox 1116 1977 1349 2033; x_wconf 83' lang='lat' dir='ltr'><strong>attribuendamm</strong></span> <span class='ocrx_word' id='word_1_165' title='bbox 1374 1972 1534 2029; x_wconf 80' lang='lat' dir='ltr'><strong>estfactum</strong></span> <span class='ocrx_word' id='word_1_166' title='bbox 1552 1970 1699 2037; x_wconf 60' lang='lat' dir='ltr'><strong>daucum</strong></span> 
     </span>
     <span class='ocr_line' id='line_1_17' title="bbox 346 2048 1698 2125; baseline 0.005 -20"><span class='ocrx_word' id='word_1_167' title='bbox 346 2051 380 2119; x_wconf 90' lang='lat' dir='ltr'><strong>ei,</strong></span> <span class='ocrx_word' id='word_1_168' title='bbox 401 2060 433 2121; x_wconf 86' lang='lat' dir='ltr'><strong>ut</strong></span> <span class='ocrx_word' id='word_1_169' title='bbox 453 2052 625 2123; x_wconf 85' lang='lat' dir='ltr'><strong>calidissimo,</strong></span> <span class='ocrx_word' id='word_1_170' title='bbox 644 2054 750 2125; x_wconf 79' lang='lat' dir='ltr'><strong>signum</strong></span> <span class='ocrx_word' id='word_1_171' title='bbox 762 2054 871 2121; x_wconf 86' lang='lat' dir='ltr'><strong>Leonis,</strong></span> <span class='ocrx_word' id='word_1_172' title='bbox 889 2064 920 2110; x_wconf 83' lang='lat' dir='ltr'><strong>ut</strong></span> <span class='ocrx_word' id='word_1_173' title='bbox 939 2056 1129 2111; x_wconf 86' lang='lat' dir='ltr'><strong>calidissimam</strong></span> <span class='ocrx_word' id='word_1_174' title='bbox 1142 2056 1206 2114; x_wconf 90' lang='lat' dir='ltr'><strong>anni</strong></span> <span class='ocrx_word' id='word_1_175' title='bbox 1223 2063 1329 2125; x_wconf 86' lang='lat' dir='ltr'><strong>partem</strong></span> <span class='ocrx_word' id='word_1_176' title='bbox 1346 2053 1465 2121; x_wconf 71' lang='lat' dir='ltr'><strong>signam,</strong></span> <span class='ocrx_word' id='word_1_177' title='bbox 1483 2049 1546 2108; x_wconf 85' lang='lat' dir='ltr'><strong>Sole</strong></span> <span class='ocrx_word' id='word_1_178' title='bbox 1560 2064 1601 2123; x_wconf 78' lang='lat' dir='ltr'><strong>sc.</strong></span> <span class='ocrx_word' id='word_1_179' title='bbox 1619 2048 1652 2112; x_wconf 75' lang='lat' dir='ltr'><strong>in.</strong></span> <span class='ocrx_word' id='word_1_180' title='bbox 1665 2062 1698 2101; x_wconf 73' lang='lat' dir='ltr'><strong>e0</strong></span> 
     </span>
     <span class='ocr_line' id='line_1_18' title="bbox 344 2129 1698 2203; baseline 0.001 -22"><span class='ocrx_word' id='word_1_181' title='bbox 344 2136 483 2189; x_wconf 77' lang='lat' dir='ltr'><strong>versante.</strong></span> <span class='ocrx_word' id='word_1_182' title='bbox 521 2134 587 2189; x_wconf 86' lang='lat' dir='ltr'><strong>Com</strong></span> <span class='ocrx_word' id='word_1_183' title='bbox 611 2138 701 2189; x_wconf 69' lang='lat' dir='ltr'><strong>numm</strong></span> <span class='ocrx_word' id='word_1_184' title='bbox 727 2133 773 2189; x_wconf 89' lang='lat' dir='ltr'><strong>Sol</strong></span> <span class='ocrx_word' id='word_1_185' title='bbox 797 2142 871 2191; x_wconf 86' lang='lat' dir='ltr'><strong>esset</strong></span> <span class='ocrx_word' id='word_1_186' title='bbox 893 2133 1073 2203; x_wconf 86' lang='lat' dir='ltr'><strong>penultimus,</strong></span> <span class='ocrx_word' id='word_1_187' title='bbox 1094 2136 1214 2189; x_wconf 83' lang='lat' dir='ltr'><strong>Leonem</strong></span> <span class='ocrx_word' id='word_1_188' title='bbox 1232 2134 1315 2189; x_wconf 87' lang='lat' dir='ltr'><strong>etiam</strong></span> <span class='ocrx_word' id='word_1_189' title='bbox 1338 2129 1482 2202; x_wconf 80' lang='lat' dir='ltr'><strong>oportebat</strong></span> <span class='ocrx_word' id='word_1_190' title='bbox 1505 2143 1566 2184; x_wconf 89' lang='lat' dir='ltr'><strong>esse</strong></span> <span class='ocrx_word' id='word_1_191' title='bbox 1591 2129 1698 2197; x_wconf 75' lang='lat' dir='ltr'><strong>siquam</strong></span> 
     </span>
     <span class='ocr_line' id='line_1_19' title="bbox 345 2206 1698 2281; baseline -0.002 -16"><span class='ocrx_word' id='word_1_192' title='bbox 345 2210 541 2279; x_wconf 87' lang='lat' dir='ltr'><strong>penultimum,</strong></span> <span class='ocrx_word' id='word_1_193' title='bbox 566 2211 619 2265; x_wconf 90' lang='lat' dir='ltr'><strong>boc</strong></span> <span class='ocrx_word' id='word_1_194' title='bbox 636 2218 679 2267; x_wconf 88' lang='lat' dir='ltr'><strong>est</strong></span> <span class='ocrx_word' id='word_1_195' title='bbox 696 2226 766 2281; x_wconf 90' lang='lat' dir='ltr'><strong>pene</strong></span> <span class='ocrx_word' id='word_1_196' title='bbox 789 2212 940 2281; x_wconf 84' lang='lat' dir='ltr'><strong>proximum</strong></span> <span class='ocrx_word' id='word_1_197' title='bbox 959 2210 1108 2266; x_wconf 79' lang='lat' dir='ltr'><strong>cervicibus</strong></span> <span class='ocrx_word' id='word_1_198' title='bbox 1131 2227 1182 2267; x_wconf 89' lang='lat' dir='ltr'><strong>seu</strong></span> <span class='ocrx_word' id='word_1_199' title='bbox 1198 2211 1291 2267; x_wconf 79' lang='lat' dir='ltr'><strong>vertici</strong></span> <span class='ocrx_word' id='word_1_200' title='bbox 1308 2216 1412 2267; x_wconf 89' lang='lat' dir='ltr'><strong>nostro.</strong></span> <span class='ocrx_word' id='word_1_201' title='bbox 1447 2210 1542 2264; x_wconf 84' lang='lat' dir='ltr'><strong>Lunae</strong></span> <span class='ocrx_word' id='word_1_202' title='bbox 1559 2206 1698 2278; x_wconf 74' lang='lat' dir='ltr'><strong>igiturla·</strong></span> 
     </span>
     <span class='ocr_line' id='line_1_20' title="bbox 345 2286 1697 2363; baseline -0.003 -16"><span class='ocrx_word' id='word_1_203' title='bbox 345 2290 428 2347; x_wconf 85' lang='lat' dir='ltr'><strong>timae</strong></span> <span class='ocrx_word' id='word_1_204' title='bbox 447 2286 550 2347; x_wconf 82' lang='lat' dir='ltr'><strong>Cancer</strong></span> <span class='ocrx_word' id='word_1_205' title='bbox 569 2290 724 2361; x_wconf 86' lang='lat' dir='ltr'><strong>debebatur,</strong></span> <span class='ocrx_word' id='word_1_206' title='bbox 743 2292 849 2363; x_wconf 74' lang='lat' dir='ltr'><strong>signum</strong></span> <span class='ocrx_word' id='word_1_207' title='bbox 867 2291 962 2348; x_wconf 84' lang='lat' dir='ltr'><strong>uertici</strong></span> <span class='ocrx_word' id='word_1_208' title='bbox 980 2292 1141 2361; x_wconf 83' lang='lat' dir='ltr'><strong>proximum.</strong></span> <span class='ocrx_word' id='word_1_209' title='bbox 1178 2289 1295 2346; x_wconf 90' lang='lat' dir='ltr'><strong>Duobus</strong></span> <span class='ocrx_word' id='word_1_210' title='bbox 1312 2289 1397 2358; x_wconf 82' lang='lat' dir='ltr'><strong>siquis</strong></span> <span class='ocrx_word' id='word_1_211' title='bbox 1414 2288 1448 2347; x_wconf 89' lang='lat' dir='ltr'><strong>dc</strong></span> <span class='ocrx_word' id='word_1_212' title='bbox 1466 2302 1577 2342; x_wconf 83' lang='lat' dir='ltr'><strong>numero</strong></span> <span class='ocrx_word' id='word_1_213' title='bbox 1595 2286 1697 2343; x_wconf 79' lang='lat' dir='ltr'><strong>duodo·</strong></span> 
     </span>
    </p>
   </div>
   <div class='ocr_carea' id='block_1_7' title="bbox 251 2363 1699 2441">
    <p class='ocr_par' dir='ltr' id='par_1_8' title="bbox 251 2363 1699 2441">
     <span class='ocr_line' id='line_1_21' title="bbox 251 2363 1699 2441; baseline -0.003 -16"><span class='ocrx_word' id='word_1_214' title='bbox 251 2434 252 2437; x_wconf 8' lang='grc' dir='ltr'><strong>Ἴ</strong></span> <span class='ocrx_word' id='word_1_215' title='bbox 345 2371 424 2425; x_wconf 84' lang='lat' dir='ltr'><strong>nario</strong></span> <span class='ocrx_word' id='word_1_216' title='bbox 444 2373 482 2435; x_wconf 88' lang='lat' dir='ltr'><strong>(et</strong></span> <span class='ocrx_word' id='word_1_217' title='bbox 498 2371 558 2440; x_wconf 91' lang='lat' dir='ltr'><strong>ipso</strong></span> <span class='ocrx_word' id='word_1_218' title='bbox 578 2370 734 2441; x_wconf 83' lang='lat' dir='ltr'><strong>arbitrario,</strong></span> <span class='ocrx_word' id='word_1_219' title='bbox 760 2379 790 2426; x_wconf 90' lang='lat' dir='ltr'><strong>ut</strong></span> <span class='ocrx_word' id='word_1_220' title='bbox 808 2370 915 2427; x_wconf 90' lang='lat' dir='ltr'><strong>ostendi</strong></span> <span class='ocrx_word' id='word_1_221' title='bbox 932 2369 1002 2426; x_wconf 90' lang='lat' dir='ltr'><strong>libro</strong></span> <span class='ocrx_word' id='word_1_222' title='bbox 1022 2372 1055 2426; x_wconf 91' lang='lat' dir='ltr'><strong>de</strong></span> <span class='ocrx_word' id='word_1_223' title='bbox 1072 2372 1151 2425; x_wconf 81' lang='lat' dir='ltr'><strong>Nova</strong></span> <span class='ocrx_word' id='word_1_224' title='bbox 1169 2363 1263 2437; x_wconf 83' lang='lat' dir='ltr'><strong>Stella)</strong></span> <span class='ocrx_word' id='word_1_225' title='bbox 1280 2369 1310 2425; x_wconf 89' lang='lat' dir='ltr'><strong>in</strong></span> <span class='ocrx_word' id='word_1_226' title='bbox 1327 2367 1397 2423; x_wconf 88' lang='lat' dir='ltr'><strong>duas</strong></span> <span class='ocrx_word' id='word_1_227' title='bbox 1414 2366 1539 2436; x_wconf 84' lang='lat' dir='ltr'><strong>planetas</strong></span> <span class='ocrx_word' id='word_1_228' title='bbox 1557 2364 1591 2421; x_wconf 90' lang='lat' dir='ltr'><strong>de</strong></span> <span class='ocrx_word' id='word_1_229' title='bbox 1608 2372 1699 2439; x_wconf 76' lang='lat' dir='ltr'><strong>septe·</strong></span> 
     </span>
    </p>
   </div>
   <div class='ocr_carea' id='block_1_8' title="bbox 250 2442 1767 5197">
    <p class='ocr_par' dir='ltr' id='par_1_9' title="bbox 250 2442 1767 5035">
     <span class='ocr_line' id='line_1_22' title="bbox 251 2442 1698 2519; baseline 0 -16"><span class='ocrx_word' id='word_1_230' title='bbox 251 2516 252 2519; x_wconf 9' lang='lat'>¹</span> <span class='ocrx_word' id='word_1_231' title='bbox 345 2450 427 2510; x_wconf 86' lang='lat' dir='ltr'><strong>nario</strong></span> <span class='ocrx_word' id='word_1_232' title='bbox 443 2450 590 2517; x_wconf 86' lang='lat' dir='ltr'><strong>absumtis,</strong></span> <span class='ocrx_word' id='word_1_233' title='bbox 615 2465 662 2505; x_wconf 87' lang='lat' dir='ltr'><strong>eos</strong></span> <span class='ocrx_word' id='word_1_234' title='bbox 681 2450 804 2519; x_wconf 86' lang='lat' dir='ltr'><strong>quidem,</strong></span> <span class='ocrx_word' id='word_1_235' title='bbox 833 2450 879 2519; x_wconf 90' lang='lat' dir='ltr'><strong>qui</strong></span> <span class='ocrx_word' id='word_1_236' title='bbox 897 2450 1027 2519; x_wconf 86' lang='lat' dir='ltr'><strong>peculiari</strong></span> <span class='ocrx_word' id='word_1_237' title='bbox 1041 2450 1103 2517; x_wconf 89' lang='lat' dir='ltr'><strong>jure</strong></span> <span class='ocrx_word' id='word_1_238' title='bbox 1120 2450 1264 2507; x_wconf 86' lang='lat' dir='ltr'><strong>luminaria</strong></span> <span class='ocrx_word' id='word_1_239' title='bbox 1286 2448 1353 2505; x_wconf 88' lang='lat' dir='ltr'><strong>dicti</strong></span> <span class='ocrx_word' id='word_1_240' title='bbox 1372 2444 1503 2518; x_wconf 84' lang='lat' dir='ltr'><strong>peculiari</strong></span> <span class='ocrx_word' id='word_1_241' title='bbox 1519 2445 1600 2503; x_wconf 83' lang='lat' dir='ltr'><strong>etiarn</strong></span> <span class='ocrx_word' id='word_1_242' title='bbox 1618 2442 1698 2499; x_wconf 86' lang='lat' dir='ltr'><strong>medo</strong></span> 
     </span>
     <span class='ocr_line' id='line_1_23' title="bbox 251 2523 1699 2601; baseline -0.006 -18"><span class='ocrx_word' id='word_1_243' title='bbox 251 2540 252 2599; x_wconf 29' lang='grc' dir='ltr'>ζ</span> <span class='ocrx_word' id='word_1_244' title='bbox 345 2528 458 2601; x_wconf 80' lang='lat' dir='ltr'><strong>singula</strong></span> <span class='ocrx_word' id='word_1_245' title='bbox 475 2536 580 2585; x_wconf 81' lang='lat' dir='ltr'><strong>uotum</strong></span> <span class='ocrx_word' id='word_1_246' title='bbox 598 2530 675 2597; x_wconf 76' lang='lat' dir='ltr'><strong>signa</strong></span> <span class='ocrx_word' id='word_1_247' title='bbox 693 2530 833 2600; x_wconf 86' lang='lat' dir='ltr'><strong>possidere</strong></span> <span class='ocrx_word' id='word_1_248' title='bbox 851 2538 915 2585; x_wconf 85' lang='lat' dir='ltr'><strong>sunt</strong></span> <span class='ocrx_word' id='word_1_249' title='bbox 929 2528 1013 2598; x_wconf 61' lang='lat' dir='ltr'><strong>jussu</strong></span> <span class='ocrx_word' id='word_1_250' title='bbox 1032 2528 1257 2599; x_wconf 87' lang='lat' dir='ltr'><strong>relinquebantur</strong></span> <span class='ocrx_word' id='word_1_251' title='bbox 1273 2526 1384 2582; x_wconf 88' lang='lat' dir='ltr'><strong>residua</strong></span> <span class='ocrx_word' id='word_1_252' title='bbox 1401 2526 1495 2580; x_wconf 83' lang='lat' dir='ltr'><strong>decem</strong></span> <span class='ocrx_word' id='word_1_253' title='bbox 1511 2524 1599 2593; x_wconf 76' lang='lat' dir='ltr'><strong>signa,</strong></span> <span class='ocrx_word' id='word_1_254' title='bbox 1615 2523 1645 2579; x_wconf 91' lang='lat' dir='ltr'><strong>in</strong></span> <span class='ocrx_word' id='word_1_255' title='bbox 1657 2534 1699 2575; x_wconf 89' lang='lat' dir='ltr'><strong>re·</strong></span> 
     </span>
     <span class='ocr_line' id='line_1_24' title="bbox 250 2598 1699 2696; baseline -0.004 -33"><span class='ocrx_word' id='word_1_256' title='bbox 250 2616 253 2696; x_wconf 21' lang='grc' dir='ltr'><em>ὲ</em></span> <span class='ocrx_word' id='word_1_257' title='bbox 345 2609 443 2665; x_wconf 89' lang='lat' dir='ltr'><strong>siduos</strong></span> <span class='ocrx_word' id='word_1_258' title='bbox 467 2610 586 2677; x_wconf 89' lang='lat' dir='ltr'><strong>quinque</strong></span> <span class='ocrx_word' id='word_1_259' title='bbox 611 2608 735 2678; x_wconf 86' lang='lat' dir='ltr'><strong>planetas</strong></span> <span class='ocrx_word' id='word_1_260' title='bbox 760 2609 847 2663; x_wconf 84' lang='lat' dir='ltr'><strong>etsie</strong></span> <span class='ocrx_word' id='word_1_261' title='bbox 870 2608 983 2663; x_wconf 81' lang='lat' dir='ltr'><strong>binain</strong></span> <span class='ocrx_word' id='word_1_262' title='bbox 1005 2609 1129 2679; x_wconf 71' lang='lat' dir='ltr'><strong>ragdos</strong></span> <span class='ocrx_word' id='word_1_263' title='bbox 1154 2607 1346 2665; x_wconf 81' lang='lat' dir='ltr'><strong>distribuenda.</strong></span> <span class='ocrx_word' id='word_1_264' title='bbox 1382 2607 1473 2674; x_wconf 78' lang='lat' dir='ltr'><strong>Atque</strong></span> <span class='ocrx_word' id='word_1_265' title='bbox 1496 2604 1537 2660; x_wconf 89' lang='lat' dir='ltr'><strong>sic</strong></span> <span class='ocrx_word' id='word_1_266' title='bbox 1553 2598 1699 2665; x_wconf 77' lang='lat' dir='ltr'><strong>Mercurio,</strong></span> 
     </span>
     <span class='ocr_line' id='line_1_25' title="bbox 346 2682 1699 2755; baseline -0.005 -16"><span class='ocrx_word' id='word_1_267' title='bbox 346 2684 394 2754; x_wconf 90' lang='lat' dir='ltr'><strong>qui</strong></span> <span class='ocrx_word' id='word_1_268' title='bbox 413 2686 539 2753; x_wconf 86' lang='lat' dir='ltr'><strong>proxime</strong></span> <span class='ocrx_word' id='word_1_269' title='bbox 556 2686 733 2742; x_wconf 85' lang='lat' dir='ltr'><strong>luminaribus</strong></span> <span class='ocrx_word' id='word_1_270' title='bbox 752 2686 927 2753; x_wconf 86' lang='lat' dir='ltr'><strong>succedebat,</strong></span> <span class='ocrx_word' id='word_1_271' title='bbox 949 2686 1072 2755; x_wconf 83' lang='lat' dir='ltr'><strong>proxima</strong></span> <span class='ocrx_word' id='word_1_272' title='bbox 1090 2686 1180 2755; x_wconf 80' lang='lat' dir='ltr'><strong>signa,</strong></span> <span class='ocrx_word' id='word_1_273' title='bbox 1206 2686 1312 2741; x_wconf 87' lang='lat' dir='ltr'><strong>Gemini</strong></span> <span class='ocrx_word' id='word_1_274' title='bbox 1330 2692 1358 2740; x_wconf 90' lang='lat' dir='ltr'><strong>et</strong></span> <span class='ocrx_word' id='word_1_275' title='bbox 1375 2686 1471 2752; x_wconf 76' lang='lat' dir='ltr'><strong>Virgo,</strong></span> <span class='ocrx_word' id='word_1_276' title='bbox 1490 2682 1591 2741; x_wconf 71' lang='lat' dir='ltr'><strong>Veners·</strong></span> <span class='ocrx_word' id='word_1_277' title='bbox 1607 2694 1699 2738; x_wconf 85' lang='lat' dir='ltr'><strong>sacce-</strong></span> 
     </span>
     <span class='ocr_line' id='line_1_26' title="bbox 344 2759 1698 2841; baseline -0.001 -23"><span class='ocrx_word' id='word_1_278' title='bbox 344 2764 423 2819; x_wconf 83' lang='lat' dir='ltr'><strong>denti</strong></span> <span class='ocrx_word' id='word_1_279' title='bbox 442 2766 520 2835; x_wconf 79' lang='lat' dir='ltr'><strong>siqua</strong></span> <span class='ocrx_word' id='word_1_280' title='bbox 538 2764 719 2841; x_wconf 84' lang='lat' dir='ltr'><strong>succedentia,</strong></span> <span class='ocrx_word' id='word_1_281' title='bbox 738 2766 845 2823; x_wconf 88' lang='lat' dir='ltr'><strong>Taurus</strong></span> <span class='ocrx_word' id='word_1_282' title='bbox 864 2773 892 2823; x_wconf 88' lang='lat' dir='ltr'><strong>et</strong></span> <span class='ocrx_word' id='word_1_283' title='bbox 908 2765 1000 2833; x_wconf 85' lang='lat' dir='ltr'><strong>Libra,</strong></span> <span class='ocrx_word' id='word_1_284' title='bbox 1019 2766 1103 2821; x_wconf 87' lang='lat' dir='ltr'><strong>Marti</strong></span> <span class='ocrx_word' id='word_1_285' title='bbox 1121 2765 1254 2835; x_wconf 89' lang='lat' dir='ltr'><strong>superiori</strong></span> <span class='ocrx_word' id='word_1_286' title='bbox 1270 2765 1408 2833; x_wconf 73' lang='lat' dir='ltr'><strong>condqua,</strong></span> <span class='ocrx_word' id='word_1_287' title='bbox 1426 2762 1506 2821; x_wconf 75' lang='lat' dir='ltr'><strong>Aries</strong></span> <span class='ocrx_word' id='word_1_288' title='bbox 1518 2769 1548 2817; x_wconf 87' lang='lat' dir='ltr'><strong>et</strong></span> <span class='ocrx_word' id='word_1_289' title='bbox 1559 2759 1698 2828; x_wconf 78' lang='lat' dir='ltr'><strong>Scorpius,</strong></span> 
     </span>
     <span class='ocr_line' id='line_1_27' title="bbox 343 2836 1700 2915; baseline -0.006 -16"><span class='ocrx_word' id='word_1_290' title='bbox 343 2845 410 2899; x_wconf 79' lang='lat' dir='ltr'><strong>doci</strong></span> <span class='ocrx_word' id='word_1_291' title='bbox 421 2860 493 2915; x_wconf 84' lang='lat' dir='ltr'><strong>pene</strong></span> <span class='ocrx_word' id='word_1_292' title='bbox 505 2857 632 2913; x_wconf 86' lang='lat' dir='ltr'><strong>supremo</strong></span> <span class='ocrx_word' id='word_1_293' title='bbox 649 2845 824 2914; x_wconf 87' lang='lat' dir='ltr'><strong>praecedens,</strong></span> <span class='ocrx_word' id='word_1_294' title='bbox 841 2846 935 2903; x_wconf 88' lang='lat' dir='ltr'><strong>Pisces</strong></span> <span class='ocrx_word' id='word_1_295' title='bbox 950 2852 978 2901; x_wconf 88' lang='lat' dir='ltr'><strong>et</strong></span> <span class='ocrx_word' id='word_1_296' title='bbox 990 2860 1107 2914; x_wconf 86' lang='lat' dir='ltr'><strong>sequens</strong></span> <span class='ocrx_word' id='word_1_297' title='bbox 1121 2845 1291 2913; x_wconf 73' lang='lat' dir='ltr'><strong>Sagittarius,</strong></span> <span class='ocrx_word' id='word_1_298' title='bbox 1311 2844 1427 2900; x_wconf 88' lang='lat' dir='ltr'><strong>Saturno</strong></span> <span class='ocrx_word' id='word_1_299' title='bbox 1440 2841 1574 2899; x_wconf 74' lang='lat' dir='ltr'><strong>altissim</strong></span> <span class='ocrx_word' id='word_1_300' title='bbox 1590 2836 1700 2893; x_wconf 88' lang='lat' dir='ltr'><strong>residua</strong></span> 
     </span>
     <span class='ocr_line' id='line_1_28' title="bbox 344 2917 1700 2995; baseline -0.004 -18"><span class='ocrx_word' id='word_1_301' title='bbox 344 2925 427 2995; x_wconf 77' lang='lat' dir='ltr'><strong>signa</strong></span> <span class='ocrx_word' id='word_1_302' title='bbox 446 2926 626 2993; x_wconf 85' lang='lat' dir='ltr'><strong>Capricornus</strong></span> <span class='ocrx_word' id='word_1_303' title='bbox 654 2932 682 2979; x_wconf 87' lang='lat' dir='ltr'><strong>et</strong></span> <span class='ocrx_word' id='word_1_304' title='bbox 708 2924 860 2993; x_wconf 84' lang='lat' dir='ltr'><strong>Aquarius,</strong></span> <span class='ocrx_word' id='word_1_305' title='bbox 882 2925 969 2979; x_wconf 90' lang='lat' dir='ltr'><strong>Solari</strong></span> <span class='ocrx_word' id='word_1_306' title='bbox 987 2924 1073 2983; x_wconf 85' lang='lat' dir='ltr'><strong>Leoni</strong></span> <span class='ocrx_word' id='word_1_307' title='bbox 1098 2933 1126 2981; x_wconf 88' lang='lat' dir='ltr'><strong>et</strong></span> <span class='ocrx_word' id='word_1_308' title='bbox 1142 2923 1244 2982; x_wconf 85' lang='lat' dir='ltr'><strong>Lunari</strong></span> <span class='ocrx_word' id='word_1_309' title='bbox 1262 2924 1364 2979; x_wconf 87' lang='lat' dir='ltr'><strong>Cancro</strong></span> <span class='ocrx_word' id='word_1_310' title='bbox 1387 2917 1536 2991; x_wconf 81' lang='lat' dir='ltr'><strong>opposita,</strong></span> <span class='ocrx_word' id='word_1_311' title='bbox 1548 2918 1700 2976; x_wconf 77' lang='lat' dir='ltr'><strong>ueniebant</strong></span> 
     </span>
     <span class='ocr_line' id='line_1_29' title="bbox 345 2996 1698 3076; baseline -0.005 -19"><span class='ocrx_word' id='word_1_312' title='bbox 345 3002 541 3058; x_wconf 69' lang='lat' dir='ltr'><strong>exalationes</strong></span> <span class='ocrx_word' id='word_1_313' title='bbox 568 3018 639 3062; x_wconf 83' lang='lat' dir='ltr'><strong>vero·</strong></span> <span class='ocrx_word' id='word_1_314' title='bbox 658 3002 777 3071; x_wconf 86' lang='lat' dir='ltr'><strong>planetis</strong></span> <span class='ocrx_word' id='word_1_315' title='bbox 796 3002 929 3074; x_wconf 84' lang='lat' dir='ltr'><strong>oppositis</strong></span> <span class='ocrx_word' id='word_1_316' title='bbox 942 3004 1102 3076; x_wconf 62' lang='lat' dir='ltr'><strong>ausimatae</strong></span> <span class='ocrx_word' id='word_1_317' title='bbox 1121 3003 1149 3057; x_wconf 92' lang='lat' dir='ltr'><strong>in</strong></span> <span class='ocrx_word' id='word_1_318' title='bbox 1168 3001 1252 3071; x_wconf 74' lang='lat' dir='ltr'><strong>signis</strong></span> <span class='ocrx_word' id='word_1_319' title='bbox 1270 2999 1418 3073; x_wconf 72' lang='lat' dir='ltr'><strong>oppositis,</strong></span> <span class='ocrx_word' id='word_1_320' title='bbox 1446 3006 1563 3069; x_wconf 88' lang='lat' dir='ltr'><strong>quatuor</strong></span> <span class='ocrx_word' id='word_1_321' title='bbox 1589 2996 1698 3069; x_wconf 87' lang='lat' dir='ltr'><strong>quidem</strong></span> 
     </span>
     <span class='ocr_line' id='line_1_30' title="bbox 344 3073 1700 3152; baseline -0.007 -15"><span class='ocrx_word' id='word_1_322' title='bbox 344 3081 535 3151; x_wconf 86' lang='lat' dir='ltr'><strong>superioribus</strong></span> <span class='ocrx_word' id='word_1_323' title='bbox 558 3082 585 3135; x_wconf 93' lang='lat' dir='ltr'><strong>in</strong></span> <span class='ocrx_word' id='word_1_324' title='bbox 612 3088 729 3150; x_wconf 86' lang='lat' dir='ltr'><strong>quatuor</strong></span> <span class='ocrx_word' id='word_1_325' title='bbox 753 3080 936 3137; x_wconf 85' lang='lat' dir='ltr'><strong>cardinalibus</strong></span> <span class='ocrx_word' id='word_1_326' title='bbox 959 3081 1055 3149; x_wconf 77' lang='lat' dir='ltr'><strong>signis,</strong></span> <span class='ocrx_word' id='word_1_327' title='bbox 1081 3080 1152 3149; x_wconf 85' lang='lat' dir='ltr'><strong>Soli,</strong></span> <span class='ocrx_word' id='word_1_328' title='bbox 1176 3080 1223 3149; x_wconf 88' lang='lat' dir='ltr'><strong>qni</strong></span> <span class='ocrx_word' id='word_1_329' title='bbox 1246 3080 1335 3152; x_wconf 74' lang='lat' dir='ltr'><strong>aperit</strong></span> <span class='ocrx_word' id='word_1_330' title='bbox 1352 3095 1453 3137; x_wconf 85' lang='lat' dir='ltr'><strong>annum</strong></span> <span class='ocrx_word' id='word_1_331' title='bbox 1470 3079 1498 3133; x_wconf 92' lang='lat' dir='ltr'><strong>in</strong></span> <span class='ocrx_word' id='word_1_332' title='bbox 1516 3078 1624 3143; x_wconf 79' lang='lat' dir='ltr'><strong>Ariete,</strong></span> <span class='ocrx_word' id='word_1_333' title='bbox 1652 3073 1700 3128; x_wconf 90' lang='lat' dir='ltr'><strong>ubi</strong></span> 
     </span>
     <span class='ocr_line' id='line_1_31' title="bbox 344 3155 1700 3233; baseline -0.004 -20"><span class='ocrx_word' id='word_1_334' title='bbox 344 3156 450 3229; x_wconf 75' lang='lat' dir='ltr'><strong>aperit,</strong></span> <span class='ocrx_word' id='word_1_335' title='bbox 474 3175 539 3231; x_wconf 78' lang='lat' dir='ltr'><strong>ergo</strong></span> <span class='ocrx_word' id='word_1_336' title='bbox 563 3158 715 3218; x_wconf 87' lang='lat' dir='ltr'><strong>contrariae</strong></span> <span class='ocrx_word' id='word_1_337' title='bbox 737 3158 876 3220; x_wconf 74' lang='lat' dir='ltr'><strong>facultatis</strong></span> <span class='ocrx_word' id='word_1_338' title='bbox 897 3160 1025 3233; x_wconf 85' lang='lat' dir='ltr'><strong>planetae</strong></span> <span class='ocrx_word' id='word_1_339' title='bbox 1048 3160 1165 3217; x_wconf 84' lang='lat' dir='ltr'><strong>Saturno</strong></span> <span class='ocrx_word' id='word_1_340' title='bbox 1189 3159 1218 3213; x_wconf 92' lang='lat' dir='ltr'><strong>in</strong></span> <span class='ocrx_word' id='word_1_341' title='bbox 1242 3159 1320 3229; x_wconf 80' lang='lat' dir='ltr'><strong>signo</strong></span> <span class='ocrx_word' id='word_1_342' title='bbox 1342 3160 1424 3216; x_wconf 74' lang='lat' dir='ltr'><strong>ebant</strong></span> <span class='ocrx_word' id='word_1_343' title='bbox 1446 3156 1573 3231; x_wconf 86' lang='lat' dir='ltr'><strong>opposito</strong></span> <span class='ocrx_word' id='word_1_344' title='bbox 1589 3155 1700 3221; x_wconf 85' lang='lat' dir='ltr'><strong>Librae,</strong></span> 
     </span>
     <span class='ocr_line' id='line_1_32' title="bbox 342 3234 1698 3308; baseline -0.004 -15"><span class='ocrx_word' id='word_1_345' title='bbox 342 3239 408 3293; x_wconf 82' lang='lat' dir='ltr'><strong>Jori</strong></span> <span class='ocrx_word' id='word_1_346' title='bbox 427 3237 582 3299; x_wconf 84' lang='lat' dir='ltr'><strong>succedenti</strong></span> <span class='ocrx_word' id='word_1_347' title='bbox 600 3237 628 3291; x_wconf 92' lang='lat' dir='ltr'><strong>in</strong></span> <span class='ocrx_word' id='word_1_348' title='bbox 648 3238 765 3307; x_wconf 84' lang='lat' dir='ltr'><strong>Cancro,</strong></span> <span class='ocrx_word' id='word_1_349' title='bbox 784 3238 875 3294; x_wconf 89' lang='lat' dir='ltr'><strong>altiori</strong></span> <span class='ocrx_word' id='word_1_350' title='bbox 893 3238 1084 3300; x_wconf 70' lang='lat' dir='ltr'><strong>cardinalium.</strong></span> <span class='ocrx_word' id='word_1_351' title='bbox 1103 3239 1186 3298; x_wconf 88' lang='lat' dir='ltr'><strong>Marti</strong></span> <span class='ocrx_word' id='word_1_352' title='bbox 1203 3236 1324 3296; x_wconf 82' lang='lat' dir='ltr'><strong>inferiori</strong></span> <span class='ocrx_word' id='word_1_353' title='bbox 1342 3238 1371 3293; x_wconf 91' lang='lat' dir='ltr'><strong>in</strong></span> <span class='ocrx_word' id='word_1_354' title='bbox 1390 3236 1567 3308; x_wconf 86' lang='lat' dir='ltr'><strong>Capricorno,</strong></span> <span class='ocrx_word' id='word_1_355' title='bbox 1589 3234 1698 3292; x_wconf 71' lang='lat' dir='ltr'><strong>residm</strong></span> 
     </span>
     <span class='ocr_line' id='line_1_33' title="bbox 343 3312 1700 3387; baseline -0.007 -11"><span class='ocrx_word' id='word_1_356' title='bbox 343 3314 542 3383; x_wconf 85' lang='lat' dir='ltr'><strong>cardinalium,</strong></span> <span class='ocrx_word' id='word_1_357' title='bbox 567 3314 667 3372; x_wconf 87' lang='lat' dir='ltr'><strong>Veneri</strong></span> <span class='ocrx_word' id='word_1_358' title='bbox 683 3316 711 3371; x_wconf 93' lang='lat' dir='ltr'><strong>in</strong></span> <span class='ocrx_word' id='word_1_359' title='bbox 731 3316 811 3377; x_wconf 87' lang='lat' dir='ltr'><strong>dome</strong></span> <span class='ocrx_word' id='word_1_360' title='bbox 830 3318 906 3375; x_wconf 82' lang='lat' dir='ltr'><strong>iouis</strong></span> <span class='ocrx_word' id='word_1_361' title='bbox 924 3319 1018 3386; x_wconf 89' lang='lat' dir='ltr'><strong>amici,</strong></span> <span class='ocrx_word' id='word_1_362' title='bbox 1037 3316 1142 3374; x_wconf 88' lang='lat' dir='ltr'><strong>scilicet</strong></span> <span class='ocrx_word' id='word_1_363' title='bbox 1158 3316 1187 3371; x_wconf 90' lang='lat' dir='ltr'><strong>in</strong></span> <span class='ocrx_word' id='word_1_364' title='bbox 1205 3315 1338 3385; x_wconf 87' lang='lat' dir='ltr'><strong>Piscibus,</strong></span> <span class='ocrx_word' id='word_1_365' title='bbox 1356 3316 1481 3387; x_wconf 81' lang='lat' dir='ltr'><strong>proximo</strong></span> <span class='ocrx_word' id='word_1_366' title='bbox 1499 3314 1576 3383; x_wconf 80' lang='lat' dir='ltr'><strong>siqno</strong></span> <span class='ocrx_word' id='word_1_367' title='bbox 1594 3312 1700 3369; x_wconf 69' lang='lat' dir='ltr'><strong>exalta</strong></span> 
     </span>
     <span class='ocr_line' id='line_1_34' title="bbox 343 3388 1699 3467; baseline -0.004 -16"><span class='ocrx_word' id='word_1_368' title='bbox 343 3396 429 3451; x_wconf 76' lang='lat' dir='ltr'><strong>donis</strong></span> <span class='ocrx_word' id='word_1_369' title='bbox 448 3392 529 3462; x_wconf 88' lang='lat' dir='ltr'><strong>Solis,</strong></span> <span class='ocrx_word' id='word_1_370' title='bbox 547 3392 656 3465; x_wconf 60' lang='lat' dir='ltr'><strong>quiret</strong></span> <span class='ocrx_word' id='word_1_371' title='bbox 672 3394 765 3451; x_wconf 88' lang='lat' dir='ltr'><strong>Venus</strong></span> <span class='ocrx_word' id='word_1_372' title='bbox 783 3398 937 3467; x_wconf 79' lang='lat' dir='ltr'><strong>propinqua</strong></span> <span class='ocrx_word' id='word_1_373' title='bbox 956 3397 1026 3466; x_wconf 89' lang='lat' dir='ltr'><strong>Soli,</strong></span> <span class='ocrx_word' id='word_1_374' title='bbox 1053 3388 1202 3464; x_wconf 75' lang='lat' dir='ltr'><strong>Mercurio,</strong></span> <span class='ocrx_word' id='word_1_375' title='bbox 1226 3396 1353 3467; x_wconf 87' lang='lat' dir='ltr'><strong>planetae</strong></span> <span class='ocrx_word' id='word_1_376' title='bbox 1370 3393 1515 3465; x_wconf 91' lang='lat' dir='ltr'><strong>opposito,</strong></span> <span class='ocrx_word' id='word_1_377' title='bbox 1532 3393 1561 3451; x_wconf 89' lang='lat' dir='ltr'><strong>in</strong></span> <span class='ocrx_word' id='word_1_378' title='bbox 1578 3391 1699 3461; x_wconf 79' lang='lat' dir='ltr'><strong>Virgine,</strong></span> 
     </span>
     <span class='ocr_line' id='line_1_35' title="bbox 343 3471 1699 3547; baseline -0.005 -18"><span class='ocrx_word' id='word_1_379' title='bbox 343 3474 428 3529; x_wconf 82' lang='lat' dir='ltr'><strong>domo</strong></span> <span class='ocrx_word' id='word_1_380' title='bbox 447 3474 570 3542; x_wconf 88' lang='lat' dir='ltr'><strong>propria,</strong></span> <span class='ocrx_word' id='word_1_381' title='bbox 598 3474 674 3543; x_wconf 72' lang='lat' dir='ltr'><strong>signo</strong></span> <span class='ocrx_word' id='word_1_382' title='bbox 691 3474 815 3533; x_wconf 86' lang='lat' dir='ltr'><strong>Piscibus</strong></span> <span class='ocrx_word' id='word_1_383' title='bbox 834 3476 974 3547; x_wconf 73' lang='lat' dir='ltr'><strong>oppositor</strong></span> <span class='ocrx_word' id='word_1_384' title='bbox 1000 3474 1095 3531; x_wconf 90' lang='lat' dir='ltr'><strong>Lunae</strong></span> <span class='ocrx_word' id='word_1_385' title='bbox 1113 3472 1230 3544; x_wconf 89' lang='lat' dir='ltr'><strong>denique</strong></span> <span class='ocrx_word' id='word_1_386' title='bbox 1247 3474 1368 3531; x_wconf 89' lang='lat' dir='ltr'><strong>solitarie</strong></span> <span class='ocrx_word' id='word_1_387' title='bbox 1385 3474 1413 3531; x_wconf 92' lang='lat' dir='ltr'><strong>in</strong></span> <span class='ocrx_word' id='word_1_388' title='bbox 1431 3473 1535 3541; x_wconf 85' lang='lat' dir='ltr'><strong>Tauro,</strong></span> <span class='ocrx_word' id='word_1_389' title='bbox 1560 3471 1639 3539; x_wconf 71' lang='lat' dir='ltr'><strong>signe</strong></span> <span class='ocrx_word' id='word_1_390' title='bbox 1656 3484 1699 3524; x_wconf 91' lang='lat' dir='ltr'><strong>se·</strong></span> 
     </span>
     <span class='ocr_line' id='line_1_36' title="bbox 344 3548 1699 3631; baseline -0.005 -23"><span class='ocrx_word' id='word_1_391' title='bbox 344 3554 442 3625; x_wconf 88' lang='lat' dir='ltr'><strong>quenti</strong></span> <span class='ocrx_word' id='word_1_392' title='bbox 460 3552 532 3609; x_wconf 88' lang='lat' dir='ltr'><strong>Solis</strong></span> <span class='ocrx_word' id='word_1_393' title='bbox 550 3554 756 3631; x_wconf 73' lang='lat' dir='ltr'><strong>exaltationem,</strong></span> <span class='ocrx_word' id='word_1_394' title='bbox 783 3555 861 3612; x_wconf 90' lang='lat' dir='ltr'><strong>sicuti</strong></span> <span class='ocrx_word' id='word_1_395' title='bbox 879 3556 955 3624; x_wconf 85' lang='lat' dir='ltr'><strong>prius</strong></span> <span class='ocrx_word' id='word_1_396' title='bbox 974 3556 1068 3609; x_wconf 82' lang='lat' dir='ltr'><strong>eadent</strong></span> <span class='ocrx_word' id='word_1_397' title='bbox 1086 3556 1166 3609; x_wconf 88' lang='lat' dir='ltr'><strong>Luna</strong></span> <span class='ocrx_word' id='word_1_398' title='bbox 1188 3552 1297 3607; x_wconf 91' lang='lat' dir='ltr'><strong>domum</strong></span> <span class='ocrx_word' id='word_1_399' title='bbox 1316 3558 1375 3606; x_wconf 90' lang='lat' dir='ltr'><strong>erat</strong></span> <span class='ocrx_word' id='word_1_400' title='bbox 1391 3556 1474 3607; x_wconf 85' lang='lat' dir='ltr'><strong>nacta</strong></span> <span class='ocrx_word' id='word_1_401' title='bbox 1490 3548 1699 3618; x_wconf 87' lang='lat' dir='ltr'><strong>praecedentem</strong></span> 
     </span>
     <span class='ocr_line' id='line_1_37' title="bbox 342 3624 1700 3705; baseline -0.003 -19"><span class='ocrx_word' id='word_1_402' title='bbox 342 3632 457 3687; x_wconf 85' lang='lat' dir='ltr'><strong>domum</strong></span> <span class='ocrx_word' id='word_1_403' title='bbox 477 3624 555 3705; x_wconf 72' lang='lat' dir='ltr'><strong>Solis,</strong></span> <span class='ocrx_word' id='word_1_404' title='bbox 592 3632 668 3689; x_wconf 87' lang='lat' dir='ltr'><strong>Haec</strong></span> <span class='ocrx_word' id='word_1_405' title='bbox 686 3632 713 3686; x_wconf 90' lang='lat' dir='ltr'><strong>ni</strong></span> <span class='ocrx_word' id='word_1_406' title='bbox 732 3630 813 3687; x_wconf 81' lang='lat' dir='ltr'><strong>fallor</strong></span> <span class='ocrx_word' id='word_1_407' title='bbox 830 3634 947 3702; x_wconf 81' lang='lat' dir='ltr'><strong>genuina</strong></span> <span class='ocrx_word' id='word_1_408' title='bbox 965 3641 993 3689; x_wconf 91' lang='lat' dir='ltr'><strong>et</strong></span> <span class='ocrx_word' id='word_1_409' title='bbox 1010 3634 1122 3705; x_wconf 89' lang='lat' dir='ltr'><strong>propria</strong></span> <span class='ocrx_word' id='word_1_410' title='bbox 1140 3649 1224 3689; x_wconf 87' lang='lat' dir='ltr'><strong>causa</strong></span> <span class='ocrx_word' id='word_1_411' title='bbox 1241 3631 1294 3687; x_wconf 86' lang='lat' dir='ltr'><strong>tuit</strong></span> <span class='ocrx_word' id='word_1_412' title='bbox 1311 3630 1524 3694; x_wconf 88' lang='lat' dir='ltr'><strong>distributionis,</strong></span> <span class='ocrx_word' id='word_1_413' title='bbox 1547 3634 1579 3683; x_wconf 92' lang='lat' dir='ltr'><strong>ut</strong></span> <span class='ocrx_word' id='word_1_414' title='bbox 1596 3626 1700 3682; x_wconf 83' lang='lat' dir='ltr'><strong>frustra</strong></span> 
     </span>
     <span class='ocr_line' id='line_1_38' title="bbox 343 3703 1700 3781; baseline -0.006 -14"><span class='ocrx_word' id='word_1_415' title='bbox 343 3712 410 3779; x_wconf 84' lang='lat' dir='ltr'><strong>sint,</strong></span> <span class='ocrx_word' id='word_1_416' title='bbox 431 3711 477 3779; x_wconf 90' lang='lat' dir='ltr'><strong>qui</strong></span> <span class='ocrx_word' id='word_1_417' title='bbox 496 3709 575 3777; x_wconf 85' lang='lat' dir='ltr'><strong>aliam</strong></span> <span class='ocrx_word' id='word_1_418' title='bbox 594 3724 627 3763; x_wconf 88' lang='lat' dir='ltr'><strong>cx</strong></span> <span class='ocrx_word' id='word_1_419' title='bbox 646 3711 736 3764; x_wconf 85' lang='lat' dir='ltr'><strong>causis</strong></span> <span class='ocrx_word' id='word_1_420' title='bbox 754 3710 918 3770; x_wconf 88' lang='lat' dir='ltr'><strong>harmonicis</strong></span> <span class='ocrx_word' id='word_1_421' title='bbox 936 3713 1021 3769; x_wconf 83' lang='lat' dir='ltr'><strong>velint</strong></span> <span class='ocrx_word' id='word_1_422' title='bbox 1039 3712 1170 3781; x_wconf 80' lang='lat' dir='ltr'><strong>indagare</strong></span> <span class='ocrx_word' id='word_1_423' title='bbox 1188 3719 1236 3769; x_wconf 86' lang='lat' dir='ltr'><strong>aut</strong></span> <span class='ocrx_word' id='word_1_424' title='bbox 1254 3728 1289 3767; x_wconf 84' lang='lat' dir='ltr'><strong>ex</strong></span> <span class='ocrx_word' id='word_1_425' title='bbox 1306 3725 1469 3781; x_wconf 90' lang='lat' dir='ltr'><strong>quacunque</strong></span> <span class='ocrx_word' id='word_1_426' title='bbox 1487 3707 1541 3765; x_wconf 88' lang='lat' dir='ltr'><strong>alia</strong></span> <span class='ocrx_word' id='word_1_427' title='bbox 1559 3703 1700 3765; x_wconf 80' lang='lat' dir='ltr'><strong>facultate.</strong></span> 
     </span>
     <span class='ocr_line' id='line_1_39' title="bbox 251 3786 1700 3862; baseline -0.003 -20"><span class='ocrx_word' id='word_1_428' title='bbox 251 3847 252 3853; x_wconf 42' lang='lat'><strong>,</strong></span> <span class='ocrx_word' id='word_1_429' title='bbox 435 3788 488 3843; x_wconf 83' lang='lat' dir='ltr'><strong>llic</strong></span> <span class='ocrx_word' id='word_1_430' title='bbox 506 3788 586 3841; x_wconf 84' lang='lat' dir='ltr'><strong>tinem</strong></span> <span class='ocrx_word' id='word_1_431' title='bbox 604 3788 792 3855; x_wconf 70' lang='lat' dir='ltr'><strong>capitiseram</strong></span> <span class='ocrx_word' id='word_1_432' title='bbox 810 3790 946 3862; x_wconf 77' lang='lat' dir='ltr'><strong>iacturas,</strong></span> <span class='ocrx_word' id='word_1_433' title='bbox 977 3808 1037 3846; x_wconf 91' lang='lat' dir='ltr'><strong>curn</strong></span> <span class='ocrx_word' id='word_1_434' title='bbox 1056 3806 1120 3846; x_wconf 88' lang='lat' dir='ltr'><strong>ecce</strong></span> <span class='ocrx_word' id='word_1_435' title='bbox 1143 3790 1171 3845; x_wconf 90' lang='lat' dir='ltr'><strong>in</strong></span> <span class='ocrx_word' id='word_1_436' title='bbox 1188 3788 1356 3851; x_wconf 87' lang='lat' dir='ltr'><strong>Macrobiurn</strong></span> <span class='ocrx_word' id='word_1_437' title='bbox 1374 3790 1456 3847; x_wconf 90' lang='lat' dir='ltr'><strong>incidi</strong></span> <span class='ocrx_word' id='word_1_438' title='bbox 1474 3790 1520 3845; x_wconf 87' lang='lat' dir='ltr'><strong>lib.</strong></span> <span class='ocrx_word' id='word_1_439' title='bbox 1538 3790 1558 3843; x_wconf 93' lang='lat'><strong>1.</strong></span> <span class='ocrx_word' id='word_1_440' title='bbox 1577 3788 1605 3842; x_wconf 93' lang='lat' dir='ltr'><strong>in</strong></span> <span class='ocrx_word' id='word_1_441' title='bbox 1624 3786 1700 3840; x_wconf 86' lang='lat' dir='ltr'><strong>Sour-</strong></span> 
     </span>
     <span class='ocr_line' id='line_1_40' title="bbox 251 3866 1700 3945; baseline 0.003 -24"><span class='ocrx_word' id='word_1_442' title='bbox 251 3936 252 3945; x_wconf 68' lang='lat'><strong>.</strong></span> <span class='ocrx_word' id='word_1_443' title='bbox 343 3868 421 3923; x_wconf 91' lang='lat' dir='ltr'><strong>nium</strong></span> <span class='ocrx_word' id='word_1_444' title='bbox 441 3866 575 3935; x_wconf 88' lang='lat' dir='ltr'><strong>Scipionis</strong></span> <span class='ocrx_word' id='word_1_445' title='bbox 592 3868 631 3921; x_wconf 89' lang='lat' dir='ltr'><strong>sic</strong></span> <span class='ocrx_word' id='word_1_446' title='bbox 649 3866 825 3923; x_wconf 85' lang='lat' dir='ltr'><strong>scribentem:</strong></span> <span class='ocrx_word' id='word_1_447' title='bbox 851 3869 906 3940; x_wconf 67' lang='lat' dir='ltr'><strong>(lai</strong></span> <span class='ocrx_word' id='word_1_448' title='bbox 922 3887 986 3926; x_wconf 83' lang='lat' dir='ltr'><strong>cero</strong></span> <span class='ocrx_word' id='word_1_449' title='bbox 1003 3871 1137 3939; x_wconf 73' lang='lat' dir='ltr'><strong>[uipereor</strong></span> <span class='ocrx_word' id='word_1_450' title='bbox 1153 3870 1234 3925; x_wconf 68' lang='lat' dir='ltr'><strong>Joote</strong></span> <span class='ocrx_word' id='word_1_451' title='bbox 1250 3870 1370 3925; x_wconf 75' lang='lat' dir='ltr'><strong>bumana</strong></span> <span class='ocrx_word' id='word_1_452' title='bbox 1386 3871 1480 3941; x_wconf 71' lang='lat' dir='ltr'><strong>peccet</strong></span> <span class='ocrx_word' id='word_1_453' title='bbox 1491 3882 1657 3939; x_wconf 62' lang='lat' dir='ltr'><strong>praepetum</strong></span> <span class='ocrx_word' id='word_1_454' title='bbox 1674 3868 1700 3918; x_wconf 62' lang='grc' dir='ltr'>ιι</span> 
     </span>
     <span class='ocr_line' id='line_1_41' title="bbox 342 3936 1700 4023; baseline 0.003 -24"><span class='ocrx_word' id='word_1_455' title='bbox 342 3936 504 4011; x_wconf 77' lang='lat' dir='ltr'><strong>oul&#39;atarem,</strong></span> <span class='ocrx_word' id='word_1_456' title='bbox 524 3952 620 4023; x_wconf 71' lang='lat' dir='ltr'><strong>ceptro</strong></span> <span class='ocrx_word' id='word_1_457' title='bbox 638 3944 742 3999; x_wconf 86' lang='lat' dir='ltr'><strong>Martia</strong></span> <span class='ocrx_word' id='word_1_458' title='bbox 760 3946 878 4002; x_wconf 80' lang='lat' dir='ltr'><strong>nitidam</strong></span> <span class='ocrx_word' id='word_1_459' title='bbox 889 3955 915 4005; x_wconf 87' lang='lat' dir='ltr'><strong>et</strong></span> <span class='ocrx_word' id='word_1_460' title='bbox 932 3948 1080 4003; x_wconf 67' lang='lat' dir='ltr'><strong>cambuca</strong></span> <span class='ocrx_word' id='word_1_461' title='bbox 1099 3947 1190 4005; x_wconf 79' lang='lat' dir='ltr'><strong>Terris</strong></span> <span class='ocrx_word' id='word_1_462' title='bbox 1208 3946 1322 4007; x_wconf 79' lang='lat' dir='ltr'><strong>uocauit,</strong></span> <span class='ocrx_word' id='word_1_463' title='bbox 1340 3948 1457 4004; x_wconf 69' lang='lat' dir='ltr'><strong>obesum</strong></span> <span class='ocrx_word' id='word_1_464' title='bbox 1474 3952 1591 4002; x_wconf 66' lang='lat' dir='ltr'><strong>tram</strong></span> <span class='ocrx_word' id='word_1_465' title='bbox 1608 3949 1648 4003; x_wconf 75' lang='lat' dir='ltr'><strong>tut</strong></span> <span class='ocrx_word' id='word_1_466' title='bbox 1665 3957 1700 3995; x_wconf 67' lang='lat' dir='ltr'><strong><em>w</em></strong></span> 
     </span>
     <span class='ocr_line' id='line_1_42' title="bbox 342 4020 1700 4095; baseline -0.006 -13"><span class='ocrx_word' id='word_1_467' title='bbox 342 4026 489 4083; x_wconf 67' lang='lat' dir='ltr'><strong>maiorica</strong></span> <span class='ocrx_word' id='word_1_468' title='bbox 506 4024 595 4078; x_wconf 69' lang='lat' dir='ltr'><strong>colom</strong></span> <span class='ocrx_word' id='word_1_469' title='bbox 613 4022 690 4087; x_wconf 84' lang='lat' dir='ltr'><strong>(acm</strong></span> <span class='ocrx_word' id='word_1_470' title='bbox 706 4024 791 4095; x_wconf 71' lang='lat' dir='ltr'><strong>seipsi</strong></span> <span class='ocrx_word' id='word_1_471' title='bbox 807 4024 896 4093; x_wconf 79' lang='lat' dir='ltr'><strong>Joeie,</strong></span> <span class='ocrx_word' id='word_1_472' title='bbox 914 4028 1013 4083; x_wconf 75' lang='lat' dir='ltr'><strong>acuat</strong></span> <span class='ocrx_word' id='word_1_473' title='bbox 1030 4025 1155 4093; x_wconf 84' lang='lat' dir='ltr'><strong>Martie),</strong></span> <span class='ocrx_word' id='word_1_474' title='bbox 1174 4026 1291 4079; x_wconf 70' lang='lat' dir='ltr'><strong>duram</strong></span> <span class='ocrx_word' id='word_1_475' title='bbox 1309 4041 1343 4079; x_wconf 82' lang='lat' dir='ltr'><strong>ea</strong></span> <span class='ocrx_word' id='word_1_476' title='bbox 1360 4025 1511 4084; x_wconf 75' lang='lat' dir='ltr'><strong>traditione</strong></span> <span class='ocrx_word' id='word_1_477' title='bbox 1528 4038 1635 4088; x_wconf 77' lang='lat' dir='ltr'><strong>caum,</strong></span> <span class='ocrx_word' id='word_1_478' title='bbox 1652 4020 1700 4091; x_wconf 82' lang='lat' dir='ltr'><strong>qai</strong></span> 
     </span>
     <span class='ocr_line' id='line_1_43' title="bbox 343 4094 1767 4173; baseline -0.001 -14"><span class='ocrx_word' id='word_1_479' title='bbox 343 4104 379 4159; x_wconf 81' lang='lat' dir='ltr'><strong>ric</strong></span> <span class='ocrx_word' id='word_1_480' title='bbox 396 4104 441 4157; x_wconf 84' lang='lat' dir='ltr'><strong>bie</strong></span> <span class='ocrx_word' id='word_1_481' title='bbox 458 4102 543 4157; x_wconf 68' lang='lat' dir='ltr'><strong>meliis</strong></span> <span class='ocrx_word' id='word_1_482' title='bbox 560 4102 603 4161; x_wconf 75' lang='lat' dir='ltr'><strong>ad,</strong></span> <span class='ocrx_word' id='word_1_483' title='bbox 614 4101 754 4159; x_wconf 81' lang='lat' dir='ltr'><strong>bominum</strong></span> <span class='ocrx_word' id='word_1_484' title='bbox 771 4102 856 4159; x_wconf 76' lang='lat' dir='ltr'><strong>atam</strong></span> <span class='ocrx_word' id='word_1_485' title='bbox 874 4120 987 4159; x_wconf 82' lang='lat' dir='ltr'><strong>manare</strong></span> <span class='ocrx_word' id='word_1_486' title='bbox 1004 4106 1099 4159; x_wconf 82' lang='lat' dir='ltr'><strong>voluat</strong></span> <span class='ocrx_word' id='word_1_487' title='bbox 1117 4104 1235 4159; x_wconf 65' lang='lat' dir='ltr'><strong>adunca</strong></span> <span class='ocrx_word' id='word_1_488' title='bbox 1252 4105 1293 4159; x_wconf 79' lang='lat' dir='ltr'><strong>acl</strong></span> <span class='ocrx_word' id='word_1_489' title='bbox 1310 4119 1456 4173; x_wconf 71' lang='lat' dir='ltr'><strong>prospera.</strong></span> <span class='ocrx_word' id='word_1_490' title='bbox 1491 4103 1567 4159; x_wconf 81' lang='lat' dir='ltr'><strong>Nam</strong></span> <span class='ocrx_word' id='word_1_491' title='bbox 1579 4101 1699 4172; x_wconf 62' lang='lat' dir='ltr'><strong>pletum</strong></span> <span class='ocrx_word' id='word_1_492' title='bbox 1762 4094 1767 4107; x_wconf 83' lang='lat'>&#39;</span> 
     </span>
     <span class='ocr_line' id='line_1_44' title="bbox 343 4178 1700 4255; baseline -0.004 -16"><span class='ocrx_word' id='word_1_493' title='bbox 343 4200 396 4255; x_wconf 85' lang='lat' dir='ltr'><strong>que</strong></span> <span class='ocrx_word' id='word_1_494' title='bbox 415 4182 450 4237; x_wconf 83' lang='lat' dir='ltr'><strong>de</strong></span> <span class='ocrx_word' id='word_1_495' title='bbox 467 4182 572 4236; x_wconf 86' lang='lat' dir='ltr'><strong>Martis</strong></span> <span class='ocrx_word' id='word_1_496' title='bbox 588 4180 671 4239; x_wconf 76' lang='lat' dir='ltr'><strong>stella,</strong></span> <span class='ocrx_word' id='word_1_497' title='bbox 686 4182 832 4251; x_wconf 73' lang='lat' dir='ltr'><strong>terribilia,</strong></span> <span class='ocrx_word' id='word_1_498' title='bbox 857 4182 890 4239; x_wconf 83' lang='lat' dir='ltr'><strong>de</strong></span> <span class='ocrx_word' id='word_1_499' title='bbox 907 4182 988 4239; x_wconf 78' lang='lat' dir='ltr'><strong>Jouie</strong></span> <span class='ocrx_word' id='word_1_500' title='bbox 1009 4182 1148 4239; x_wconf 80' lang='lat' dir='ltr'><strong>salutaria</strong></span> <span class='ocrx_word' id='word_1_501' title='bbox 1171 4180 1322 4251; x_wconf 71' lang='lat' dir='ltr'><strong>difficiant.</strong></span> <span class='ocrx_word' id='word_1_502' title='bbox 1360 4181 1478 4237; x_wconf 63' lang='lat' dir='ltr'><strong>&amp;asam</strong></span> <span class='ocrx_word' id='word_1_503' title='bbox 1501 4181 1526 4236; x_wconf 87' lang='lat' dir='ltr'><strong>ei</strong></span> <span class='ocrx_word' id='word_1_504' title='bbox 1547 4179 1608 4249; x_wconf 80' lang='lat' dir='ltr'><strong>quie</strong></span> <span class='ocrx_word' id='word_1_505' title='bbox 1628 4178 1700 4247; x_wconf 72' lang='lat' dir='ltr'><strong>forts</strong></span> 
     </span>
     <span class='ocr_line' id='line_1_45' title="bbox 342 4254 1700 4330; baseline -0.006 -13"><span class='ocrx_word' id='word_1_506' title='bbox 342 4264 432 4317; x_wconf 83' lang='lat' dir='ltr'><strong>altius</strong></span> <span class='ocrx_word' id='word_1_507' title='bbox 454 4265 584 4329; x_wconf 60' lang='lat' dir='ltr'><strong>amarat,</strong></span> <span class='ocrx_word' id='word_1_508' title='bbox 608 4258 683 4329; x_wconf 75' lang='lat' dir='ltr'><strong>aride</strong></span> <span class='ocrx_word' id='word_1_509' title='bbox 704 4260 805 4317; x_wconf 81' lang='lat' dir='ltr'><strong>divinis</strong></span> <span class='ocrx_word' id='word_1_510' title='bbox 828 4261 1029 4330; x_wconf 81' lang='lat' dir='ltr'><strong>maieealeatia,</strong></span> <span class='ocrx_word' id='word_1_511' title='bbox 1054 4268 1086 4317; x_wconf 83' lang='lat' dir='ltr'><strong>et</strong></span> <span class='ocrx_word' id='word_1_512' title='bbox 1107 4262 1187 4317; x_wconf 76' lang='lat' dir='ltr'><strong>cauo</strong></span> <span class='ocrx_word' id='word_1_513' title='bbox 1210 4262 1331 4327; x_wconf 68' lang='lat' dir='ltr'><strong>metica</strong></span> <span class='ocrx_word' id='word_1_514' title='bbox 1355 4276 1411 4315; x_wconf 83' lang='lat' dir='ltr'><strong>cese</strong></span> <span class='ocrx_word' id='word_1_515' title='bbox 1433 4258 1554 4325; x_wconf 78' lang='lat' dir='ltr'><strong>dicatur,</strong></span> <span class='ocrx_word' id='word_1_516' title='bbox 1578 4257 1649 4311; x_wconf 70' lang='lat' dir='ltr'><strong>abac</strong></span> <span class='ocrx_word' id='word_1_517' title='bbox 1666 4254 1700 4309; x_wconf 79' lang='lat' dir='ltr'><strong>de</strong></span> 
     </span>
     <span class='ocr_line' id='line_1_46' title="bbox 342 4334 1700 4409; baseline -0.007 -13"><span class='ocrx_word' id='word_1_518' title='bbox 342 4340 495 4396; x_wconf 72' lang='lat' dir='ltr'><strong>Mattiaci</strong></span> <span class='ocrx_word' id='word_1_519' title='bbox 514 4336 631 4393; x_wconf 78' lang='lat' dir='ltr'><strong>Saturni</strong></span> <span class='ocrx_word' id='word_1_520' title='bbox 647 4338 731 4393; x_wconf 80' lang='lat' dir='ltr'><strong>stellis</strong></span> <span class='ocrx_word' id='word_1_521' title='bbox 750 4340 935 4407; x_wconf 74' lang='lat' dir='ltr'><strong>existimatur,</strong></span> <span class='ocrx_word' id='word_1_522' title='bbox 960 4347 1010 4395; x_wconf 82' lang='lat' dir='ltr'><strong>aut</strong></span> <span class='ocrx_word' id='word_1_523' title='bbox 1033 4357 1082 4395; x_wconf 85' lang='lat' dir='ltr'><strong>car</strong></span> <span class='ocrx_word' id='word_1_524' title='bbox 1099 4340 1250 4396; x_wconf 75' lang='lat' dir='ltr'><strong>notabilior</strong></span> <span class='ocrx_word' id='word_1_525' title='bbox 1271 4339 1425 4409; x_wconf 59' lang='lat' dir='ltr'><strong>beamine</strong></span> <span class='ocrx_word' id='word_1_526' title='bbox 1441 4337 1522 4393; x_wconf 76' lang='lat' dir='ltr'><strong>Joob</strong></span> <span class='ocrx_word' id='word_1_527' title='bbox 1540 4343 1566 4390; x_wconf 88' lang='lat' dir='ltr'><strong>et</strong></span> <span class='ocrx_word' id='word_1_528' title='bbox 1588 4334 1700 4389; x_wconf 79' lang='lat' dir='ltr'><strong>Veseris</strong></span> 
     </span>
     <span class='ocr_line' id='line_1_47' title="bbox 341 4415 1698 4489; baseline -0.004 -16"><span class='ocrx_word' id='word_1_529' title='bbox 341 4422 418 4473; x_wconf 77' lang='lat' dir='ltr'><strong>irater</strong></span> <span class='ocrx_word' id='word_1_530' title='bbox 433 4416 616 4489; x_wconf 73' lang='lat' dir='ltr'><strong>penctltliacos</strong></span> <span class='ocrx_word' id='word_1_531' title='bbox 633 4415 776 4483; x_wconf 77' lang='lat' dir='ltr'><strong>habeatur,</strong></span> <span class='ocrx_word' id='word_1_532' title='bbox 796 4435 856 4473; x_wconf 80' lang='lat' dir='ltr'><strong>cara</strong></span> <span class='ocrx_word' id='word_1_533' title='bbox 874 4419 909 4472; x_wconf 82' lang='lat' dir='ltr'><strong>cit</strong></span> <span class='ocrx_word' id='word_1_534' title='bbox 927 4418 1083 4473; x_wconf 79' lang='lat' dir='ltr'><strong>diuinorum</strong></span> <span class='ocrx_word' id='word_1_535' title='bbox 1099 4435 1158 4472; x_wconf 79' lang='lat' dir='ltr'><strong>aaa</strong></span> <span class='ocrx_word' id='word_1_536' title='bbox 1175 4422 1293 4474; x_wconf 60' lang='lat' dir='ltr'><strong>natura</strong></span> <span class='ocrx_word' id='word_1_537' title='bbox 1314 4417 1346 4470; x_wconf 79' lang='lat' dir='ltr'><strong>in</strong></span> <span class='ocrx_word' id='word_1_538' title='bbox 1362 4416 1481 4471; x_wconf 78' lang='lat' dir='ltr'><strong>mediare</strong></span> <span class='ocrx_word' id='word_1_539' title='bbox 1493 4416 1637 4485; x_wconf 77' lang='lat' dir='ltr'><strong>proferans</strong></span> <span class='ocrx_word' id='word_1_540' title='bbox 1652 4431 1698 4469; x_wconf 83' lang='lat' dir='ltr'><strong>ra·</strong></span> 
     </span>
     <span class='ocr_line' id='line_1_48' title="bbox 341 4492 1698 4573; baseline -0.002 -21"><span class='ocrx_word' id='word_1_541' title='bbox 341 4498 448 4553; x_wconf 83' lang='lat' dir='ltr'><strong>tionem</strong></span> <span class='ocrx_word' id='word_1_542' title='bbox 470 4494 546 4563; x_wconf 76' lang='lat' dir='ltr'><strong>apua</strong></span> <span class='ocrx_word' id='word_1_543' title='bbox 568 4511 652 4548; x_wconf 79' lang='lat' dir='ltr'><strong>auam</strong></span> <span class='ocrx_word' id='word_1_544' title='bbox 678 4495 803 4563; x_wconf 77' lang='lat' dir='ltr'><strong>omnino,</strong></span> <span class='ocrx_word' id='word_1_545' title='bbox 827 4496 1013 4565; x_wconf 77' lang='lat' dir='ltr'><strong>quodetiam,</strong></span> <span class='ocrx_word' id='word_1_546' title='bbox 1036 4496 1140 4551; x_wconf 82' lang='lat' dir='ltr'><strong>iectura.</strong></span> <span class='ocrx_word' id='word_1_547' title='bbox 1175 4496 1252 4573; x_wconf 75' lang='lat' dir='ltr'><strong>Mam</strong></span> <span class='ocrx_word' id='word_1_548' title='bbox 1269 4494 1490 4551; x_wconf 75' lang='lat' dir='ltr'><strong>Ptolemocratia</strong></span> <span class='ocrx_word' id='word_1_549' title='bbox 1507 4494 1585 4549; x_wconf 78' lang='lat' dir='ltr'><strong>libris</strong></span> <span class='ocrx_word' id='word_1_550' title='bbox 1602 4492 1698 4561; x_wconf 68' lang='lat' dir='ltr'><strong>tribua</strong></span> 
     </span>
     <span class='ocr_line' id='line_1_49' title="bbox 339 4569 1698 4647; baseline -0.002 -18"><span class='ocrx_word' id='word_1_551' title='bbox 339 4591 411 4647; x_wconf 83' lang='lat' dir='ltr'><strong>qaae</strong></span> <span class='ocrx_word' id='word_1_552' title='bbox 429 4572 463 4627; x_wconf 79' lang='lat' dir='ltr'><strong>ac</strong></span> <span class='ocrx_word' id='word_1_553' title='bbox 480 4572 627 4629; x_wconf 75' lang='lat' dir='ltr'><strong>hamtonia</strong></span> <span class='ocrx_word' id='word_1_554' title='bbox 638 4574 798 4643; x_wconf 73' lang='lat' dir='ltr'><strong>conposuit,</strong></span> <span class='ocrx_word' id='word_1_555' title='bbox 813 4576 944 4645; x_wconf 76' lang='lat' dir='ltr'><strong>patefecit</strong></span> <span class='ocrx_word' id='word_1_556' title='bbox 957 4592 1076 4643; x_wconf 71' lang='lat' dir='ltr'><strong>masam,</strong></span> <span class='ocrx_word' id='word_1_557' title='bbox 1095 4592 1177 4647; x_wconf 65' lang='lat' dir='ltr'><strong>praa</strong></span> <span class='ocrx_word' id='word_1_558' title='bbox 1190 4574 1305 4631; x_wconf 74' lang='lat' dir='ltr'><strong>beetur</strong></span> <span class='ocrx_word' id='word_1_559' title='bbox 1317 4572 1466 4642; x_wconf 70' lang='lat' dir='ltr'><strong>replicabo.</strong></span> <span class='ocrx_word' id='word_1_560' title='bbox 1487 4569 1563 4628; x_wconf 76' lang='lat' dir='ltr'><strong>Certe</strong></span> <span class='ocrx_word' id='word_1_561' title='bbox 1574 4579 1639 4629; x_wconf 79' lang='lat' dir='ltr'><strong>suet</strong></span> <span class='ocrx_word' id='word_1_562' title='bbox 1650 4578 1698 4627; x_wconf 82' lang='lat' dir='ltr'><strong>etc.</strong></span> 
     </span>
     <span class='ocr_line' id='line_1_50' title="bbox 340 4649 1698 4730; baseline -0.001 -24"><span class='ocrx_word' id='word_1_563' title='bbox 340 4656 404 4730; x_wconf 74' lang='lat' dir='ltr'><strong>Ego</strong></span> <span class='ocrx_word' id='word_1_564' title='bbox 423 4652 518 4720; x_wconf 86' lang='lat' dir='ltr'><strong>itaque</strong></span> <span class='ocrx_word' id='word_1_565' title='bbox 535 4653 570 4708; x_wconf 88' lang='lat' dir='ltr'><strong>ab</strong></span> <span class='ocrx_word' id='word_1_566' title='bbox 587 4651 640 4706; x_wconf 92' lang='lat' dir='ltr'><strong>boc</strong></span> <span class='ocrx_word' id='word_1_567' title='bbox 657 4651 789 4707; x_wconf 88' lang='lat' dir='ltr'><strong>Macrobii</strong></span> <span class='ocrx_word' id='word_1_568' title='bbox 802 4651 915 4723; x_wconf 74' lang='lat' dir='ltr'><strong>vestigio</strong></span> <span class='ocrx_word' id='word_1_569' title='bbox 935 4668 1057 4723; x_wconf 71' lang='lat' dir='ltr'><strong>morsus,</strong></span> <span class='ocrx_word' id='word_1_570' title='bbox 1077 4660 1183 4708; x_wconf 86' lang='lat' dir='ltr'><strong>textum</strong></span> <span class='ocrx_word' id='word_1_571' title='bbox 1196 4650 1346 4706; x_wconf 85' lang='lat' dir='ltr'><strong>Ptolemaei</strong></span> <span class='ocrx_word' id='word_1_572' title='bbox 1364 4650 1497 4724; x_wconf 71' lang='lat' dir='ltr'><strong>integrari</strong></span> <span class='ocrx_word' id='word_1_573' title='bbox 1515 4665 1586 4721; x_wconf 89' lang='lat' dir='ltr'><strong>pene</strong></span> <span class='ocrx_word' id='word_1_574' title='bbox 1601 4649 1698 4710; x_wconf 84' lang='lat' dir='ltr'><strong>iisdem</strong></span> 
     </span>
     <span class='ocr_line' id='line_1_51' title="bbox 339 4727 1698 4800; baseline -0.002 -12"><span class='ocrx_word' id='word_1_575' title='bbox 339 4732 446 4794; x_wconf 84' lang='lat' dir='ltr'><strong>verbis,</strong></span> <span class='ocrx_word' id='word_1_576' title='bbox 473 4731 570 4800; x_wconf 89' lang='lat' dir='ltr'><strong>quibus</strong></span> <span class='ocrx_word' id='word_1_577' title='bbox 588 4732 747 4787; x_wconf 85' lang='lat' dir='ltr'><strong>Macrobius</strong></span> <span class='ocrx_word' id='word_1_578' title='bbox 765 4738 808 4787; x_wconf 92' lang='lat' dir='ltr'><strong>est</strong></span> <span class='ocrx_word' id='word_1_579' title='bbox 825 4747 907 4799; x_wconf 89' lang='lat' dir='ltr'><strong>usus,</strong></span> <span class='ocrx_word' id='word_1_580' title='bbox 933 4732 986 4786; x_wconf 88' lang='lat' dir='ltr'><strong>nisi</strong></span> <span class='ocrx_word' id='word_1_581' title='bbox 1004 4730 1076 4799; x_wconf 91' lang='lat' dir='ltr'><strong>quod</strong></span> <span class='ocrx_word' id='word_1_582' title='bbox 1095 4732 1197 4800; x_wconf 89' lang='lat' dir='ltr'><strong>passim</strong></span> <span class='ocrx_word' id='word_1_583' title='bbox 1214 4729 1332 4799; x_wconf 89' lang='lat' dir='ltr'><strong>paucula</strong></span> <span class='ocrx_word' id='word_1_584' title='bbox 1351 4727 1516 4796; x_wconf 85' lang='lat' dir='ltr'><strong>interspersi.</strong></span> <span class='ocrx_word' id='word_1_585' title='bbox 1552 4728 1614 4785; x_wconf 82' lang='lat' dir='ltr'><strong>Non</strong></span> <span class='ocrx_word' id='word_1_586' title='bbox 1632 4746 1698 4785; x_wconf 88' lang='lat' dir='ltr'><strong>sane</strong></span> 
     </span>
     <span class='ocr_line' id='line_1_52' title="bbox 337 4806 1699 4877; baseline -0.001 -12"><span class='ocrx_word' id='word_1_587' title='bbox 337 4812 456 4865; x_wconf 83' lang='lat' dir='ltr'><strong>inissem</strong></span> <span class='ocrx_word' id='word_1_588' title='bbox 474 4825 567 4877; x_wconf 89' lang='lat' dir='ltr'><strong>ausos,</strong></span> <span class='ocrx_word' id='word_1_589' title='bbox 584 4809 705 4867; x_wconf 72' lang='lat' dir='ltr'><strong>cauere</strong></span> <span class='ocrx_word' id='word_1_590' title='bbox 722 4810 777 4865; x_wconf 91' lang='lat' dir='ltr'><strong>boc</strong></span> <span class='ocrx_word' id='word_1_591' title='bbox 793 4808 966 4875; x_wconf 82' lang='lat' dir='ltr'><strong>Ptolemaeo,</strong></span> <span class='ocrx_word' id='word_1_592' title='bbox 994 4809 1067 4877; x_wconf 88' lang='lat' dir='ltr'><strong>quod</strong></span> <span class='ocrx_word' id='word_1_593' title='bbox 1086 4811 1109 4865; x_wconf 91' lang='lat' dir='ltr'><strong>is</strong></span> <span class='ocrx_word' id='word_1_594' title='bbox 1128 4806 1336 4876; x_wconf 70' lang='lat' dir='ltr'><strong>Pythagoricum</strong></span> <span class='ocrx_word' id='word_1_595' title='bbox 1353 4806 1508 4875; x_wconf 83' lang='lat' dir='ltr'><strong>opinionem</strong></span> <span class='ocrx_word' id='word_1_596' title='bbox 1527 4808 1561 4864; x_wconf 94' lang='lat' dir='ltr'><strong>de</strong></span> <span class='ocrx_word' id='word_1_597' title='bbox 1578 4809 1699 4864; x_wconf 89' lang='lat' dir='ltr'><strong>numeris</strong></span> 
     </span>
     <span class='ocr_line' id='line_1_53' title="bbox 341 4880 1698 4963; baseline -0.003 -16"><span class='ocrx_word' id='word_1_598' title='bbox 341 4896 365 4955; x_wconf 90' lang='lat' dir='ltr'><strong>t,</strong></span> <span class='ocrx_word' id='word_1_599' title='bbox 386 4888 412 4953; x_wconf 86' lang='lat'><strong>2,</strong></span> <span class='ocrx_word' id='word_1_600' title='bbox 432 4888 489 4952; x_wconf 70' lang='lat' dir='ltr'><strong>4,ss</strong></span> <span class='ocrx_word' id='word_1_601' title='bbox 507 4896 535 4941; x_wconf 90' lang='lat' dir='ltr'><strong>et</strong></span> <span class='ocrx_word' id='word_1_602' title='bbox 555 4893 577 4956; x_wconf 87' lang='lat' dir='ltr'><strong>l,</strong></span> <span class='ocrx_word' id='word_1_603' title='bbox 596 4890 622 4956; x_wconf 81' lang='lat'><strong>3,</strong></span> <span class='ocrx_word' id='word_1_604' title='bbox 641 4888 665 4955; x_wconf 83' lang='lat'><strong>9,</strong></span> <span class='ocrx_word' id='word_1_605' title='bbox 676 4880 710 4943; x_wconf 80' lang='lat'><strong>2&#39;7</strong></span> <span class='ocrx_word' id='word_1_606' title='bbox 728 4887 870 4957; x_wconf 76' lang='lat' dir='ltr'><strong>amplexus</strong></span> <span class='ocrx_word' id='word_1_607' title='bbox 887 4886 971 4953; x_wconf 81' lang='lat' dir='ltr'><strong>inerit</strong></span> <span class='ocrx_word' id='word_1_608' title='bbox 988 4888 1076 4954; x_wconf 86' lang='lat' dir='ltr'><strong>aliter,</strong></span> <span class='ocrx_word' id='word_1_609' title='bbox 1095 4888 1148 4946; x_wconf 84' lang='lat' dir='ltr'><strong>uisi</strong></span> <span class='ocrx_word' id='word_1_610' title='bbox 1159 4898 1301 4963; x_wconf 26' lang='lat' dir='ltr'><strong>‘quatenus</strong></span> <span class='ocrx_word' id='word_1_611' title='bbox 1318 4900 1353 4939; x_wconf 84' lang='lat' dir='ltr'><strong>ex</strong></span> <span class='ocrx_word' id='word_1_612' title='bbox 1371 4898 1463 4939; x_wconf 86' lang='lat' dir='ltr'><strong>eorum</strong></span> <span class='ocrx_word' id='word_1_613' title='bbox 1482 4886 1618 4955; x_wconf 76' lang='lat' dir='ltr'><strong>aliquibus</strong></span> <span class='ocrx_word' id='word_1_614' title='bbox 1636 4888 1698 4943; x_wconf 87' lang='lat' dir='ltr'><strong>bar·</strong></span> 
     </span>
     <span class='ocr_line' id='line_1_54' title="bbox 338 4964 865 5035; baseline -0.008 -13"><span class='ocrx_word' id='word_1_615' title='bbox 338 4967 466 5023; x_wconf 87' lang='lat' dir='ltr'><strong>monicae</strong></span> <span class='ocrx_word' id='word_1_616' title='bbox 485 4967 674 5035; x_wconf 89' lang='lat' dir='ltr'><strong>proportiones</strong></span> <span class='ocrx_word' id='word_1_617' title='bbox 692 4964 865 5021; x_wconf 85' lang='lat' dir='ltr'><strong>definiuntur.</strong></span> 
     </span>
    </p>

    <p class='ocr_par' dir='ltr' id='par_1_10' title="bbox 338 5042 1697 5197">
     <span class='ocr_line' id='line_1_55' title="bbox 429 5042 1696 5113; baseline 0.001 -14"><span class='ocrx_word' id='word_1_618' title='bbox 429 5046 467 5099; x_wconf 86' lang='grc' dir='ltr'>Αι</span> <span class='ocrx_word' id='word_1_619' title='bbox 485 5044 549 5113; x_wconf 89' lang='lat' dir='ltr'><strong>quia</strong></span> <span class='ocrx_word' id='word_1_620' title='bbox 566 5042 722 5100; x_wconf 87' lang='lat' dir='ltr'><strong>Macrobius</strong></span> <span class='ocrx_word' id='word_1_621' title='bbox 740 5042 793 5100; x_wconf 87' lang='lat' dir='ltr'><strong>hoc</strong></span> <span class='ocrx_word' id='word_1_622' title='bbox 810 5042 918 5099; x_wconf 90' lang='lat' dir='ltr'><strong>disertis</strong></span> <span class='ocrx_word' id='word_1_623' title='bbox 931 5044 1020 5099; x_wconf 85' lang='lat' dir='ltr'><strong>verbis</strong></span> <span class='ocrx_word' id='word_1_624' title='bbox 1039 5043 1113 5111; x_wconf 88' lang='lat' dir='ltr'><strong>dicit,</strong></span> <span class='ocrx_word' id='word_1_625' title='bbox 1133 5059 1163 5098; x_wconf 92' lang='lat' dir='ltr'><strong>se</strong></span> <span class='ocrx_word' id='word_1_626' title='bbox 1176 5042 1250 5113; x_wconf 91' lang='lat' dir='ltr'><strong>qnod</strong></span> <span class='ocrx_word' id='word_1_627' title='bbox 1268 5044 1370 5101; x_wconf 87' lang='lat' dir='ltr'><strong>scribat</strong></span> <span class='ocrx_word' id='word_1_628' title='bbox 1382 5060 1417 5099; x_wconf 85' lang='lat' dir='ltr'><strong>ex</strong></span> <span class='ocrx_word' id='word_1_629' title='bbox 1434 5044 1512 5101; x_wconf 92' lang='lat' dir='ltr'><strong>libris</strong></span> <span class='ocrx_word' id='word_1_630' title='bbox 1529 5045 1616 5102; x_wconf 86' lang='lat' dir='ltr'><strong>tribus</strong></span> <span class='ocrx_word' id='word_1_631' title='bbox 1628 5046 1696 5100; x_wconf 82' lang='lat' dir='ltr'><strong>Har·</strong></span> 
     </span>
     <span class='ocr_line' id='line_1_56' title="bbox 338 5120 1697 5197; baseline -0.002 -14"><span class='ocrx_word' id='word_1_632' title='bbox 338 5126 511 5183; x_wconf 87' lang='lat' dir='ltr'><strong>manicarum</strong></span> <span class='ocrx_word' id='word_1_633' title='bbox 529 5123 679 5179; x_wconf 88' lang='lat' dir='ltr'><strong>Ptolemaei</strong></span> <span class='ocrx_word' id='word_1_634' title='bbox 697 5122 862 5195; x_wconf 86' lang='lat' dir='ltr'><strong>exscribere,</strong></span> <span class='ocrx_word' id='word_1_635' title='bbox 889 5120 970 5180; x_wconf 87' lang='lat' dir='ltr'><strong>tidem</strong></span> <span class='ocrx_word' id='word_1_636' title='bbox 993 5121 1075 5191; x_wconf 79' lang='lat' dir='ltr'><strong>igitur</strong></span> <span class='ocrx_word' id='word_1_637' title='bbox 1091 5122 1224 5180; x_wconf 88' lang='lat' dir='ltr'><strong>Macrobii</strong></span> <span class='ocrx_word' id='word_1_638' title='bbox 1246 5124 1325 5183; x_wconf 90' lang='lat' dir='ltr'><strong>testis</strong></span> <span class='ocrx_word' id='word_1_639' title='bbox 1342 5124 1511 5197; x_wconf 89' lang='lat' dir='ltr'><strong>sequendam</strong></span> <span class='ocrx_word' id='word_1_640' title='bbox 1528 5126 1630 5182; x_wconf 89' lang='lat' dir='ltr'><strong>censui.</strong></span> <span class='ocrx_word' id='word_1_641' title='bbox 1667 5124 1697 5187; x_wconf 81' lang='lat' dir='ltr'><strong>Si</strong></span> 
     </span>
    </p>
   </div>
   <div class='ocr_carea' id='block_1_9' title="bbox 0 0 2238 6192">
    <p class='ocr_par' dir='ltr' id='par_1_11' title="bbox 0 0 2238 6192">
     <span class='ocr_line' id='line_1_57' title="bbox 0 0 2238 6192; baseline 0 0"><span class='ocrx_word' id='word_1_642' title='bbox 0 0 2238 6192; x_wconf 95' lang='lat' dir='ltr'><strong> </strong></span> 
     </span>
    </p>
   </div>
  </div>
 </body>
</html>
