4467 6192
755 775 763 790 .
880 705 913 796 iu
926 705 1101 764 Harmoniam
1117 704 1223 800 Mundi
1678 712 1717 772 13

370 883 509 957 motibus,
531 879 702 958 intervallis,
725 885 754 942 in
778 886 835 962 dtu
857 885 913 946 snb
935 882 1056 944 zodiaco
1078 883 1269 962 planetarum,
1292 885 1322 942 iu
1344 890 1442 961 mutu,
1464 886 1495 944 in
1517 890 1613 945 tactus
1634 899 1719 946 men·

372 971 465 1032 sura?
487 970 673 1048 Generaliter
694 989 834 1052 apparere
855 972 909 1032 bas
930 971 1097 1033 harmonias
1119 973 1287 1048 praesertim
1311 973 1341 1030 in
1354 980 1444 1032 motu.
1477 971 1529 1047 ,Si
1550 990 1596 1033 res
1619 973 1720 1055 aliqua

371 1060 532 1136 genuinum
554 1059 640 1119 debet
663 1073 728 1120 esse
746 1060 909 1137 subjectum
923 1061 1121 1137 proportionis
1135 1059 1330 1134 harmonicae,
1353 1066 1468 1138 oportet
1482 1066 1513 1119 et
1526 1062 1718 1138 quantitatem

373 1143 617 1228 (longitudinem)
650 1150 681 1206 in
702 1147 754 1208 illa
775 1167 805 1208 re
827 1149 932 1228 inesse,
955 1164 1044 1223 quam
1066 1145 1277 1222 longitudinem
1298 1153 1381 1208 motu
1404 1145 1531 1223 quodam
1551 1157 1720 1224 percurrant

372 1237 547 1311 terminique
568 1235 642 1294 fiant
662 1237 788 1310 partium
816 1234 1021 1312 longitudinis,
1052 1235 1127 1294 iuter
1147 1229 1231 1308 'quas
1252 1237 1291 1294 sit
1312 1240 1470 1311 proportio.
1515 1238 1614 1311 Atque
1635 1236 1664 1295 id
1688 1236 1721 1296 iit

373 1339 409 1381 er
433 1324 567 1399 partein
590 1321 876 1398 configurationibus.
924 1322 1104 1382 Harmoniae
1133 1321 1251 1397 quidem
1280 1323 1310 1380 in
1340 1323 1470 1398 angulis,
1504 1339 1577 1398 quos
1604 1326 1721 1384 metitur

373 1409 527 1484 reomaus,
563 1408 781 1472 considerantur
808 1417 871 1472 sine
897 1417 992 1484 motu,
1023 1408 1123 1485 anguli
1146 1418 1243 1468 tamen
1263 1410 1323 1485 ipsi
1345 1408 1396 1468 alii
1419 1428 1456 1475 ex
1477 1407 1545 1471 aliis
1567 1427 1720 1487 corporum

373 1496 551 1572 radiantium
573 1504 653 1556 motu
675 1514 726 1573 per
747 1497 902 1566 andiacum
923 1493 1147 1558 constituuntur.
1190 1496 1256 1556 Non
1285 1513 1419 1573 corpora,
1451 1495 1503 1557 sed
1535 1506 1631 1558 matus
1654 1507 1720 1558 cor-

373 1601 479 1661 porum
502 1599 594 1644 cansa
614 1582 804 1662 longitudinis
827 1593 856 1646 et
878 1586 1029 1646 brevitatis
1058 1581 1132 1666 (non
1155 1584 1337 1660 temporalia,
1370 1584 1422 1644 sed
1445 1583 1618 1667 corporeae)
1647 1589 1722 1647 inter

374 1690 408 1734 se
430 1681 642 1749 comparantur,
667 1671 912 1756 quemadmodum
934 1690 965 1734 se
987 1689 1034 1732 res
1048 1669 1138 1734 habet
1160 1688 1227 1732 oum
1241 1674 1339 1747 sonis,
1362 1689 1431 1731 nam
1445 1689 1536 1732 sonus
1550 1681 1596 1733 est
1609 1677 1721 1752 specics

377 1763 483 1820 emisse
505 1778 521 1820 e
545 1777 679 1837 corpore,
706 1768 735 1822 et
757 1767 790 1822 ut
812 1769 953 1839 quantum
975 1759 1061 1832 illud,
1095 1766 1125 1818 ei
1145 1767 1180 1818 ut
1200 1759 1356 1847 liguram
1379 1755 1604 1835 quadamtenus,
1636 1769 1667 1820 et
1689 1767 1722 1821 ut

376 1850 406 1906 in
427 1855 510 1908 motu
532 1850 720 1920 consitutum
747 1846 821 1908 cst'
844 1848 882 1908 Ει
909 1848 982 1909 baec
1008 1860 1099 1908 cansa
1132 1852 1192 1917 est,
1224 1864 1275 1906 cnr
1303 1853 1408 1910 natura
1438 1848 1563 1908 hominis
1585 1864 1723 1909 sonomrn

376 1937 560 2012 potissimum
580 1936 817 2012 proportionibus
838 1935 1013 1996 harmonicis
1025 1935 1073 1994 -sit
1096 1932 1225 1994 dedita“.
1680 1957 1685 1964 ·

481 2023 578 2100 Caput
599 2012 651 2082 IV.
696 2023 875 2084 Discrimina
904 2030 1016 2096 autem,
1048 2039 1124 2098 quae
1140 2020 1335 2082 ‘intercedunt
1362 2023 1438 2082 inter
1464 2021 1638 2095 harmonias,
1666 2022 1724 2082 hoc

376 2117 482 2187 quarto
505 2111 580 2175 libro
604 2117 634 2171 et
655 2109 723 2170 illas
743 2112 832 2174 tertio
852 2111 926 2170 libro
950 2111 1090 2188 cognitas,
1114 2109 1283 2170 haeeaunt:
1306 2111 1336 2168 in
1357 2107 1432 2171 libro
1455 2112 1540 2171 tertio
1554 2110 1723 2186 barmoniae

378 2197 527 2258 eoireulo
549 2200 579 2260 in
600 2205 694 2258 rectas
727 2196 820 2258 lineas
850 2205 1026 2271 transcunt,
1046 2199 1075 2256 in
1106 2205 1211 2273 quarto
1245 2200 1275 2256 in
1305 2197 1413 2256 circulo
1434 2196 1498 2258 solo
1526 2205 1656 2275 restant,
1687 2198 1724 2256 In

377 2289 462 2346 tertio
482 2285 558 2346 libro
580 2285 693 2346 termini
716 2302 768 2346 seu
782 2286 946 2362 subiectum
961 2286 1179 2351 harmoniarum
1192 2292 1276 2345 eraut
1288 2283 1363 2358 soni,
1385 2288 1519 2346 acumine
1534 2293 1564 2345 et
1578 2287 1731 2368 gravitate

378 2373 557 2446 differentes,
588 2377 617 2431 in
647 2383 751 2450 quarm
778 2373 852 2438 libro
881 2373 1067 2434 harmonicae
1093 2374 1224 2433 rationes
1252 2373 1327 2437 sitae
1348 2382 1416 2432 sunt
1436 2374 1467 2432 iu
1489 2372 1619 2450 anguiis,
1650 2389 1724 2449 quos

377 2460 509 2521 lucentes
532 2459 605 2520 radii
618 2465 643 2520 'e
667 2460 781 2521 duobus
803 2461 929 2537 planetis
952 2461 1050 2521 emissi
1071 2460 1198 2520 formant
1218 2462 1249 2518 in
1272 2459 1377 2534 Terra,
1402 2460 1452 2521 vel
1473 2463 1502 2519 in
1524 2477 1608 2535 arou,
1639 2477 1724 2536 quem

379 2549 436 2608 dno
464 2547 601 2624 planetae
632 2550 662 2606 in
689 2548 812 2608 zodiaco
843 2551 996 2609 terminare
1025 2547 1171 2608 videntur.
1217 2547 1299 2608 Inest
1327 2546 1401 2609 baec
1430 2547 1582 2609 harmonia
1611 2548 1725 2609 zodiaci

378 2637 511 2712 partibus
533 2652 591 2694 non
613 2642 730 2712 propter
752 2653 783 2698 se
807 2637 900 2713 ipsas,
920 2635 988 2723 'sed
1016 2643 1171 2712 propterea
1199 2635 1279 2712 quod
1305 2633 1375 2696 illae
1404 2644 1573 2697 mensurant
1601 2637 1726 2712 angulos

379 2723 527 2783 radiorum
548 2722 690 2785 in·Terra
712 2726 951 2798 concurrentium,
982 2723 1030 2792 vel
1052 2726 1151 2799 potius
1172 2724 1242 2783 icon
1263 2730 1385 2783 modae
1404 2723 1523 2784 zodiaci
1543 2724 1670 2784 eoelestis
1691 2727 1726 2782 ia

380 2815 488 2870 omma
515 2811 678 2870 sublunari
705 2812 760 2872 hoc
786 2810 988 2873 morimundi
1008 2811 1143 2889 officium
1164 2809 1252 2869 miii
1296 2809 1355 2872 Hie
1375 2812 1458 2884 hoa,
1488 2812 1562 2872 haee
1583 2812 1665 2871 notio
1686 2811 1725 2870 ab

380 2901 462 2958 initio
484 2899 582 2958 animo
599 2899 695 2968 insita,
718 2905 841 2960 naturae
855 2916 927 2960 suae
942 2900 1080 2964 instinctu
1101 2896 1225 2975 angulos
1247 2905 1396 2974 comparat
1411 2912 1476 2958 eum
1491 2905 1615 2980 quatuor
1630 2901 1725 2972 rectis,

381 2993 409 3044 et
430 3001 561 3046 consona
582 2984 697 3046 illorum
719 2985 884 3048 discernens
908 3004 926 3046 a
949 2986 1089 3058 dissonis,
1112 2993 1247 3046 naturam
1269 2985 1485 3046 harmoniarum
1506 2988 1536 3045 in
1559 3003 1591 3046 se
1612 2988 1726 3063 recipit.

380 3071 463 3133 Haec
485 3073 701 3140 harmoniarum
723 3076 754 3133 in
776 3091 807 3134 se
836 3073 1065 3154 recipiendarum
1096 3080 1127 3134 et
1154 3073 1370 3140 iormaudarum
1400 3074 1528 3134 taenias
1550 3089 1610 3134 nou
1638 3073 1726 3132 modo

381 3163 409 3218 in
431 3162 530 3220 animo
552 3160 677 3220 hominis
699 3163 857 3221 nescientis
880 3168 944 3236 est,
962 3158 1015 3221 sed
1036 3161 1126 3220 etiam
1137 3163 1178 3219 in
1194 3176 1312 3237 corpore
1328 3162 1445 3236 Terrae,
1468 3165 1515 3221 cui
1531 3161 1569 3221 ob
1584 3161 1615 3220 id
1630 3162 1726 3238 ipsum

381 3249 478 3308 anima
500 3249 643 3324 quaedam
665 3249 814 3329 tribuitur,
844 3265 920 3325 quae
942 3265 1045 3308 sensus
1067 3265 1137 3308 suos
1164 3250 1194 3306 in
1210 3266 1310 3324 aquas
1333 3256 1363 3309 et
1384 3253 1481 3308 airam
1504 3252 1618 3311 emittit.
1663 3248 1727 3308 De·

380 3335 446 3396 inde
476 3335 648 3398 harmoniae
672 3335 747 3397 libro
769 3335 825 3397 III.
855 3343 885 3396 et
906 3335 960 3398 IV.
988 3343 1139 3413 spectatae
1165 3338 1208 3396 ita
1236 3334 1385 3411 differunt,
1418 3336 1496 3413 quod
1523 3340 1552 3395 in
1581 3336 1640 3395 iliis
1667 3353 1727 3395 non

379 3423 558 3483 hadueendo
580 3442 632 3500 per
653 3423 763 3496 media,
794 3422 845 3484 sed
867 3441 919 3504 per
941 3423 1033 3484 soltus
1056 3425 1142 3499 quasi
1170 3424 1208 3500 ab
1238 3422 1297 3484 alio
1327 3440 1401 3484 sono
1424 3441 1552 3485 consono
1575 3423 1613 3484 ad
1635 3423 1728 3483 alium

381 3527 541 3572 consonum
553 3513 722 3574 ,acutiorem
745 3518 797 3570 aut
818 3512 992 3588 graviorem,
1013 3512 1157 3587 neglectis
1175 3509 1279 3572 mediis
1294 3518 1340 3570 est
1353 3512 1504 3586 transitus,
1526 3514 1556 3571 in
1571 3512 1618 3575 bis
1631 3511 1730 3572 media

383 3601 479 3658 omnia
501 3607 712 3675 percurruntur,
737 3598 830 3658 donoc
852 3615 947 3660 novae
969 3598 1042 3658 liunt
1065 3598 1309 3675 configurationes
1330 3597 1530 3674 harmonicae,
1552 3601 1600 3671 ite,
1616 3606 1649 3658 ut
1669 3617 1728 3658 non

382 3702 439 3748 uno
461 3695 618 3760 momento,
642 3684 694 3746 scd
716 3687 915 3747 minutissimis
937 3688 1076 3762 temporis
1098 3685 1261 3746 intervallis
1283 3685 1454 3751 alliciantur.
1498 3686 1585 3748 Hune
1608 3688 1645 3746 ob
1667 3705 1729 3746 rem

381 3792 438 3834 oon
461 3791 513 3850 per
534 3781 681 3834 momenta
702 3777 762 3833 vim
779 3779 923 3846 exserunt,
947 3773 999 3834 sed
1016 3773 1086 3834 dum
1105 3776 1244 3848 eduntur,
1269 3782 1298 3833 et
1319 3775 1444 3834 simulac
1466 3782 1547 3835 ortae
1567 3780 1644 3849 sunt,
1668 3777 1728 3834 vim

381 3878 514 3922 exserere
529 3861 681 3935 desinunt;
704 3865 838 3937 quamvis
862 3878 938 3938 quaa
959 3868 1123 3937 sequuntur
1142 3863 1288 3922 actionem
1311 3855 1582 3929 diutihs‘maneaot
1612 3862 1727 3929 Deinde

381 3957 449 4009 sunt
471 3949 641 4009 harmoniae
663 3948 735 4008 libri·
751 3943 803 4011 1V.
826 3952 934 4008 mixtae
956 3949 1137 4024 incongruis,
1171 3965 1248 4024 quas
1271 3955 1377 4008 natura
1405 3949 1573 4034 sublunaris
1595 3950 1728 4028 negligit,

383 4035 449 4095 dnm
472 4035 591 4096 auditus
612 4053 671 4096 non
695 4035 782 4098 valde
805 4036 965 4098 delectatur
986 4037 1138 4096 harmonia
1153 4036 1287 4096 binarum
1307 4053 1422 4112 vocum,
1445 4039 1470 4098 si
1495 4041 1625 4115 quinque
1651 4037 1728 4097 aliae

383 4123 567 4185 desonantes
588 4125 763 4200 obstrepant.
787 4123 972 4208 'harmoniae
987 4125 1016 4182 ln
1033 4123 1155 4184 vocibus
1169 4124 1290 4183 arbitrio
1312 4126 1526 4185 constituuntur
1548 4124 1742 4199 consilioque¹

383 4213 528 4287 cuneatim
551 4213 580 4270 in
603 4212 720 4288 angulis
735 4228 814 4284 vero,
838 4228 911 4288 quos
925 4211 1063 4290 planetae
1079 4211 1236 4270 conficiunt
1251 4230 1271 4271 a
1283 4211 1375 4272 'Perre
1397 4210 1549 4289 adaperti,
1561 4213 1729 4271 humoniae

384 4300 545 4360 efficiuntur
566 4298 647 4360 nullo
669 4307 791 4362 nattrrae
812 4299 978 4370 sublunaris
1000 4294 1137 4373 consilio,
1167 4296 1221 4360 sed
1250 4315 1330 4360 mera
1358 4302 1532 4362 necessitate
1550 4293 1730 4377 geometrica

383 4394 524 4448 motuum.
1316 4409 1320 4417 ·

485 4473 592 4551 capite
607 4471 644 4532 V.
660 4480 691 4534 et
705 4473 757 4532 VI.
781 4473 1026 4552 configurationes
1049 4469 1220 4550 ,orfimeem
1245 4482 1442 4536 numerantur.
1473 4471 1608 4533 conditio
1630 4479 1730 4536 antam

383 4560 564 4622 efficacitatis
586 4567 631 4620 est
651 4578 735 4622 meus
757 4558 1006 4634 circulirodiaei,
1037 4577 1125 4637 quem
1149 4561 1289 4622 rescindit
1315 4563 1393 4622 latus
1414 4562 1523 4638 figurae
1552 4575 1604 4620 sen
1626 4561 1730 4624 stellae

384 4665 529 4726 congruae
552 4655 582 4710 et
603 4647 722 4724 scibilis,
746 4665 834 4724 quam
856 4649 896 4710 ob
916 4665 1035 4710 eausam
1057 4651 1195 4725 cognatio
1214 4649 1408 4710 radiatiounm
1430 4665 1496 4708 cum
1518 4649 1626 4708 eironlo
1650 4650 1730 4726 ejus-

384 4754 441 4813 qne
462 4737 588 4796 arcubus
611 4743 641 4796 et
662 4753 728 4796 cum
749 4735 851 4814 figuris
872 4735 1054 4812 regularibus
1076 4736 1170 4812 maior
1193 4744 1246 4813 est,
1269 4746 1357 4812 quam
1378 4743 1441 4796 eret
1462 4739 1728 4812 consonantiarum,
1824 4790 1827 4801 .

384 4831 414 4882 et
435 4822 502 4900 plna
525 4829 623 4901 potest
643 4823 682 4882 ad
704 4823 965 4900 configurationum
988 4822 1190 4884 efficacitatem
1212 4826 1410 4900 mecentio
1437 4821 1610 4905 figurarum,
1640 4837 1730 4900 quam

384 4911 536 4972 moditor.
579 4911 724 4988 Asperius
746 4910 907 4974 secundum
928 4910 1131 4972 efficacitatem
1161 4911 1287 4970 ordinati
1316 4910 1346 4969 hi
1377 4920 1458 4971 sunt:
1492 4908 1526 4993 1)
1555 4911 1730 4987 conjunctio

385 5007 415 5064 et
437 4999 593 5076 oppositio,
616 4995 652 5080 2)
675 4997 833 5074 quadratus
856 5005 992 5074 aspectum
1015 4979 1132 5079 (90⁰)‚i
1145 4986 1336 5078 iitrigoous
1351 4993 1474 5082 (120⁰),
1496 4996 1609 5059 sextilis
1629 4995 1729 5079 (600),

385 5085 570 5147 semisertilis
598 5081 697 5168 (30⁰),
731 5082 767 5167 4)
796 5085 927 5162 quintilis
955 5081 1056 5168 (710),
1090 5085 1254 5161 hiquintllis
1282 5081 1401 5171 (1440),
1434 5088 1580 5162 quincunx
1606 5083 1729 5168 (1500),

388 5169 423 5254 5)
453 5172 553 5244 docilis
578 5167 678 5254 (360),
712 5173 849 5248 trideeilio
872 5169 992 5256 (1080),
1026 5171 1121 5234 oetilis
1143 5168 1245 5254 (410),
1277 5174 1412 5234 trioctiiis
1434 5170 1557 5257 (1350).
1606 5173 1676 5234 ilro.
1703 5178 1730 5234 1.
