4467 6192
564 663 627 731 306
953 655 995 720 De
1012 664 1133 721 Motibus
1151 657 1324 722 Planetarnm
1343 659 1521 721 Harmonicis.

466 808 469 813 ⁴
563 843 645 910 pente
665 837 698 910 Ἰ,
717 853 766 909 per
782 855 859 910 prop.
880 841 928 907 15,
949 839 1062 907 junctae
1078 839 1163 912 igitur
1188 840 1241 896 hae
1259 839 1330 896 dnae
1348 846 1439 910 partes
1466 839 1570 896 hoium
1590 838 1660 910 ¹¹l„.
1697 837 1734 894 ht
1752 837 1866 894 dehetm
1882 844 1908 892 et

564 917 668 972 Telluri
685 933 737 972 aua
753 918 865 989 propria
881 920 1037 988 proportio,
1065 933 1115 990 per
1133 920 1241 974 axioma
1258 920 1283 975 4.
1320 920 1408 988 Ergo,
1427 933 1488 974 euru
1508 919 1702 986 divergentlum
1720 916 1863 972 harmonia
1878 929 1909 969 eu

562 995 642 1051 dictis
659 995 746 1067 tribus
763 1003 870 1051 constet
888 996 1037 1066 elementis,
1058 996 1353 1066 eritlllamajorquam
1375 997 1445 1068 Ἣ.
1465 997 1675 1053 Sedharmouia
1692 998 1817 1066 proxime
1829 995 1909 1062 maior

563 1090 645 1143 quam
665 1073 740 1144 Ἃ,
763 1075 816 1130 boc
834 1082 876 1129 est
897 1077 987 1145 Ἢ,
1011 1081 1053 1129 eat
1071 1076 1140 1146 itm,
1171 1075 1276 1130 sedicet
1293 1077 1373 1144 ΨΜ.
1410 1076 1500 1144 Quare
1519 1078 1543 1131 ai
1561 1077 1702 1131 harmonia
1720 1090 1791 1144 opna
1810 1081 1853 1127 est
1868 1085 1913 1140 pro

562 1149 615 1207 bec
631 1153 726 1221 mpori
744 1153 858 1207 duonum
876 1152 1045 1222 planetarum
1063 1154 1240 1225 proportione
1258 1149 1392 1216 motuum,
1419 1169 1469 1224 per
1486 1155 1593 1210 amoma
1610 1157 1643 1224 1,
1669 1150 1718 1210 illa
1745 1167 1800 1208 nou
1819 1150 1914 1220 poterit

563 1231 730 1285 essemiuor
748 1247 829 1302 quam
846 1232 921 1301 ”sm
938 1230 982 1286 rel
1001 1232 1064 1305 ⁸l„.
1117 1238 1121 1246 '
1343 1235 1345 1242 ’

649 1313 801 1376 Hactenus
822 1317 911 1392 igitur
933 1317 1069 1376 omnibus
1091 1313 1213 1391 reliquia
1228 1315 1411 1393 planetarum
1434 1316 1512 1393 bigis
1529 1317 1714 1376 obvenerunt
1736 1329 1810 1373 anae
1832 1312 1913 1371 burae

563 1401 732 1462 barmoniae
764 1397 928 1464 rationibus
956 1406 1149 1478 necessariie3
1183 1401 1247 1462 sola
1281 1405 1351 1482 biga
1381 1401 1507 1462 Telluris
1537 1411 1567 1464 et
1595 1401 1722 1464 Veneris
1751 1398 1914 1461 adhucdum

562 1507 651 1549 unam
681 1490 775 1550 solam
805 1490 988 1550 harmoniam
1011 1487 1050 1574 il,
1078 1503 1131 1568 per
1162 1491 1310 1550 axiomata
1339 1490 1398 1550 hnc
1429 1507 1522 1567 usque
1552 1498 1695 1567 usurpata
1725 1489 1831 1548 sortita
1852 1487 1913 1545 luit

561 1575 718 1655 Reliquam
739 1579 827 1654 igitur
849 1577 914 1655 ejus
929 1578 1121 1650 harmoniam,
1146 1578 1287 1654 majorem
1314 1597 1355 1640 sc.
1379 1596 1432 1639 eeu
1455 1583 1587 1638 motuum
1611 1578 1834 1654 divergentiurn,
1854 1575 1913 1651 jam

561 1681 647 1742 porro
671 1682 749 1725 novo
773 1667 858 1726 initio
880 1666 958 1726 iacto
980 1667 1192 1743 perquiremus.

998 1821 1241 1888 Posteriores
1262 1821 1477 1884 Rationes.

649 1943 807 2004 axioma
829 1942 949 2002 XVIII.
994 1942 1175 2003 Harmoniae
1197 1951 1330 2006 motuum
1353 1945 1534 2004 norvenales
1557 1945 1828 2020 contemperatione
1851 1959 1912 2002 mo·

562 2037 645 2090 tuum
668 2049 719 2092 ser
742 2030 964 2091 constituendae
986 2031 1112 2118 inerunt,
1136 2033 1295 2110 praecipue
1317 2049 1370 2120 per
1393 2042 1538 2092 extremos
1561 2040 1669 2094 motus.

649 2121 785 2177 Probatur
802 2136 852 2190 per
869 2121 977 2176 axioma
997 2125 1021 2176 i.

649 2216 808 2276 Axioma
829 2212 921 2274 XIX
965 2211 1145 2274 Harmoniae
1161 2214 1342 2274 universales
1365 2232 1416 2291 per
1432 2213 1561 2291 aliquam
1576 2221 1709 2282 motuum
1732 2213 1913 2278 latitudinem

546 2301 683 2363 'eaedem
705 2304 872 2379 contingere
896 2301 1075 2372 debueruut;
1097 2303 1212 2362 scilicet
1234 2310 1268 2361 ut
1290 2311 1372 2364 tauto
1396 2303 1525 2388 crebriue
1545 2301 1721 2364 acciderent
1748 2351 1752 2364 .

649 2393 720 2449 Nam
738 2392 762 2448 ai
780 2392 815 2448 ad
833 2390 971 2448 individua
997 2397 1103 2462 puncta
1118 2402 1241 2448 motuum
1259 2392 1390 2450 inderent,
1400 2391 1611 2462 determinatae,
1638 2392 1698 2448 ueri
1715 2394 1863 2463 potuiaaet,
1887 2401 1914 2448 ut

470 2493 474 2498 ·
562 2487 701 2540 nunquam
718 2471 907 2541 confingerent
923 2479 973 2528 aut
989 2481 1064 2530 certe
1081 2473 1226 2530 rarissinm

653 2565 806 2623 hrioma
826 2562 902 2622 XX.
949 2563 988 2624 Ut
1011 2574 1057 2625 est
1077 2566 1296 2626 naturallaslma
1311 2566 1461 2626 distinctio
1482 2583 1622 2643 garnerum
1645 2564 1862 2624 harmoniarum
1885 2565 1910 2620 in

564 2648 667 2709 durum
689 2659 719 2710 et
741 2651 838 2726 molle,
863 2659 895 2709 ut
916 2650 1061 2714 libro‘lll.
1085 2653 1250 2730 probatum,
1274 2655 1326 2712 sic*
1339 2655 1494 2729 utriusque
1514 2655 1630 2728 generis
1654 2650 1826 2710 barmoniae
1849 2653 1912 2709 nni·

563 2738 692 2799 cereales
714 2731 915 2815 procurandae
935 2740 1051 2799 inerunt
1074 2743 1149 2799 inter
1170 2740 1355 2817 planetarum
1380 2749 1523 2800 extremos
1546 2748 1652 2798 motus.

649 2825 808 2886 Axioma
829 2824 920 2884 XXI.
965 2825 1193 2886 Hermoniacum
1214 2829 1367 2905 utriusque
1396 2829 1511 2904 generis
1535 2825 1669 2886 diversae
1692 2825 1807 2904 speeies
1832 2825 1912 2883 inati-

562 2912 687 2978 tuendae
703 2913 833 2987 inerunt,
850 2920 883 2971 ut
896 2911 1083 2990 pulchritudo
1106 2912 1206 2974 mundi
1223 2909 1258 2975 eni
1274 2916 1409 2975 omnibus
1432 2914 1622 2992 possibilibus
1647 2915 1800 2972 varietatis
1822 2929 1912 2972 mem·

562 3002 622 3062 bria
643 3002 881 3076 concionaretur;
904 2991 994 3078 idque
1016 3021 1067 3079 per
1090 3011 1234 3064 extremos
1257 3012 1369 3084 motus,
1392 3001 1496 3064 saltem
1519 3001 1646 3080 aliquos.

649 3094 702 3148 Par
719 3093 828 3149 axioma
848 3096 870 3149 l.
1077 3089 1081 3094 ’

648 3187 875 3263 Propositio
897 3183 1007 3242 XXII.
1032 3185 1177 3245 'Exhemi
1200 3183 1385 3262 planetarum
1408 3193 1505 3246 motus
1528 3187 1644 3262 signare
1659 3183 1830 3244 uebusmnr
1849 3183 1912 3242 loon

565 3287 620 3332 reu
641 3272 766 3334 chordae
788 3275 958 3350 systematis
981 3271 1138 3348 diapason,
1160 3272 1208 3332 rel
1231 3271 1330 3334 clares
1352 3272 1451 3334 walae
1473 3275 1613 3335 musicae.
1730 3322 1735 3332 .

649 3362 720 3420 Nam
746 3369 822 3419 ortm
849 3369 877 3417 et
895 3362 1061 3431 comparatio
1079 3363 1297 3435 harmoniarum,
1324 3366 1492 3433 inceptorum
1510 3363 1545 3418 ab
1563 3377 1617 3418 nno
1636 3364 1772 3418 communi
1791 3362 1910 3430 termina

563 3445 657 3516 genuit
675 3441 776 3500 scalam
793 3442 935 3510 musicam,
958 3455 1007 3496 seu
1025 3441 1184 3497 munionem
1203 3442 1335 3512 diapason
1353 3444 1380 3496 iu
1399 3457 1449 3497 sua
1467 3441 1587 3497 loca'nel
1601 3455 1701 3511 naeuos,
1726 3448 1757 3496 ot
1774 3441 1846 3496 hbro
1865 3439 1910 3496 [ΙΙ.

562 3524 714 3592 probatum.
752 3519 821 3574 cum
837 3520 920 3588 igitur
936 3521 1110 3587 requirantur
1129 3520 1286 3577 barmoniae
1303 3523 1375 3576 inter
1392 3530 1514 3576 motuum
1531 3528 1653 3576 exmema
1669 3521 1776 3586 variae,
1802 3535 1853 3589 per
1869 3533 1910 3573 ar.

562 3604 578 3656 1
598 3609 626 3657 et
642 3601 677 3656 20
694 3607 722 3656 et
739 3599 789 3655 21:
816 3613 901 3669 quare
918 3598 1066 3667 requiritur
1092 3601 1247 3668 ”crematis
1274 3602 1388 3670 aliquus
1415 3598 1544 3656 coelestis
1561 3613 1611 3654 seu
1630 3599 1721 3654 scalae
1740 3598 1910 3654 harmonicae

561 3679 644 3738 realis
662 3678 799 3734 distinctio
817 3693 867 3747 per
884 3684 1007 3732 extrema
1017 3685 1154 3736 motuum.
1257 3697 1260 3702 ·
1342 3676 1346 3686 '

649 3772 865 3848 Propositlo
895 3766 1017 3830 XXIII.
1075 3769 1213 3849 Opurtuit
1245 3790 1310 3834 esse
1337 3789 1427 3834 uuam
1457 3773 1556 3849 bigam
1595 3770 1798 3849 planetarum,
1841 3771 1911 3828 inter
1965 3839 1967 3848 Ι

563 3859 648 3937 cnjus
669 3865 766 3920 motus
789 3857 888 3918 nullae
912 3865 1032 3936 possent
1055 3862 1179 3920 existere
1202 3858 1386 3937 harmoniae,
1409 3870 1524 3938 praeter
1547 3857 1621 3918 duaa
1642 3865 1750 3932 sertae,
1772 3855 1909 3933 majorem

565 3941 603 4030 ³1,
625 3957 655 4009 et
676 3949 818 4008 minorem
839 3940 887 4026 ⁵1,

651 4039 719 4094 cum
745 4038 816 4093 enirn
843 4043 917 4092 esset
942 4036 1097 4092 necessaria
1124 4035 1261 4094 modoetia
1290 4053 1418 4108 generum
1436 4033 1650 4102 harmoniarum,
1677 4051 1728 4108 per
1744 4037 1853 4094 axioma
1870 4037 1909 4103 20,

561 4111 643 4189 idque
661 4134 712 4189 per
727 4125 849 4172 motuum
867 4122 989 4171 extrema
1006 4115 1034 4168 in
1053 4115 1201 4185 opsidibus,
1228 4132 1279 4184 per
1295 4117 1338 4185 22,
1366 4117 1430 4185 qnia
1448 4116 1508 4172 sola
1526 4125 1656 4180 extrema,
1672 4115 1846 4173 tardissimus
1864 4117 1910 4172 aei·

499 4263 504 4270 ,
562 4198 627 4256 licet
638 4198 666 4254 o‘t
676 4196 870 4263 relochmmus,
887 4193 1011 4264 indigent
1027 4193 1183 4250 definitione
1195 4196 1367 4266 procurantis
1380 4203 1409 4250 et
1420 4195 1578 4265 ordinantis,
1590 4195 1766 4252 intermediae
1778 4195 1911 4252 munnae

563 4276 726 4349 proveniunt
743 4274 815 4329 ulmo
833 4291 894 4329 cum
911 4274 972 4343 ipso
990 4275 1107 4328 manaim
1125 4274 1250 4345 planetae
1277 4291 1295 4332 a
1311 4275 1465 4331 tardissimo
1488 4282 1565 4334 rnotu
1583 4273 1619 4332 ad
1636 4273 1835 4332 velocissimum
1855 4277 1909 4330 aina
1962 4271 1963 4274 ’

562 4354 693 4426 peculiari
711 4369 789 4410 cura:
814 4353 884 4408 haec
908 4352 990 4422 igitur
1009 4353 1143 4410 ordinatio
1162 4354 1241 4431 aliter
1257 4353 1317 4410 fieri
1342 4371 1396 4409 non
1417 4355 1522 4426 potuit,
1550 4353 1615 4424 quin
1634 4351 1763 4408 extremis
1789 4353 1910 4410 binorum

562 4442 685 4491 motuum
710 4432 920 4503 planetariorum
939 4431 1022 4488 diesis
1049 4444 1098 4488 seu
1118 4433 1173 4504 ”lea
1193 4433 1397 4503 designaretur,
1424 4449 1456 4489 eo
1483 4435 1558 4503 quod
1587 4449 1687 4504 genera
1712 4433 1910 4489 harmoniarum

563 4513 631 4569 diesi
650 4513 857 4582 distinguantur,
873 4527 922 4580 per
940 4526 981 4580 ea,
999 4526 1070 4579 quae
1087 4510 1156 4566 libro
1175 4511 1224 4566 111.
1243 4519 1306 4566 suut
1325 4511 1470 4581 explicata.
1499 4512 1583 4582 Atqui
1602 4511 1683 4568 diesis
1702 4519 1746 4567 est
1763 4507 1911 4566 differentia

563 4591 606 4645 nel
624 4591 738 4648 duarum
755 4589 904 4658 tertiarum,
924 4585 956 4658 *1,
975 4594 1002 4642 et
1021 4585 1068 4659 ⁵1„
1087 4588 1130 4643 vel
1149 4589 1262 4645 duarum
1281 4597 1420 4644 aextarum
1437 4589 1470 4658 il,
1489 4597 1517 4644 et
1535 4591 1580 4660 il„
1604 4589 1647 4644 nel
1666 4589 1812 4646 earundem
1829 4591 1911 4656 abun·

565 4671 685 4729 dantium
702 4687 756 4727 uno
774 4670 817 4724 rel
833 4667 957 4738 pluribus
976 4667 1108 4736 diapason
1125 4667 1282 4724 intervallis.
1315 4669 1392 4722 Duae
1411 4684 1474 4726 vero
1493 4669 1590 4724 seriae
1608 4669 1640 4740 Ἰ,
1660 4676 1687 4724 et
1707 4669 1739 4740 il,
1758 4686 1810 4725 non
1829 4668 1910 4723 habn-

564 4756 644 4805 erunt
660 4749 749 4805 locum
765 4749 837 4804 inter
853 4747 932 4802 binos
950 4745 1084 4816 planetas,
1101 4761 1152 4816 per
1163 4764 1240 4818 prop.
1256 4747 1280 4812 6,
1299 4745 1347 4802 eed
1359 4761 1448 4817 neque
1466 4749 1563 4806 tertiae
1576 4748 1617 4804 rel
1636 4755 1732 4804 sextae
1744 4748 1911 4806 abundantes

563 4827 705 4884 interuallo
724 4827 856 4896 diappaou
873 4825 979 4894 uapiam
997 4828 1124 4885 inventae
1142 4835 1213 4896 aunt,
1232 4833 1422 4898 praeterquam
1441 4825 1487 4898 il„
1504 4827 1532 4884 in
1549 4827 1612 4898 biga
1629 4827 1726 4884 Martis
1744 4834 1773 4884 et
1784 4825 1910 4894 Tellenis,

565 4924 653 4977 neque
669 4915 759 4962 munau
777 4905 825 4960 illa
842 4904 934 4973 aliter,
962 4905 1015 4962 nisi
1032 4924 1093 4963 cum
1112 4905 1186 4961 socia
1205 4905 1250 4976 il„
1278 4907 1370 4974 itaque
1389 4905 1470 4960 etiam
1493 4905 1667 4964 intermediae
1686 4907 1719 4974 ll,
1739 4913 1768 4961 et
1787 4903 1816 4976 Ἰ,
1836 4911 1864 4958 et
1884 4903 1912 4970 ’1,

562 4985 642 5054 juxta
659 4983 877 5042 admittebantur.
913 4986 989 5057 Ergo
1009 4987 1183 5057 relinquitur,
1201 4993 1232 5040 ut
1249 4985 1355 5040 dandae
1373 4984 1474 5040 fuerint
1493 4985 1539 5038 uni
1556 4985 1728 5056 planetarum
1748 4983 1825 5052 bigae
1843 4981 1910 5036 duaa

565 5071 668 5134 sextae,
687 5062 721 5132 ³1,
739 5067 766 5116 et
785 5062 829 5131 ἃ1,.
848 5063 903 5120 Sed
921 5070 949 5119 et
967 5064 1043 5120 solae
1056 5072 1150 5120 sextae
1162 5065 1303 5119 venationi
1321 5071 1443 5119 motuum
1461 5063 1569 5119 illorum
1588 5063 1777 5120 concedendae
1794 5059 1908 5125 fumum,

565 5139 605 5195 sic
622 5149 653 5198 nt
669 5155 758 5212 neque
774 5142 907 5198 termium
925 5157 990 5198 auos
1009 5142 1044 5198 ad
1063 5142 1332 5212 comprehensionem
1348 5140 1484 5198 intervalli
1505 5143 1628 5213 proxime
1645 5141 1756 5212 muncia
1772 5139 1851 5196 nnius
1868 5151 1908 5192 oe·
