4467 6192
658 680 796 743 iuditium
813 682 925 757 Kspleri
942 682 977 741 ds
994 697 1181 743 mensurarum
1199 680 1385 757 aequatione·
1623 692 1684 753 621

880 954 931 1015 Ad
954 956 1072 1035 Caput
1094 956 1148 1017 1v.

425 1102 553 1161 samum
572 1102 768 1177 generaliorem
786 1104 852 1161 iacit
869 1107 941 1163 hanc
958 1109 1160 1177 quaestionem,
1186 1108 1231 1163 cui
1256 1108 1380 1177 equidem
1405 1107 1511 1163 invideo
1535 1106 1569 1163 de
1587 1106 1687 1162 tradito

341 1182 472 1255 principio
490 1198 687 1256 mensurarum,
705 1192 736 1241 ut
753 1184 820 1250 mibi
838 1178 946 1241 rideiur
962 1188 1144 1257 pulcherrimo
1164 1192 1191 1242 et
1213 1186 1385 1242 securissimo
1404 1191 1432 1240 et
1449 1187 1567 1242 omnium
1584 1190 1688 1256 tempo·

340 1278 407 1318 rum.
443 1264 513 1321 Nam
530 1264 602 1320 idem
620 1280 670 1335 ego
685 1265 744 1334 jam
761 1271 819 1319 tum
835 1265 986 1321 meditabar
1002 1267 1125 1338 tradere,
1152 1283 1214 1322 cum
1239 1266 1355 1336 primum
1376 1267 1460 1322 verba
1483 1265 1543 1321 fieri
1566 1268 1688 1323 audirem

343 1342 376 1400 de
392 1342 445 1401 bac
463 1344 585 1401 materia.
1296 1400 1301 1412 ,
1441 1350 1447 1359 ’

407 1423 528 1480 Primum
547 1423 571 1478 ei
587 1422 669 1478 uncia
685 1423 771 1482 variat
787 1422 946 1493 per'aliqua
958 1422 1027 1493 loca,
1045 1424 1159 1483 variabit
1176 1423 1274 1494 atejus
1288 1423 1430 1494 drachma3
1449 1440 1480 1481 se
1497 1425 1587 1495 ipsum
1605 1424 1688 1495 igitur

340 1499 492 1571 redarguit;
520 1500 618 1557 deinde
649 1516 776 1557 mensura
792 1517 877 1572 parra
895 1507 945 1571 est,
965 1504 1043 1572 cnjm
1061 1502 1284 1573 multiplicatione
1301 1503 1456 1560 multatieri
1468 1504 1577 1559 tandem
1591 1508 1687 1577 possit,

340 1586 370 1635 nt
386 1580 501 1635 notabili
518 1579 609 1650 aliquo
628 1580 797 1636 differremus
815 1595 832 1634 a
849 1580 1017 1649 ponderibus
1035 1588 1170 1651 veterum,
1195 1584 1288 1651 itaque
1305 1584 1430 1652 gloriatio
1448 1590 1541 1639 nostm
1557 1583 1688 1639 interiret
1721 1609 1724 1618 ¹

339 1658 436 1725 ltaque
461 1659 553 1730 placet
569 1660 635 1718 mibi
652 1676 713 1715 cnm
732 1660 829 1716 ceteris
848 1674 931 1728 super
948 1660 1001 1714 hoo
1020 1660 1153 1715 consultis
1172 1661 1308 1732 dubitare,
1335 1678 1351 1717 a
1373 1661 1487 1732 simplici
1513 1660 1689 1730 longitudinis

339 1756 374 1794 an
391 1755 409 1794 a
427 1740 523 1795 cubica
540 1750 682 1795 mensurae
697 1740 863 1817 ¹capiendum
882 1740 918 1795 sit
936 1739 1062 1795 initium?
1097 1740 1192 1796 Placet
1210 1739 1289 1794 etiam
1307 1742 1473 1811 respondere
1491 1756 1551 1795 cnm
1570 1741 1688 1811 Stevino,

339 1818 411 1887 quod
429 1817 465 1873 sit
482 1816 517 1871 ab
534 1816 583 1871 illa
599 1817 791 1887 incipiendum,
810 1834 865 1873 non
885 1819 920 1873 ab
937 1817 996 1872 bac.
1032 1818 1123 1887 Atque
1148 1817 1200 1874 hoc
1227 1818 1340 1887 quidem
1366 1820 1401 1874 ob
1425 1818 1615 1889 simpliciorem
1641 1833 1688 1875 na·

338 1904 426 1952 turam
444 1896 527 1967 longi,
547 1914 628 1966 quam
645 1894 744 1965 solidi3¹
765 1898 847 1953 rectis
866 1898 967 1967 quippe
985 1904 1061 1953 ortus
1080 1897 1223 1967 tribuitur,
1251 1899 1339 1953 cursis
1362 1900 1530 1968 perpetuitas
1538 1919 1552 1953 t·
1571 1900 1688 1971 primum

338 1991 401 2029 vero
418 1975 601 2030 rudimentum
620 1992 750 2045 geneseos
769 1974 796 2029 in
814 1975 892 2031 fluxu
910 1978 1019 2046 puncti,
1045 1978 1117 2033 uude
1134 1978 1219 2047 linea;
1244 1977 1315 2033 alter
1333 1977 1433 2047 gradum
1450 1978 1478 2031 in
1496 1976 1573 2033 fluxu
1590 1978 1687 2046 lineae

339 2054 409 2110 unde
429 2054 563 2124 quadrata
574 2054 748 2125 superficies;
766 2056 865 2111 tertius·
877 2055 994 2126 denique
1006 2057 1035 2113 in
1047 2057 1123 2113 fluxu
1136 2057 1290 2128 superficiei
1302 2056 1461 2126 quadratae,
1479 2057 1551 2112 nude
1563 2056 1687 2126 solidum,

337 2149 364 2187 n.
383 2135 479 2190 cubus.

422 2213 554 2281 Agnoscit
571 2214 624 2270 boo
644 2222 672 2269 et
690 2214 844 2271 Schonerus
864 2214 1024 2282 quaestione
1043 2215 1151 2283 quinta:
1171 2214 1219 2269 sed
1237 2214 1349 2272 facessit
1367 2214 1393 2269 ei
1408 2215 1548 2287 negotium
1561 2213 1687 2270 accidens

336 2287 434 2344 hocin
452 2308 585 2361 processu
603 2292 782 2362 inculcatam,
808 2294 880 2362 quod
903 2293 963 2349 sola
981 2295 1102 2363 pondera
1120 2296 1270 2349 manserint
1287 2297 1447 2352 constantia.
1485 2296 1543 2368 Ego
1570 2308 1634 2349 vero
1659 2299 1688 2348 ot

335 2365 387 2423 hoc
404 2369 433 2424 in
446 2369 557 2425 dubium
575 2371 665 2426 vocari
681 2371 759 2427 rideo
772 2386 789 2425 a
802 2372 927 2427 Mariana
939 2372 1069 2443 Hispano,
1090 2375 1137 2441 qui
1150 2372 1184 2428 de
1196 2373 1361 2443 ponderibus
1374 2375 1560 2431 recentissime
1570 2370 1687 2443 scripsit,

336 2455 363 2505 et
375 2446 488 2515 jamjam
503 2448 556 2505 boc
574 2456 685 2505 acturus
703 2465 772 2517 sum,
791 2456 822 2503 ot
839 2458 1001 2520 perpetuam
1018 2452 1198 2508 constantiam
1217 2455 1245 2509 in
1263 2470 1406 2511 mensuras
1418 2452 1595 2523 longitudinis
1605 2454 1688 2507 intro-

336 2527 440 2582 ducam.
475 2527 650 2583 Potissimum
676 2529 747 2583 enim
774 2538 961 2599 argumentum
988 2546 1037 2600 pro
1065 2532 1167 2601 longo
1195 2532 1318 2600 eligendo
1346 2539 1389 2587 est
1415 2529 1559 2587 aStetino
1587 2532 1688 2588 dictum
1711 2571 1716 2585 ,

334 2607 455 2676 mihique
473 2616 664 2679 praereptum,
682 2608 835 2663 milliarium
854 2608 888 2664 ad
908 2608 1053 2667 maximnm
1080 2610 1211 2666 circulum
1233 2611 1307 2680 globi
1331 2612 1449 2667 Telluris
1461 2613 1685 2680 accommodatio,

308 2719 312 2730 ·
335 2693 363 2740 et
380 2680 482 2755 pedum
501 2686 529 2741 iu
547 2686 655 2741 milliari
673 2694 763 2743 certus
782 2702 926 2757 numerus,
952 2688 1084 2760 pedisque
1102 2705 1158 2743 non
1175 2690 1257 2759 plane
1274 2690 1523 2750 inconstantissimo
1541 2691 1687 2760 quantitas.

335 2767 435 2835 Itaque
453 2765 506 2820 hoe
523 2782 667 2823 mensurae
685 2782 771 2834 genos
789 2768 877 2835 possit
894 2784 955 2823 esse
973 2777 1142 2837 perpetuum.

424 2844 478 2899 Sed
497 2844 639 2914 explicabo
659 2846 854 2915 cogitationum
873 2864 993 2903 mearum
1012 2850 1108 2903 seriem
1126 2848 1266 2919 integram.
1302 2848 1521 2905 Namstevinns
1546 2864 1688 2906 messuros

333 2923 480 2979 Terrarum
499 2924 593 2979 orbem
610 2923 646 2979 ad
664 2927 857 2980 astronomiam
876 2927 993 2997 ablegat,
1022 2927 1095 2998 quod
1113 2942 1226 2982 necesse
1244 2943 1298 2982 non
1317 2935 1368 2984 est.
1403 2928 1464 2997 Ego
1490 2944 1600 2985 mensus
1626 2946 1686 2984 sum

333 3012 398 3059 ante
417 3016 504 3057 annos
523 3008 648 3071 quatuor,
667 3004 744 3059 coelo
763 3020 818 3059 non
836 3006 967 3077 inspecto,
988 3012 1015 3064 et
1032 3009 1212 3062 instrumento
1230 3006 1385 3078 ’certissimo
1410 3001 1531 3076 quidem,
1556 3006 1604 3062 sed
1623 3024 1687 3064 con-

333 3080 410 3135 temti
437 3082 525 3150 pretii.
561 3082 594 3137 Iu
612 3085 722 3153 regione
740 3086 809 3141 hene
827 3085 910 3155 plana
927 3102 977 3141 nec
1000 3086 1092 3141 multis
1116 3085 1255 3140 fluminum
1280 3085 1448 3141 anfractibus
1470 3086 1600 3155 impedita
1619 3088 1687 3143 duos

332 3158 404 3228 eligo
424 3166 521 3228 turres,
542 3163 574 3217 15
592 3163 657 3218 ciro.
676 3163 764 3219 Germ.
783 3163 943 3221 milliaribus
963 3165 1104 3220 distantes.
1133 3162 1194 3218 Hoc
1212 3163 1355 3219 intervallo
1377 3180 1444 3219 sane
1462 3170 1606 3234 utramque
1624 3166 1685 3223 alti·

332 3240 457 3295 tudinem
478 3240 527 3296 120
544 3255 643 3309 passus
663 3250 793 3311 inperare
811 3258 925 3315 necesse
943 3251 997 3299 est:
1027 3259 1061 3297 ex
1080 3260 1134 3312 qno
1153 3242 1176 3297 si
1196 3242 1363 3311 impossibile
1381 3243 1492 3305 ridetur.
1511 3249 1687 3314 proportione

333 3326 467 3390 spectata,
486 3319 513 3373 id
533 3320 606 3388 quod
623 3320 683 3377 fiori
700 3328 800 3392 potest,
819 3324 984 3377 aestimetur.
1020 3322 1143 3391 Utraque
1161 3336 1196 3376 ex
1214 3321 1355 3377 mtitudine
1381 3331 1556 3391 conspectum
1574 3323 1686 3381 alterins

333 3400 486 3465 qnocturnis
504 3400 612 3469 ignibus
631 3402 764 3471 adjutum,
783 3404 806 3457 ei
825 3418 936 3459 necesse
955 3404 1010 3469 est)
1037 3401 1071 3456 ad
1091 3400 1210 3458 libellam
1227 3400 1457 3456 accuratissimam
1475 3403 1607 3457 examino.
1643 3406 1686 3458 ln·

330 3478 451 3535 notescit
468 3480 539 3534 enim
557 3496 591 3535 ex
611 3483 812 3551 comparatione
840 3497 895 3536 uon
921 3487 1028 3535 tantum
1052 3481 1169 3551 angulus
1188 3478 1222 3533 ad
1241 3486 1363 3535 centrum
1382 3479 1520 3549 Telluris,
1539 3497 1588 3536 seu
1606 3471 1686 3539 uicus

331 3561 502 3628 interceptae
527 3560 693 3630 superficiei,
725 3562 773 3617 sed
792 3563 873 3616 etiam
892 3560 1032 3614 discessus
1049 3560 1192 3629 utriusque
1211 3557 1280 3628 signi
1299 3573 1315 3611 a
1333 3565 1426 3612 centro
1442 3558 1561 3615 Telluris
1579 3562 1606 3616 iu
1624 3579 1686 3631 pro·

331 3639 459 3708 portione
477 3653 517 3705 ea,
536 3655 591 3707 qua
610 3640 727 3708 spatium
746 3638 947 3707 complanatum
965 3637 1036 3691 inter
1061 3644 1205 3707 utramque
1223 3637 1393 3693 altitudinem
1411 3638 1499 3694 metiri
1516 3654 1628 3710 possum
1645 3640 1689 3696 vei

331 3716 418 3785 virga,
436 3712 480 3770 rel
499 3714 628 3784 ianiculo,
654 3716 698 3771 vel
715 3731 879 3787 quacunque
896 3716 1010 3771 ratione.
1048 3717 1145 3786 Itaque
1169 3717 1371 3788 comparatione
1397 3717 1470 3772 iacta
1495 3732 1574 3773 arcus
1592 3719 1688 3775 emonii

331 3792 444 3848 maximi
462 3792 498 3846 ad
514 3792 649 3849 interualli
668 3794 863 3863 longitudinem
882 3797 958 3864 virga
976 3796 1158 3867 descriptam:
1179 3795 1311 3866 quidquid
1329 3799 1354 3849 1'
1372 3811 1422 3850 seu
1442 3796 1499 3862 ’καθ’
1509 3797 1646 3867 competit,
1658 3797 1687 3851 id

331 3873 360 3927 in
375 3874 446 3929 1000
458 3870 594 3927 dividatur
606 3881 707 3943 partes,
727 3888 840 3943 quarum
859 3872 997 3942 quaelibet
1015 3889 1113 3943 passus
1132 3876 1311 3943 geometricos
1329 3879 1467 3928 correctns
1485 3880 1553 3928 esto.
1589 3875 1641 3929 ilic
1659 3876 1687 3932 in

332 3952 473 4007 bdisisus
500 3953 648 4009 constituet
674 3952 771 4024 pedem
799 3962 958 4008 correctum.
994 3952 1046 4007 llic
1071 3954 1100 4008 in
1128 3954 1161 4008 12
1186 3953 1271 4008 abibit
1294 3960 1430 4006 correctos
1453 3951 1561 4020 dignos.
1600 3953 1686 4008 Porro

332 4031 481 4101 digitorum
493 4030 528 4087 32
542 4048 592 4087 seu
604 4032 688 4101 pedes
706 4033 759 4101 2¹l,
777 4032 880 4087 dabunt
898 4040 1049 4087 correctam
1066 4031 1169 4087 ulnam.
1205 4032 1285 4087 Unde
1303 4031 1497 4087 derivabuntur
1516 4038 1543 4087 et
1555 4032 1689 4101 quadrata

330 4111 436 4165 usitata
453 4116 481 4165 et
498 4110 589 4177 virgae
608 4126 734 4179 agrorum
752 4127 892 4167 mensores
911 4113 938 4166 in
955 4112 1075 4167 numeris
1093 4111 1229 4181 pulchris,
1256 4110 1405 4180 dequibus
1424 4111 1543 4166 nondum
1562 4112 1686 4169 omnibus

332 4188 500 4258 deliberasi3
521 4196 650 4245 careatur
667 4195 758 4246 autem
777 4193 866 4247 omnis
886 4192 968 4246 nimia
986 4191 1140 4247 insolentia,

422 4268 493 4323 iiiuc
508 4268 566 4335 jam
583 4282 746 4338 progressus
765 4272 799 4327 ad
820 4272 918 4327 cubum
936 4270 1013 4341 pedis
1034 4272 1091 4339 Jam
1114 4270 1271 4341 constituti,
1299 4270 1346 4338 qui
1368 4270 1391 4325 si
1415 4276 1545 4339 capturus
1564 4277 1606 4325 est
1624 4286 1686 4326 can-

331 4350 430 4405 tharos
447 4347 464 4403 8
482 4346 547 4415 iere,
576 4362 738 4416 quacunque
754 4350 782 4404 in
800 4350 910 4418 regione
930 4357 1024 4403 mutae
1043 4348 1201 4417 quantitatis
1219 4350 1367 4405 cantharas
1385 4351 1412 4405 in
1430 4366 1482 4405 nau
1509 4353 1560 4419 sit,
1585 4352 1610 4406 is
1627 4367 1685 4406 cor·

330 4434 425 4485 rectus
437 4432 498 4481 esto
511 4426 666 4496 cantharus,
686 4428 736 4495 qni
745 4436 844 4497 aequat
856 4428 979 4498 praecise
992 4433 1114 4482 octavam
1128 4428 1199 4484 cubi.
1234 4430 1359 4500 Denique
1375 4430 1491 4500 spatium
1505 4431 1575 4485 cubo
1587 4444 1686 4499 aeque·

331 4520 422 4575 capax
436 4504 594 4573 ‘impleatur
619 4520 685 4561 auro
703 4522 772 4577 puro
791 4514 838 4560 ant
856 4504 968 4574 plumbo
987 4512 1040 4561 aut
1052 4513 1165 4575 argento
1187 4507 1248 4563 viso
1270 4514 1318 4563 ant
1341 4510 1462 4563 fontana.
1498 4508 1687 4565 constituatur

331 4594 427 4642 autem
446 4584 560 4640 seorsim
576 4583 654 4653 libra,
673 4587 752 4655 cujns
769 4582 898 4641 drachnm
910 4585 946 4641 sit
962 4584 1090 4654 ponderis
1103 4586 1215 4655 antiqui,
1234 4587 1421 4656 receptissimi,
1442 4589 1506 4657 qnia
1517 4588 1545 4642 in
1557 4585 1686 4643 methodo

333 4680 385 4719 sen
393 4678 542 4733 progressu
552 4664 721 4732 aequatiouis
732 4664 861 4719 drachma
874 4663 1022 4719 honorifice
1033 4664 1165 4719 habetur:
1184 4671 1213 4718 et
1229 4664 1371 4734 explorata
1383 4667 1565 4736 proportione,
1583 4666 1607 4721 si
1619 4664 1685 4736 p‘on·

333 4740 387 4796 dus
399 4740 558 4811 hujusmodi
576 4744 706 4799 librarum
723 4760 793 4815 pene
813 4745 846 4799 06
865 4744 981 4797 incubo
999 4742 1111 4797 fontana
1129 4744 1219 4796 inesse
1237 4743 1378 4812 videbitur,
1397 4743 1467 4799 libra
1483 4744 1599 4817 ipsaque
1616 4744 1686 4799 adeo

331 4819 465 4876 drachma
482 4821 589 4879 mutulo
608 4830 741 4894 mutatur,
761 4832 791 4878 ut
807 4821 947 4893 proportio
966 4820 1001 4875 sit
1018 4820 1140 4888 praecise
1157 4820 1344 4890 nonagecupla
1361 4822 1503 4891 sextuplo.
1525 4822 1685 4892 praesertim

332 4901 357 4955 si
377 4902 492 4959 mutatio
511 4900 605 4957 intusa
623 4902 710 4961 estin
727 4918 783 4958 una
801 4900 929 4959 drachma
947 4899 1120 4955 insensibilis.
1156 4899 1284 4955 Similiter
1301 4897 1371 4953 mad
1389 4898 1469 4954 aliam
1487 4900 1605 4970 aliquam
1623 4914 1685 4969 pro·

331 4978 489 5049 portionem
501 4978 642 5049 pulchram
655 4980 779 5036 alluserit
795 4980 902 5051 pondus
922 4978 984 5036 cubi
1001 4979 1138 5048 fontanae,
1156 4980 1231 5037 utad
1243 4978 1434 5035 centenarium.
1471 4980 1574 5048 Quodsi
1586 4979 1683 5035 melios

331 5059 426 5116 omnia
443 5060 628 5129 processerint
646 5059 789 5116 distributo
809 5064 833 5117 1¹
851 5061 940 5131 spatio
965 5060 994 5115 in
1019 5061 1085 5117 teto
1107 5074 1223 5129 passus,
1250 5072 1338 5127 neque
1365 5056 1419 5112 hoc
1443 5059 1683 5129 praetermittaturs

331 5138 398 5198 lion
415 5138 518 5211 dubito,
536 5139 602 5209 quin
613 5154 676 5216 rem
694 5140 765 5197 serio
782 5139 963 5199 mactantibus
981 5138 1071 5194 omnia
1087 5138 1124 5195 sd
1140 5144 1233 5193 notum
1250 5137 1306 5194 aiut
1322 5150 1428 5193 casura
1599 5155 1603 5166 ·
