4467 6192
945 646 1086 717 Apologia.
1574 735 1577 742 .
1626 646 1689 709 425

261 870 262 874 ,
355 827 428 887 litate
451 842 538 903 agore
560 826 771 909 interpretem?
813 824 850 886 Et
880 825 1060 903 ponderate
1092 826 1233 905 mysteria
1262 824 1358 887 dicore
1385 827 1446 901 ris,
1479 832 1509 885 at
1530 825 1561 884 id
1592 830 1690 890 tamea

355 916 443 973 iacere
467 922 553 975 cauta
575 933 627 991 per
649 918 824 992 aenigmata,
848 916 954 990 quibus
978 921 1130 973 arceantur
1144 916 1312 972 oscitantes.
1354 912 1555 989 Haeentique
1577 914 1692 989 sincera

260 1016 262 1049 1
354 1010 392 1061 aet
421 1004 513 1059 oratio
543 1006 731 1081 mysticorum
765 1004 915 1077 omnium3
947 1000 1160 1079 hariolando,
1190 1000 1289 1077 quoad
1311 1007 1420 1072 cetera,
1444 1000 1472 1059 in
1502 1000 1689 1073 harmonicis,

353 1090 500 1166 disciplina
522 1092 746 1170 mathematica,
775 1107 834 1149 uon
856 1091 976 1166 recipio.
1022 1088 1083 1163 Tu,
1110 1090 1135 1149 ai
1164 1088 1262 1165 placet
1289 1092 1590 1164 interpretamentum,
1619 1105 1692 1147 cau-

351 1195 407 1235 sam
431 1176 538 1251 dicito,
564 1196 613 1237 cur
635 1181 725 1253 igitur
747 1178 817 1237 mihi
841 1194 1030 1249 succensens,
1061 1175 1180 1235 modum
1201 1176 1346 1236 scribendi
1368 1193 1426 1252 >per
1448 1178 1615 1252 aenigmata
1637 1175 1693 1236 tibi

260 1278 264 1315 l
351 1264 506 1323 tribuenti?
553 1264 673 1340 Quare
697 1274 811 1325 tantum
834 1266 1055 1341 opprobriorum
1079 1265 1253 1335 commerui,
1277 1273 1309 1322 ut
1330 1266 1452 1323 nouam
1475 1282 1521 1322 me
1544 1264 1691 1325 communi

260 1366 265 1403 t
352 1370 413 1411 caru
439 1360 501 1410 arte
525 1355 590 1429 ipsa
611 1353 751 1431 epitheto,
774 1362 807 1413 ut
828 1352 1001 1430 Mysterium
1024 1370 1121 1419 meum
1145 1350 1422 1427 cosmographicum
1446 1369 1551 1411 nomen
1575 1355 1691 1411 sinere

260 1458 262 1491 ι
351 1439 518 1515 appellares,
542 1450 575 1500 ut
597 1448 772 1505 secretorum
795 1442 988 1515 ignorantiam
1012 1440 1211 1517 exprobrares,
1234 1440 1416 1498 intellectum
1438 1440 1513 1498 mihi
1534 1443 1691 1516 imapirto-

261 1542 264 1579 ε
349 1532 426 1585 rium
449 1536 477 1585 et
498 1528 594 1593 durem
624 1530 670 1587 itti
687 1532 920 1604 praeeripiosom
942 1529 1098 1599 tribueres,
1133 1529 1292 1585 vanitatem
1321 1527 1489 1602 objiceres?
1534 1527 1631 1587 Velim
1661 1534 1691 1586 to

350 1616 484 1691 respicias
515 1618 714 1693 inposterum
744 1616 929 1691 diligentius,
959 1633 995 1673 ne
1018 1623 1086 1674 tuae
1110 1617 1203 1691 ipsius
1226 1616 1421 1673 aestimationi
1455 1631 1570 1675 noceas.
1591 1641 1594 1645 ⁴
1615 1615 1690 1682 Nam

260 1730 261 1751 r
351 1720 393 1760 me
415 1701 496 1775 qnod
520 1706 633 1776 attinet,
657 1704 727 1763 mibi
749 1720 845 1779 neque
867 1704 1065 1763 recantatione
1089 1710 1141 1763 tua
1161 1720 1258 1777 neque
1274 1703 1419 1763 contraria
1432 1701 1601 1764 laudatione
1617 1719 1691 1779 opus

260 1838 261 1843 ,
350 1796 398 1859 ast,
421 1807 517 1864 nequa
541 1790 649 1851 efficies
671 1791 729 1851 hac
750 1793 984 1869 importunitate,
1009 1797 1041 1848 ut
1064 1790 1221 1851 detractem
1245 1798 1340 1849 terum
1364 1789 1495 1864 velitari,
1519 1792 1636 1867 quoties
1658 1789 1689 1848 id
1739 1852 1744 1867 ,
1817 1840 1822 1855 .

260 1900 266 1935 ε
349 1878 407 1936 sino
430 1894 499 1935 meo
519 1886 615 1937 sumtu
640 1887 757 1939 etcum
781 1879 881 1955 aliquo
905 1878 1020 1937 lectoris
1044 1880 1175 1953 prosectu
1197 1873 1364 1957 potero.⁴⁶)

260 1986 262 1995 ’
434 1962 584 2039 Quantum
608 1983 684 2025 nune
707 1985 759 2044 per
782 1967 877 2025 Deum
900 1966 1092 2025 immortalem
1114 1966 1181 2035 bilis
1204 1968 1233 2023 in
1257 1966 1386 2024 membro
1402 1964 1559 2043 analyseos
1581 1964 1684 2023 alterol

351 2051 419 2110 Cam
442 2068 498 2125 ego
523 2053 677 2130 thymiam,
702 2072 768 2113 oum
791 2053 937 2113 Hermetis
961 2062 990 2113 et
1011 2054 1159 2113 Paracelsi
1184 2052 1344 2113 doctrinam
1368 2070 1405 2112 ue
1428 2052 1549 2113 verbulo
1572 2050 1691 2127 quidem

348 2141 531 2216 pupugerim,
561 2143 617 2199 nisi
642 2142 719 2216 qaod
743 2160 803 2203 reru
826 2142 961 2201 omnibns
985 2144 1167 2200 notissimam
1190 2158 1290 2211 uarro,
1322 2141 1476 2201 obscuram
1502 2148 1532 2201 et
1553 2141 1691 2200 tenebro-

260 2252 266 2285 ε
348 2244 405 2285 sam
427 2244 502 2297 esse,
527 2245 591 2286 cum
615 2231 737 2287 titulum
761 2230 924 2287 [dermetiai
945 2247 999 2287 uec
1022 2228 1084 2287 odii
1105 2247 1160 2287 aee
1182 2228 1308 2288 ludibrii
1329 2246 1425 2288 eausa
1443 2229 1614 2298 tribuerim,
1637 2226 1691 2287 sed
1771 2262 1774 2268 ‚

260 2346 261 2355 κ
348 2324 377 2371 ut
398 2316 596 2375 nominatione
620 2326 716 2375 sectae
740 2334 848 2376 morem
871 2315 1112 2392 philosophandi,
1147 2334 1235 2392 quem
1265 2318 1294 2373 in
1316 2323 1368 2376 tuo
1395 2316 1470 2376 libro
1501 2316 1688 2392 deprehendi.

261 2462 262 2465 ,
348 2400 501 2460 lectoribus
522 2404 626 2461 tutaris
655 2403 846 2463 describerem
871 2403 1051 2477 evidentius,
1084 2421 1149 2463 cum
1178 2402 1428 2479 haudquaquam
1458 2403 1607 2465 dedeima
1636 2410 1693 2461 aut
1746 2435 1749 2441 ·

263 2543 267 2554 ,
348 2490 493 2565 infamiae
516 2494 548 2548 in
568 2498 658 2567 parte
678 2496 842 2567 posuerim,
867 2493 1015 2550 Hormoita
1037 2509 1095 2551 ease
1117 2491 1309 2565 discipulum,
1333 2510 1398 2551 cum
1420 2509 1474 2551 uec
1491 2491 1616 2569 oderim,
1638 2508 1692 2549 neo
1719 2528 1724 2535 .

260 2604 266 2641 a
348 2575 556 2636 damnaverim
584 2596 638 2637 nee
658 2598 717 2654 pro
738 2580 834 2637 nihilo
861 2580 1020 2637 habuerim
1043 2579 1120 2637 hano
1142 2578 1329 2653 facultatem,
1353 2590 1385 2640 tu
1413 2588 1595 2641 tamencum
1615 2596 1692 2654 pan-

348 2663 422 2739 oplia
454 2666 484 2721 in
507 2682 552 2723 me
581 2670 750 2743 consurgis,
783 2666 926 2727 mathesin
950 2666 1230 2742 mathematicasque
1253 2684 1362 2728 omnea
1379 2668 1410 2725 in
1433 2673 1577 2727 conamen
1602 2683 1693 2725 vocas

260 2783 268 2815 r.
347 2768 408 2809 cum
430 2752 549 2829 chyrnia
571 2746 695 2829 cumque
717 2754 865 2815 Hermete.
911 2754 1031 2813 Frustra
1054 2752 1182 2830 quidem,
1207 2764 1347 2829 quantam
1369 2753 1407 2815 ed
1422 2773 1485 2827 me3
1509 2772 1577 2831 nam
1597 2753 1693 2813 lecto·-

347 2856 388 2897 rea
411 2837 561 2910 adhortor,
585 2840 685 2915 legant
707 2844 927 2917 pensitantque,
951 2860 1029 2917 quae
1052 2850 1083 2901 tu
1107 2842 1163 2901 boe
1186 2842 1251 2901 loeo
1274 2844 1415 2919 scripsisti
1438 2842 1571 2918 chymiae
1594 2844 1692 2900 socia-

261 2967 268 2993 ,
346 2944 465 3002 rumque
491 2926 708 3003 disciplinarum
732 2932 880 3007 ipsiusque
903 2929 1050 2988 Hermetis
1073 2932 1222 3002 encomia3
1245 2932 1322 2989 circa
1336 2930 1479 2990 mathesin
1495 2946 1566 2989 vero
1582 2936 1691 2990 etcum

260 3047 268 3086 ,2
346 3030 449 3073 ranam
474 3018 681 3089 geometriam,
713 3035 777 3077 cum
801 3025 931 3075 motuum
965 3018 1112 3076 stellarum
1137 3019 1355 3092 inquisitionem
1384 3017 1601 3093 phantasticam
1622 3034 1692 3094 pro-

347 3099 461 3173 clamas,
487 3121 524 3162 ne
548 3110 575 3162 tc
599 3103 729 3177 audiant,
753 3106 808 3163 nisi
833 3122 898 3163 cum
921 3111 978 3163 ista
1000 3106 1104 3163 scribis
1128 3105 1164 3163 de
1187 3107 1265 3163 omni
1289 3108 1461 3165 tomeritate.
1509 3104 1693 3180 Numquae

260 3258 261 3263 η
346 3192 444 3262 major
467 3198 510 3247 cat
531 3182 669 3251 deliratio
692 3210 728 3251 ac
751 3192 890 3252 vecordia
914 3188 995 3273 (utor
1019 3210 1085 3252 ecce
1109 3194 1206 3252 verbis
1223 3189 1306 3274 tois),
1331 3210 1517 3269 quomrum
1539 3192 1693 3251 damnare

345 3284 448 3351 etpro
470 3278 565 3337 nihilo
587 3278 694 3337 habam
715 3282 879 3351 amentiam,
903 3283 937 3337 irs
960 3300 1022 3355 qua
1043 3298 1169 3355 pror-sua
1191 3281 1268 3338 nihil
1289 3280 1443 3357 olfecerit?

432 3364 500 3422 Non
524 3373 591 3423 sunt
613 3366 703 3439 adeo,
726 3358 868 3438 Roberte,
894 3366 989 3425 divisa
1011 3367 1151 3427 mathesis
1172 3354 1204 3425 'et
1225 3367 1360 3446 ebymia,
1382 3374 1416 3426 ut
1436 3369 1465 3424 in
1489 3365 1613 3426 eundem
1636 3365 1693 3439 bo7

346 3453 449 3510 minem
473 3468 532 3509 non
555 3452 673 3526 cadant,
705 3454 756 3528 qui
778 3454 985 3513 mathematica
1007 3455 1103 3515 tradat
1126 3454 1269 3533 dilucide,
1296 3456 1436 3523 verbosa,
1467 3472 1519 3531 per
1540 3454 1641 3514 literas
1664 3461 1694 3513 et

347 3538 570 3611 diagrammata,
602 3541 735 3619 ebymica
765 3559 845 3601 more
875 3550 983 3601 sectae.
1035 3543 1090 3600 Vis
1120 3544 1193 3603 seire
1225 3544 1352 3619 conjugii
1387 3544 1476 3619 hujus
1505 3542 1693 3619 exemplum?

348 3628 455 3702 neapo
481 3626 651 3703 Tychonem
676 3627 782 3707 Brahc,
812 3630 859 3687 cui
882 3630 910 3687 in
935 3638 1015 3705 parte
1040 3632 1136 3706 operis
1165 3648 1219 3704 ego
1242 3633 1380 3691 successi.
1427 3629 1522 3704 Quam
1545 3630 1594 3688 ille
1618 3629 1693 3688 fidus

349 3712 457 3772 silentii
481 3722 580 3773 custos
602 3718 631 3773 in
654 3716 838 3788 Hermaticis,
861 3722 920 3775 tam
943 3716 1037 3775 tidelis
1061 3725 1162 3777 contra
1184 3722 1414 3794 perspicuusque
1437 3716 1551 3788 doctor,
1576 3720 1717 3792 quoties·

260 3848 263 3887 ξ
349 3804 375 3857 in
398 3801 616 3861 mathematicis
639 3802 750 3879 aliquid
774 3806 802 3859 in
827 3802 933 3878 vulgus
955 3805 1159 3879 proterendum
1180 3809 1300 3880 sumsit3
1331 3805 1413 3864 nulla
1439 3812 1508 3870 tune
1537 3803 1586 3863 ille
1609 3822 1692 3863 corn·
1804 3827 1810 3841 ‚

276 3943 280 3952 ,
345 3890 457 3948 minisei
481 3889 585 3948 solitus
608 3900 653 3949 est
675 3894 851 3966 aenigmata,
874 3890 945 3949 nibil
970 3894 999 3950 in
1021 3894 1142 3968 picturis
1165 3892 1292 3958 tradidit.
1316 3910 1374 3953 non
1397 3891 1545 3969 pollicitus
1567 3899 1612 3950 est
1626 3909 1691 3951 mo-

260 4024 266 4063 ,
345 3984 396 4034 tus·
414 3976 559 4037 coelestes
583 3976 687 4037 docere
710 3981 773 4037 sine
797 3979 1019 4055 quantitatibus,
1042 3998 1102 4039 non
1125 3979 1299 4054 dedignatus
1321 3988 1367 4040 est
1387 3980 1544 4049 subvenire
1565 3982 1691 4055 ingeniis

260 4138 261 4148 ἵ
345 4064 565 4136 infirmioribus,
590 4066 637 4125 vel
662 4069 727 4142 ipsa
748 4065 853 4147 sulculi
876 4066 969 4126 forma
993 4067 1230 4144 compendiisque
1254 4068 1420 4142 publicatis.

429 4150 511 4211 Illud
534 4156 654 4211 seorsim
678 4154 740 4224 tibi,
765 4154 882 4229 maj0ris
906 4154 1071 4225 evidentiae
1095 4173 1186 4216 eausa
1207 4155 1396 4229 reparandum
1420 4153 1559 4214 hocloco
1581 4156 1692 4225 cenam,

346 4256 453 4313 magna
482 4256 547 4299 cum
576 4242 682 4315 injuria
712 4258 777 4301 mea
807 4250 836 4299 te
865 4242 1049 4313 efferbuisse,
1079 4244 1130 4319 qui
1153 4242 1226 4302 duas
1248 4243 1321 4301 mihi
1344 4243 1505 4303 sententias
1527 4244 1632 4317 impias
1662 4248 1692 4299 et

260 4373 266 4411 ,
345 4327 534 4402 blasphemas
559 4328 703 4397 tribueris,
727 4328 847 4387 alteram
872 4328 989 4403 quidam
1012 4348 1077 4389 eum
1098 4339 1173 4407 typo
1195 4334 1328 4390 variante
1347 4336 1580 4413 expressammt
1601 4328 1692 4387 lector

342 4414 450 4477 credat.
476 4414 611 4473 formalia
634 4434 699 4475 mea
722 4417 826 4489 ecferri,
853 4416 902 4476 iol.
931 4420 979 4475 12.
1002 4415 1053 4477 lin.
1079 4420 1140 4477 41:
1176 4417 1225 4477 Me
1246 4420 1319 4501 haee
1341 4421 1447 4491 omnia
1470 4417 1619 4474 inveniere
1640 4418 1691 4473 irr-
1746 4448 1755 4457 ν

342 4506 431 4577 persio
453 4501 522 4569 rn‘eo
540 4507 685 4579 proprio,
711 4503 842 4575 intelligo
864 4522 990 4579 namque
1012 4505 1070 4564 hoc
1092 4506 1147 4565 abs
1170 4513 1199 4566 te
1221 4524 1286 4566 esso
1302 4507 1469 4581 oppositum
1492 4503 1587 4561 lineae
1606 4509 1692 4561 ante·

260 4638 262 4645 ,
342 4589 480 4657 cedenti,
514 4606 572 4665 qua
594 4591 714 4651 concedi
735 4593 922 4650 scientiarum
946 4610 1054 4651 arcana
1076 4592 1194 4659 dicebas
1218 4613 1276 4669 per
1305 4594 1534 4667 acquisitionem
1554 4588 1693 4664 Spiritus

342 4678 469 4749 aeaut,
500 4678 587 4749 eujus
608 4679 700 4737 solius
720 4682 759 4737 sit
780 4680 852 4737 haec
881 4683 986 4738 omnia
1011 4698 1077 4739 rere
1098 4681 1209 4741 docere
1255 4681 1378 4739 lterum:
1408 4695 1471 4746 rne,
1501 4674 1570 4735 dum
1592 4676 1691 4737 Solem

340 4763 452 4823 sontem
476 4771 572 4821 motus
596 4782 679 4837 roeo,
703 4764 818 4825 titulum
842 4767 918 4825 buno
941 4766 1083 4841 derogare
1105 4770 1238 4832 creatori,
1262 4783 1398 4840 arrogare
1421 4770 1580 4823 creaturae.
1627 4764 1691 4823 lle-

340 4848 414 4921 reor',
439 4857 475 4907 ut
497 4857 541 4909 est
563 4854 643 4911 natio
666 4852 753 4911 hodie
776 4871 923 4928 perversa,
947 4870 983 4913 ne
1005 4871 1063 4911 non
1088 4856 1145 4912 ista
1160 4855 1300 4928 iniquitas
1323 4852 1399 4911 ultra
1416 4852 1506 4911 verba
1520 4868 1552 4911 se
1567 4853 1597 4907 iu
1613 4852 1691 4912 taeta

260 4996 262 5013 ,
340 4940 404 5015 ipsa
428 4938 567 5015 proterat,
592 4942 618 4999 si
640 4938 780 5000 lectorum
804 4940 894 5014 aliqui
918 4940 972 4999 tibi
996 4946 1102 4999 temere
1127 4939 1337 5011 erodantuon
1358 4940 1493 5015 inspecto
1514 4956 1580 4999 meo
1596 4946 1687 4998 textu.

260 5022 261 5025 ’
429 5024 485 5085 Ad
510 5026 697 5105 hnalysin
720 5026 793 5087 xil.
838 5026 896 5087 Sex
920 5028 992 5085 meis
1007 5026 1093 5087 lineis
1116 5028 1211 5103 iisque
1234 5028 1376 5089 brevibus
1397 5026 1464 5103 plus
1479 5035 1511 5087 tu
1526 5044 1615 5104 quam
1638 5044 1690 5087 sax
