4467 6192
461 633 465 661 Ι
536 573 600 634 284
921 569 963 625 De
981 569 1102 626 Motibus
1119 569 1293 626 Pleuetsrum
1310 569 1487 629 Harmonicis.

623 746 670 808 Ac
699 758 775 808 cnm¹¹
801 749 840 808 sit
868 748 1036 825 conjectura
1066 749 1303 826 probabilissima
1334 753 1454 828 (quippe
1482 753 1551 811 nixa
1585 751 1870 812 demonstrationibus

536 837 726 912 geometricis,
741 842 771 895 et
793 834 923 898 doctrina
945 837 981 897 de
1005 840 1101 897 causis
1123 847 1255 898 motuum
1278 837 1519 915 planetariorum,
1543 839 1650 898 tradita
1671 842 1701 896 in
1726 837 1872 898 Commer-

535 924 617 984 tariis
640 920 755 1002 Martis)
783 923 965 999 planetarum
996 925 1089 984 moles
1118 942 1270 1003 corporum
1300 943 1363 985 esse
1396 928 1424 983 in
1454 929 1641 1004 proportione
1668 925 1872 1004 periodioornn

536 1019 712 1086 temporum,
743 1011 785 1068 sic
814 1019 847 1070 ut
869 1012 986 1071 Saturni
1009 1011 1115 1087 globus
1138 1016 1176 1073 sit
1198 1012 1359 1090 trigecuplo
1387 1014 1499 1073 circitor
1520 1015 1614 1090 major
1634 1012 1724 1090 globo
1747 1013 1873 1087 Telluris,

536 1097 653 1175 Jupiter
674 1096 867 1175 duodecuplo,
883 1099 970 1168 blora
992 1102 1087 1160 minus
1110 1100 1208 1178 duplo,
1233 1101 1323 1162 Terra
1337 1100 1417 1177 globi
1433 1101 1556 1162 Veneris
1571 1101 1765 1178 sesquialtero
1781 1103 1874 1176 maior,

536 1185 717 1245 Mercurialis
739 1185 822 1262 globi
844 1187 1007 1265 quadmplo
1029 1189 1137 1265 major:
1169 1205 1228 1246 non
1256 1196 1339 1248 erunt
1368 1191 1456 1265 igitur
1483 1206 1581 1264 neque
1602 1189 1660 1250 boo
1681 1191 1875 1266 proportiones

536 1290 689 1350 corporum
711 1272 904 1334 harmonicae.
1185 1331 1188 1344 ,

623 1359 697 1420 Cum
718 1369 816 1419 autem
838 1362 920 1422 Deus
941 1360 1014 1421 nihil
1036 1364 1098 1422 sine
1128 1363 1306 1438 geometrica
1334 1361 1550 1439 pulchritudine
1571 1364 1772 1436 constituerit,
1805 1361 1877 1440 qnod

537 1463 595 1507 non
618 1448 656 1506 ab
679 1446 738 1507 alio
761 1449 1006 1526 priore.quadam
1027 1452 1208 1510 necessitatis
1224 1448 1289 1525 lege
1311 1451 1350 1508 sit
1365 1467 1480 1524 nexum,
1503 1449 1589 1510 laoile
1611 1448 1787 1526 colligimus,
1811 1459 1878 1510 tem·

538 1535 658 1611 poribus
687 1535 842 1613 periodicis
873 1555 942 1597 snas
965 1540 1065 1597 venire
1099 1536 1282 1616 prolixitates
1312 1536 1445 1613 adeoque
1473 1546 1502 1598 et
1533 1539 1702 1616 corporibus
1725 1537 1877 1598 mobilibus

538 1641 607 1682 suas
628 1623 720 1683 moles
742 1623 917 1701 abaliquo,
952 1623 1030 1701 quod
1063 1633 1107 1684 est
1137 1627 1169 1683 in
1190 1624 1349 1702 archetypo
1380 1627 1474 1702 prins,
1507 1624 1543 1684 ad
1567 1625 1646 1700 quod
1668 1625 1879 1702 exprimendum

539 1713 624 1785 istae,
648 1718 680 1770 ut
702 1710 838 1771 videntur
859 1711 1252 1790 improportionatae'molcs
1276 1719 1305 1771 et
1331 1712 1459 1788 periodi,
1488 1719 1556 1771 sunt
1583 1714 1613 1770 in
1636 1711 1714 1772 bunc
1735 1712 1879 1772 modulum

539 1805 667 1875 aptatas.
713 1799 752 1857 At
776 1797 913 1859 collectas
943 1817 1009 1859 esse
1030 1801 1089 1857 dixi
1118 1800 1255 1877 periodos
1283 1816 1318 1858 ex
1348 1801 1437 1859 moris
1466 1799 1657 1876 longissimis,
1691 1799 1880 1860 mediocribus

536 1893 565 1945 et
587 1885 776 1946 tardissimis:
811 1895 927 1963 oportet
958 1888 1046 1964 igitur
1067 1887 1115 1946 vel
1143 1889 1172 1946 in
1201 1887 1246 1944 bis
1273 1889 1380 1960 moris,
1411 1884 1459 1946 vel
1481 1889 1505 1945 si
1529 1887 1598 1965 quid
1630 1894 1675 1947 est
1696 1889 1732 1946 iis
1755 1889 1880 1965 priusin

537 1981 633 2032 mente
657 1971 789 2052 Opificis,
811 1976 935 2034 inveniri
958 1977 1167 2035 concinnitates
1189 1975 1388 2051 geometricas.
1423 1974 1572 2033 Murarum
1595 1991 1664 2035 voro
1684 1979 1881 2053 proportiones

536 2078 629 2121 nexae
660 2069 728 2121 sunt
759 2061 796 2121 ab
823 2079 942 2120 arcuum
973 2062 1140 2122 diurnorum
1171 2062 1424 2139 proportionibus,
1460 2063 1530 2138 quia
1558 2079 1644 2122 arcus
1672 2066 1882 2141 proportionem

538 2166 671 2210 eversam
694 2149 804 2208 babent
826 2152 1020 2225 proportionis
1042 2167 1197 2211 morarum.
1240 2147 1366 2208 Rursum
1395 2156 1424 2209 ct
1445 2167 1591 2209 morarum
1615 2159 1644 2209 et
1666 2151 1881 2210 intervallorum

538 2238 624 2295 nnius
648 2234 772 2313 alicujus
795 2235 930 2314 planetae
951 2239 1153 2314 proportiones
1168 2235 1294 2295 diximus
1316 2254 1380 2295 osse
1404 2236 1530 2296 easdem.
1563 2235 1649 2311 Quod
1671 2239 1761 2313 igitur
1783 2241 1881 2297 attinet

535 2324 670 2402 planetas
692 2323 834 2400 singulos,
855 2343 915 2382 una
938 2332 967 2384 et
989 2324 1090 2384 eadem
1106 2326 1161 2384 erit
1183 2323 1376 2383 consideratio
1393 2327 1479 2383 trium
1493 2324 1611 2383 borum:
1636 2341 1765 2405 arcuum,
1788 2343 1881 2384 mora·

540 2429 604 2470 rum
634 2413 664 2468 in
696 2412 820 2470 arcubus
843 2411 1017 2487 aequalibus
1049 2420 1077 2472 et
1107 2413 1276 2472 remotionis
1299 2428 1419 2470 arcuum
1449 2411 1560 2471 aSolo
1583 2428 1634 2471 seu
1656 2412 1881 2472 intervallorum

538 2498 576 2556 Et
598 2498 749 2574 quiajam
772 2499 925 2558 vadabilis
948 2508 1017 2560 sunt
1038 2499 1111 2559 baec
1135 2500 1233 2559 omnia
1255 2500 1283 2556 in
1306 2499 1448 2575 planetis,
1471 2498 1592 2557 dubium
1613 2498 1725 2558 nullum
1748 2518 1814 2560 esso
1835 2517 1885 2577 po·

538 2593 604 2657 test,
628 2585 698 2661 quin
719 2588 745 2644 si
767 2586 835 2661 quid
859 2586 965 2645 luedm
986 2589 1090 2646 sortita
1112 2585 1342 2663 pulchritudinis»
1357 2589 1559 2662 geometricae,
1584 2595 1661 2645 certo
1684 2591 1792 2646 summi
1816 2585 1884 2665 Opi·

537 2673 600 2753 licis
623 2672 744 2743 consilio
766 2673 797 2732 id
818 2676 880 2733 suis
903 2677 1037 2734 extremis
1059 2677 1238 2751 acceperint,
1269 2681 1303 2731 nt
1330 2671 1455 2750 apbeliis
1486 2681 1515 2733 et
1546 2673 1694 2750 periheliis
1716 2675 1884 2746 interuallis,

538 2777 597 2819 nors
620 2763 661 2819 ita
683 2759 787 2819 mediis
808 2761 974 2838 interjectis.
1018 2761 1094 2821 Nam
1124 2762 1200 2821 datis
1224 2767 1415 2820 exmemorum
1444 2760 1663 2820 intervallomm
1691 2763 1885 2840 proportioni·

540 2848 608 2922 bus,
639 2848 702 2924 jam
729 2865 786 2907 non
816 2865 889 2926 opus
913 2857 958 2909 est
986 2849 1123 2923 consilio,
1159 2857 1188 2908 ut
1210 2848 1398 2909 intermediae
1427 2850 1629 2926 proportiones
1652 2858 1732 2909 certo
1755 2858 1886 2928 aptentur

542 2952 681 3011 numer03
704 2944 866 3012 sequuntur
888 2938 964 2998 enim
988 2935 1073 3011 ultro,
1095 2938 1270 3006 necessitate
1292 2943 1390 2996 motus
1412 2935 1581 3014 planetarii,
1615 2936 1653 2997 ab
1677 2953 1737 2996 uno
1760 2946 1884 2998 urbemn

543 3041 595 3101 per
617 3023 789 3083 intermedia
811 3027 909 3084 ornnia
928 3025 969 3085 ad
992 3031 1151 3085 extremum
1175 3023 1307 3106 alterum.

631 3110 724 3186 lgltur
746 3120 873 3171 extrema
895 3111 1051 3173 intervalla
1079 3120 1147 3171 sunt
1169 3115 1242 3184 ista,
1275 3127 1327 3187 per
1357 3111 1589 3170 accuratissimos
1612 3109 1763 3188 Tycbonis
1787 3110 1886 3170 Brabci

542 3199 770 3272 observationes,
794 3199 931 3260 methodo
954 3202 983 3257 in
999 3199 1223 3260 Commentariis
1238 3198 1341 3258 Martis
1357 3197 1473 3280 ondita,
1496 3199 1639 3275 exquisita
1661 3201 1887 3276 pertinacissimo

540 3285 738 3363 septendecim
761 3291 902 3347 annorum
925 3287 1032 3347 studio.

742 3509 748 3520 ,
928 3441 1090 3509 Comparate
1106 3437 1249 3494 intervalla
1266 3453 1327 3493 oum
1344 3435 1506 3493 harmonicis
1527 3506 1534 3520 ἡ

717 3509 847 3563 Brnornm
1507 3507 1678 3576 &naulorum
1696 3523 1859 3622 prowm

669 3683 779 3731 consere.
833 3683 926 3732 mm,
953 3649 1063 3706 Saturni
1081 3647 1220 3732 aphellnm
1240 3646 1333 3704 10052.
1348 3663 1371 3701 a.
1461 3613 1526 3670 [³¹⁰⁸
1544 3621 1608 3670 tono
1627 3615 1733 3670 minore
1794 3643 1860 3709 ᾖ)

676 3746 692 3775 ⁸
759 3733 773 3776 ²
829 3736 844 3775 ὓ
906 3733 919 3774 ⁵
1057 3719 1219 3789 perrhebum
1258 3718 1374 3774 8968.b.
1507 3787 1513 3798 ¹
1717 3787 1724 3800 ·
1793 3754 1860 3796 m

677 3792 790 3864 “¹:3¹
830 3791 920 3864 {²5
1475 3788 1859 3885 Μιηιιεῑοιιοωροτε-ὼ-33

953 3931 1030 3988 Joris
1048 3928 1184 4011 aphelium
1268 3930 1331 3984 5451
1349 3947 1371 3983 c.
1477 3927 1559 3982 Nulla
1585 3925 1718 3982 concinna
1744 3929 1889 4012 proportio,

678 4025 717 4058 o·
749 4015 772 4058 ·t
826 4015 842 4054 a
907 4015 920 4057 s
975 4040 980 4050 .
1059 3999 1222 4070 perrhelrum
1266 4001 1333 4054 lota
1347 3999 1372 4053 d.
1478 3997 1526 4052 sed
1552 3997 1610 4052 lere
1629 3999 1670 4050 1¹.
1693 3999 1858 4054 Inconcruna

677 4074 790 4148 ξεῖ»
826 4072 921 4145 3²1
1473 4069 1518 4123 uel
1546 4067 1610 4123 dim.
1630 4037 1840 4126 deharmonica
1872 4069 1886 4140 ξ

957 4193 1054 4247 Martis
1072 4190 1210 4260 aphelinm
1257 4191 1371 4248 lotoe.
1433 4163 1484 4244 llic
1508 4163 1842 4262 t-tggesserbmmonica
1874 4189 1889 4259 ξ
1940 4237 1946 4246 .

679 4260 792 4365 gg,
826 4260 923 4343 {3}
1061 4261 1223 4331 perihelium
1260 4263 1333 4318 1382.
1351 4261 1369 4314 f.
1435 4269 1463 4315 et
1482 4259 1548 4332 igal
1570 4267 1643 4352 esset
1660 4261 1685 4329 l.

679 4354 698 4394 b
761 4350 776 4394 ⁸
826 4363 842 4402 ⁸
894 4349 922 4391 m
959 4422 1061 4477 Terrae
1077 4420 1216 4489 aphelium
1256 4419 1333 4476 1018.
1346 4438 1371 4544 g
1476 4419 1529 4473 Hic
1559 4418 1623 4489 ¹332
1650 4424 1725 4474 esset
1743 4417 1824 4476 diesis
1851 4416 1889 4485 ll,

682 4547 701 4579 οἱ
723 4490 792 4621 13,
824 4487 927 4618 ἓξὲξ
1065 4490 1226 4560 perihelirrm
1274 4490 1333 4546 982.
1368 4532 1373 4546 .
1480 4506 1534 4544 non
1551 4487 1674 4559 possidet
1692 4505 1759 4559 ergo
1775 4487 1868 4544 diesin.

905 4718 907 4723 .
955 4666 1069 4723 Veneris
1087 4664 1226 4734 aphelium
1266 4663 1337 4734 ild.
1358 4665 1376 4720 i.
1480 4632 1672 4732 Minusquum
1687 4665 1889 4733 sesquicomrna,

984 4809 987 4814 Ι
1058 4735 1219 4806 peribolium
1273 4735 1372 4790 ulalr.
1474 4733 1544 4859 81)θίἕέ
1558 4750 1640 4802 quam
1658 4734 1741 4790 tertis
1759 4750 1822 4804 pars
1838 4733 1889 4788 rlie·

650 4912 718 4978 ¹-
735 4909 761 4953 ¹²
819 4910 923 4978 ΨΒ
957 4865 1242 4979 Mbrconi'apbelium
1274 4909 1333 4966 470.
1352 4909 1371 4963 l.
1475 4907 1542 4963 Plus
1561 4910 1641 4976 quarn
1655 4907 1790 4978 diapente,
1807 4907 1888 4962 abun

582 4992 585 4998 '
643 4975 717 5041 Γ
733 4975 777 5042 'ff’
817 4975 924 5042 i‘iii
1029 4997 1034 5007 ·
1095 4980 1255 5052 perihcliurn
1273 4980 1368 5036 30'lm.
1471 4977 1545 5108 21ng
1545 4979 1626 5122 gili.
1637 4978 1726 5037 minus
1739 4993 1818 5082 qums
1831 4976 1888 5030 har·

623 4491 638 4539 a

539 4542 680 4630 {²141ss
