4467 6192
1355 588 1368 617 2

792 671 794 676 '
838 674 922 731 biber
938 674 986 730 tv.
1004 674 1092 746 caput
1107 672 1156 733 VI.
1607 680 1670 740 tte

329 857 387 915 beia
405 856 535 932 terniue,
567 859 616 916 cui
645 873 751 916 nomen
779 863 825 915 est
851 855 999 915 residuum
1023 851 1079 937 (ac.
1107 862 1169 943 tres
1201 861 1324 932 quartae
1347 851 1472 937 circuli)
1483 854 1587 931 juncta
1610 861 1673 915 erat

331 945 447 1021 patricio
472 947 562 1021 (parti
586 963 626 1007 sc.
651 953 774 1020 quanae
797 939 930 1025 circuli),
954 945 1039 1020 cujus
1060 943 1200 1003 nobilitas
1223 944 1252 1000 in
1275 944 1435 1018 geometria
1457 950 1501 1002 est
1524 960 1560 1003 ex
1580 949 1672 1001 tetra-

330 1048 402 1107 gono.
452 1031 530 1091 Nam
562 1050 598 1091 err
622 1031 677 1090 hac
706 1041 798 1091 matre
829 1027 940 1112 (tribus
968 1027 1096 1113 quartis)
1119 1048 1172 1107 per
1193 1032 1409 1106 generationem
1440 1032 1581 1089 musicam
1604 1024 1671 1111 (per

330 1118 501 1180 additionem
532 1122 619 1194 nnius
643 1117 798 1197 diapason)
826 1126 898 1177 nata
920 1128 964 1177 est
993 1135 1075 1196 pars,
1106 1126 1169 1200 tres
1189 1125 1327 1191 octavae,
1358 1121 1419 1191 cui,
1453 1118 1537 1177 salvo
1559 1117 1672 1179 bonore

329 1207 479 1278 senatorio,
503 1206 573 1266 licet
592 1207 655 1283 jam
677 1206 784 1266 ducere
799 1206 888 1265 aliam
910 1205 1067 1282 plebeiam,
1090 1208 1137 1265 cui
1158 1221 1263 1265 nomen
1280 1208 1408 1282 quinque
1432 1212 1565 1279 octavae,
1588 1205 1672 1281 cujus

330 1305 398 1353 ortus
423 1294 530 1354 eadem
553 1303 601 1353 est
622 1294 766 1369 conditi03
798 1310 866 1352 nam
889 1301 982 1353 mater
1004 1292 1047 1352 illi
1071 1302 1187 1369 quoqne
1217 1293 1381 1365 residuum,
1415 1294 1525 1353 scilicet
1547 1300 1673 1369 quatuor

330 1384 506 1457 quintarum,
538 1390 623 1458 pater
647 1385 804 1458 patricius,
840 1398 898 1440 una
927 1384 1044 1457 quinta,
1077 1382 1162 1455 cujus
1193 1380 1333 1439 nobilitas
1363 1383 1540 1455 geometrica
1569 1388 1672 1440 estex

329 1470 552 1545 quinquangulo.
577 1469 760 1529 Duodecima
781 1467 963 1532 verocirculi
985 1486 1063 1544 pars,
1087 1470 1142 1528 etsi
1163 1468 1212 1544 jus
1235 1469 1362 1527 civitatis
1385 1468 1475 1527 habet
1497 1470 1526 1525 iu
1549 1468 1671 1539 musica,

329 1574 384 1615 cum
405 1558 474 1632 ejus
506 1559 645 1616 subteusa
675 1559 714 1614 sit
746 1559 775 1614 in
804 1559 965 1639 geometria
995 1558 1170 1633 praecipuae
1200 1554 1376 1632 nobilitatis,
1406 1562 1466 1615 tam
1488 1572 1543 1615 sua
1565 1556 1672 1613 virtute
1755 1606 1768 1625 ,

328 1652 419 1721 partae
453 1640 508 1725 (ob
536 1639 772 1725 congruentiam)
803 1661 891 1719 qnam
922 1662 940 1702 a
970 1644 1140 1720 parentibus
1172 1649 1313 1718 acceptae
1340 1639 1424 1723 (sunt
1456 1646 1532 1702 euim
1559 1642 1671 1718 figurae

328 1730 433 1790 nobiles
456 1731 648 1808 sexangulum
672 1739 701 1790 et
722 1730 913 1805 triangulum,
942 1748 977 1789 ex
1001 1748 1124 1805 quarum
1147 1729 1270 1789 laterum
1292 1729 1489 1806 duplicatione
1512 1736 1557 1789 est
1579 1728 1672 1789 dode·-

330 1836 465 1896 eagonns,
493 1815 689 1895 praestantior
715 1818 772 1876 illis
796 1819 835 1877 ob
856 1835 954 1877 aream
976 1814 1143 1897 affabilem),
1167 1825 1198 1876 et
1221 1818 1290 1892 quia
1312 1818 1388 1877 hacc
1408 1834 1476 1893 pars
1499 1816 1672 1877 duodecima

330 1924 442 1965 uxorem
464 1905 568 1980 babet,
593 1906 728 1966 undecim
751 1905 988 1965 duodecimamm
1009 1905 1175 1979 residuum,
1200 1920 1276 1979 quae
1300 1906 1329 1961 in
1353 1909 1465 1963 musica
1487 1905 1620 1981 adeoque
1643 1912 1673 1964 et
1693 1944 1696 1951 ,

330 1997 354 2051 io
373 1997 534 2069 geometria
556 1996 727 2069 peregrinae
750 2001 795 2053 eat
811 1995 940 2069 originis,
964 2010 1057 2068 genus
1080 1993 1119 2052 ad
1135 1992 1369 2069 undeeangulum
1391 1994 1526 2065 reterens,
1549 1992 1672 2069 liguram

328 2098 378 2140 non
406 2081 680 2153 demonstrabilem,
715 2098 810 2157 eoque
839 2082 967 2139 civitatis
997 2080 1046 2155 jus
1073 2080 1196 2155 adipisci
1218 2096 1276 2139 uon
1306 2087 1419 2157 potest:
1450 2079 1563 2139 nullum
1585 2082 1673 2154 igitur

327 2170 441 2227 maritus
463 2171 495 2226 in
515 2170 627 2228 musica
655 2169 705 2243 jus
732 2168 821 2227 babet
843 2170 1069 2245 septemviratus
1102 2166 1141 2226 ad
1163 2166 1397 2227 constituendum
1419 2184 1570 2227 numerum
1595 2168 1673 2226 diri·

328 2260 434 2315 siouum
457 2256 657 2315 monochordi.
703 2256 863 2315 Contraiu
886 2256 1175 2331 meteorologiamos
1198 2255 1351 2315 astallus.
1396 2254 1471 2314 Nam
1493 2257 1673 2331 utquisque

328 2346 384 2420 ipse
405 2344 515 2403 nobilis
538 2362 591 2402 sen
614 2353 679 2402 ortu
700 2361 753 2402 seu
769 2344 880 2401 meritis
903 2339 1076 2425 (scibilitate
1090 2360 1131 2402 sc.
1147 2348 1200 2403 aut
1214 2338 1431 2423 congruentia),
1454 2346 1496 2401 ita
1517 2342 1673 2419 plurimum

329 2431 401 2490 salet
422 2432 606 2502 auctoritate,
630 2428 734 2506 reliqui
758 2430 884 2489 uolitant
905 2429 988 2490 velut
1006 2431 1143 2509 umbrae;
1166 2431 1338 2489 feminarum
1352 2432 1427 2489 ratio
1443 2429 1566 2490 babetur
1580 2430 1671 2489 uulla.

326 2517 378 2576 liic
397 2522 486 2595 igitur
508 2518 603 2587 octilis
617 2517 667 2577 rel
681 2517 858 2593 aesquadrus
880 2525 910 2577 et
932 2517 1113 2594 sequadrns,
1147 2517 1316 2593 posthabito
1338 2534 1393 2575 suo
1412 2517 1478 2592 jure
1500 2518 1528 2575 in
1552 2520 1672 2589 musica,
1765 2550 1769 2557 ·

328 2608 391 2681 quia
412 2607 569 2665 subtensas
591 2605 702 2673 habeut
724 2604 885 2680 ignobiles,
915 2614 984 2664 suut
1006 2604 1042 2664 de
1064 2603 1192 2681 populo,
1226 2605 1309 2679 cujus
1332 2612 1463 2679 potestas
1487 2605 1585 2678 nulla,
1616 2607 1673 2663 nisi

326 2712 373 2768 per
394 2694 558 2753 absentiam
581 2695 813 2768 magistratuum,
836 2701 958 2768 urgente
979 2693 1056 2751 mole
1078 2696 1272 2767 negotiorum.
1316 2690 1384 2751 Hoc
1406 2699 1459 2764 est,
1484 2695 1509 2752 si
1532 2692 1581 2752 diu
1600 2691 1674 2751 nulli

328 2789 419 2840 emant
440 2789 577 2857 aspectus
599 2782 736 2857 primarii,
762 2780 890 2839 lacerent
911 2781 1043 2839 fortassis
1065 2779 1177 2856 aliquid
1200 2782 1288 2841 etiam
1310 2778 1340 2836 hi
1364 2788 1515 2855 aspectus,
1538 2776 1674 2856 praeser-

328 2870 375 2925 tim
395 2869 418 2926 si
442 2868 533 2927 Terra
555 2867 676 2927 bumore
697 2867 787 2945 plena
808 2869 860 2941 sit,
896 2884 954 2943 quo
977 2884 1102 2927 casufse
1134 2868 1227 2942 ipsam
1250 2874 1389 2926 exonerat
1411 2867 1587 2943 quandoque
1610 2869 1673 2927 sine

328 2958 400 3013 omni
421 2955 684 3031 configurationem
706 2955 834 3013 stimulo.
882 2955 922 3014 At
943 2956 1013 3030 quia
1034 2954 1206 3031 plerumque
1228 2960 1345 3030 praesto
1368 2960 1437 3023 suut
1458 2956 1595 3031 primarii,
1619 2972 1674 3013 na-

328 3051 389 3101 tura
416 3042 582 3101 sublunaris
620 3044 658 3101 ab
691 3044 727 3101 iis
763 3041 886 3118 fatigata
921 3058 980 3100 non
1017 3045 1106 3100 sentit
1135 3040 1270 3100 stimulos
1297 3040 1351 3099 bos
1381 3044 1516 3102 minores.
1562 3040 1673 3101 Deoills

326 3146 394 3189 raro
416 3140 444 3190 et
465 3128 623 3202 tridecilis,
654 3146 690 3188 ex
712 3122 824 3188 illustri
842 3128 960 3205 quidem
982 3138 1050 3188 suut
1072 3129 1200 3209 familia,
1230 3128 1382 3187 divisionis
1405 3129 1504 3189 circuli
1527 3129 1672 3200 denariae,

327 3234 400 3292 quac
420 3221 510 3275 utitur
533 3218 720 3293 proportione
736 3217 844 3288 divina,
868 3234 962 3292 genus
984 3226 1081 3276 tamen
1105 3233 1191 3275 suum
1214 3218 1298 3275 tactis
1314 3232 1372 3275 non
1389 3215 1570 3276 illustrarunt
1592 3216 1674 3296 (quia
1803 3288 1806 3295 ἱ

326 3306 354 3361 in
375 3303 468 3364 solido
489 3321 549 3363 non
572 3303 739 3363 omnimode
753 3301 936 3382 congruunt),
958 3322 1013 3363 nec
1036 3306 1135 3380 capita
1150 3311 1217 3363 sunt
1230 3302 1368 3376 familiae,
1392 3311 1422 3363 et
1442 3305 1468 3363 si
1492 3304 1563 3380 quid
1585 3306 1674 3363 otiam
1718 3330 1723 3336 ·

327 3399 445 3467 possunt
467 3387 679 3473 [congruentes
701 3392 887 3467 aliquatenus
910 3394 938 3448 in
961 3392 1052 3468 plano
1075 3394 1222 3467 etiamque
1255 3408 1320 3453 cum
1342 3390 1409 3450 aliis
1431 3394 1462 3449 in
1485 3388 1612 3474 solido),
1644 3391 1674 3450 id

286 3551 290 3559 ι
328 3496 408 3537 eume
429 3482 604 3555 praeripitur
626 3481 697 3554 ipsis
729 3480 767 3538 ab
790 3479 981 3556 optimatibus
1011 3497 1047 3539 ex
1069 3478 1134 3537 aliis
1157 3478 1290 3551 familiis,
1320 3486 1372 3537 aut
1394 3479 1552 3544 offuscatur
1574 3479 1694 3539 eorum¹

327 3567 416 3639 gloria
437 3565 592 3641 splendore
616 3564 727 3641 majori.
761 3558 836 3625 Nam
859 3569 884 3624 si
908 3574 1012 3625 natura
1034 3584 1086 3642 per
1109 3574 1259 3643 aspectum
1284 3562 1438 3625 30⁰satis
1460 3568 1515 3625 luit
1538 3570 1674 3636 exercita,

327 3653 413 3711 Terra
433 3657 506 3711 sutis
528 3672 580 3729 per
602 3653 684 3711 illum
708 3654 868 3719 exhausta.
891 3671 996 3730 parum
1018 3653 1190 3729 relinquitur
1213 3656 1344 3729 aspectui
1367 3656 1464 3713 vicino
1489 3652 1557 3714 36⁰
1580 3656 1674 3715 imbe-

328 3741 442 3813 cilliori,
474 3740 554 3815 quod
587 3751 731 3816 operetur.
787 3740 951 3801 semisexto
986 3741 1112 3817 deniqne
1144 3738 1218 3799 30'0
1251 3741 1389 3800 nobilitas
1421 3750 1465 3801 est
1498 3742 1675 3819 praecellens

329 3846 362 3885 err
385 3828 582 3904 dodeoagono,
605 3835 634 3886 et
657 3827 751 3886 scibili
776 3836 805 3886 et
818 3845 948 3904 congruo
971 3831 1085 3902 eximie,
1109 3846 1163 3889 nec
1179 3829 1356 3888 connubium
1378 3831 1571 3905 peregrinum,
1596 3828 1675 3905 quod

329 3916 356 3972 in
378 3915 486 3974 nrusica
508 3925 725 3992 praestruxerat
749 3915 792 3972 illi
815 3915 926 3975 aditum
950 3917 987 3974 ud
1002 3916 1140 3989 bonores,
1163 3919 1193 3973 in
1216 3914 1427 3993 meteorologia
1451 3915 1596 3978 ullatenus
1620 3918 1675 3975 ob·

327 4010 393 4062 stat.
435 4003 509 4061 Post
531 4002 608 4061 lrnuc
631 4002 852 4077 dodecagouum
876 4020 952 4086 quae
975 4011 1138 4079 sequuntur
1159 4002 1281 4079 figurae,
1305 4012 1364 4061 tam
1388 4007 1416 4061 in
1440 4004 1532 4062 tribus
1556 4006 1674 4063 secretis

328 4090 457 4161 familiis,
487 4088 694 4165 tetragonioa,
715 4093 875 4165 trigouica,
909 4093 1117 4167 pentagonica‚
1154 4108 1242 4167 quem
1269 4093 1298 4148 in
1326 4094 1452 4150 mixtura
1475 4092 1674 4167 quindenaria,

327 4188 524 4253 praeterquam
559 4176 638 4253 quod
667 4194 767 4238 omues
793 4179 855 4253 jam
886 4185 954 4238 suut
982 4178 1145 4238 nobilitatis
1173 4179 1335 4251 interioris,
1368 4177 1451 4237 nulla
1478 4182 1565 4238 etiarn
1589 4179 1675 4255 plane

328 4257 433 4323 habeut
455 4267 560 4322 merita
581 4266 700 4339 propria
715 4262 963 4343 (congruentiae);
987 4267 1086 4342 itaque
1102 4265 1169 4342 lege
1185 4267 1314 4325 civitatis
1330 4264 1493 4324 inviolabili
1517 4266 1675 4325 bonoribus

329 4360 358 4410 et
380 4360 520 4427 potestate
544 4351 738 4411 constituendi
762 4361 898 4427 aspectus
920 4361 1062 4413 arcentur.

410 4439 451 4497 Ex
467 4438 514 4496 bis
529 4447 652 4515 apparet
672 4439 713 4510 id,
737 4439 815 4515 quod
831 4442 860 4497 in
875 4442 1091 4516 prolegomenis
1107 4438 1331 4518 premeridum
1348 4438 1418 4512 diri,
1441 4442 1475 4497 iu
1497 4445 1673 4513 aspectuum

328 4521 532 4587 wmtituta'orra
552 4528 654 4585 volere
676 4544 784 4585 consae
798 4527 933 4587 diversos
947 4546 1114 4604 eorumque
1129 4544 1324 4599 concursum,
1348 4534 1376 4585 at
1397 4533 1545 4584 notarum
1568 4524 1676 4584 bebere

329 4612 463 4672 &lactum
485 4632 600 4686 emm,
625 4617 679 4688 qui
700 4613 840 4687 pluribus
854 4622 926 4674 aaut
947 4618 1087 4675 instructi
1098 4617 1339 4693 praerogativis,
1362 4620 1390 4671 ct
1403 4614 1556 4671 comberto
1579 4628 1676 4688 quaa·

329 4698 398 4757 dom
421 4703 499 4773 juro
529 4718 587 4759 asse
615 4704 792 4760 commuuio
821 4718 891 4761 cum
918 4703 1090 4778 quadrato,
1121 4704 1264 4760 *nimirum
1300 4698 1500 4759 affabilitatem
1529 4716 1614 4758 areae
1644 4701 1673 4757 in

329 4787 433 4861 tignra3
455 4786 607 4866 quaedum
630 4806 700 4847 cum
721 4788 832 4863 scabii,
868 4806 908 4850 sc.
932 4790 1119 4848 multifariam
1142 4789 1360 4863 congruentiam
1382 4789 1412 4843 in
1434 4784 1541 4861 plano;
1565 4788 1675 4863 quibus

325 4876 435 4945 junctis
456 4878 550 4951 copiis
570 4878 744 4934 eambertus
766 4875 985 4950 quodammodo
1002 4878 1155 4951 potentior
1175 4872 1277 4933 avadit
1297 4876 1361 4949 ipso
1383 4874 1498 4951 emili,
1529 4882 1674 4949 quatenus

329 4962 457 5019 nimirum
480 4964 579 5039 potior
602 4971 646 5021 est
669 4961 905 5037 dodecagonicao
938 4980 1023 5022 areae
1047 4961 1203 5021 effabilitas
1226 4960 1401 5021 effabilitate'
1420 4962 1519 5021 lateris
1542 4963 1674 5035 hexago—
1709 4951 1713 4959 ’

330 5049 395 5120 nici,
416 5052 484 5125 quia
505 5049 586 5107 illam
609 5052 741 5125 sequitur
763 5053 915 5128 perfectior
947 5051 977 5107 in
1000 5049 1089 5126 plano
1113 5048 1311 5125 congruentia.
1357 5050 1421 5108 Etsi
1444 5048 1501 5109 lroc
1523 5049 1597 5108 libro
1621 5046 1673 5108 1v.

331 5138 510 5198 semisextnm
534 5140 696 5214 ego-sequi
715 5139 791 5214 jussi
812 5137 954 5212 saxdlem,
977 5136 1030 5197 sed
1052 5136 1156 5199 eodem
1178 5141 1207 5196 in
1229 5134 1333 5214 gradu
