4467 6192
961 650 1101 723 Amicus
1400 610 1403 618 *
1642 665 1705 727 tro

347 846 471 904 nomos,
512 832 642 894 iareuiet
672 832 758 907 longe
789 830 879 893 aliam
911 830 1014 896 Mortis
1046 831 1209 909 periodum·
1228 839 1385 910 ceteroque
1419 839 1477 898 tuis
1509 855 1568 899 uon
1602 856 1706 918 perum

347 917 515 977 dissimilia.
574 962 578 969 .
1314 949 1326 983 e
1539 981 1543 988 ,
1649 934 1652 941 ’

440 1004 499 1065 Sed
528 1006 644 1082 qnaeris
668 1001 738 1085 (nee
766 1006 823 1067 hoc
853 1006 964 1067 insulse
994 1005 1103 1071 dictum
1134 1002 1214 1091 ris):
1245 1024 1311 1067 cum
1342 1008 1525 1084 planetarum
1548 1021 1645 1076 motus
1676 1015 1705 1073 in

347 1100 482 1169 tempere
504 1093 564 1167 liet,
587 1111 638 1156 cur
661 1110 716 1170 ego
740 1103 903 1169 temporum
926 1094 1099 1156 varietatem
1121 1096 1274 1155 recusem?
1320 1093 1397 1171 Quia
1419 1115 1478 1161 non
1501 1118 1602 1175 omne,
1626 1100 1706 1177 quod
1769 1093 1773 1100 ’

346 1197 417 1239 eum
441 1182 570 1245 motibus
593 1190 637 1239 est
660 1182 857 1256 conjunctum,
882 1178 1028 1247 concurrit
1049 1192 1079 1245 ct
1100 1181 1140 1243 ad
1162 1182 1337 1245 harmonias.
1382 1185 1464 1247 Nihil
1487 1191 1564 1249 enim
1592 1188 1631 1248 ad
1651 1208 1705 1258 ‚eae

346 1269 441 1329 iacies
466 1268 567 1327 Lunae
592 1269 760 1342 variabilis,
789 1272 844 1330 etsi
867 1286 925 1327 non
947 1272 1010 1331 sine
1033 1270 1090 1329 hae
1116 1269 1247 1331 succedit
1261 1271 1371 1334 ¹lsrrnne
1398 1285 1504 1336 motus.
1552 1274 1704 1350 Quatenus

347 1373 422 1421 vero
447 1355 570 1417 tarditas
593 1354 641 1415 rel
665 1356 798 1423 celeritas
822 1356 895 1417 elias
918 1355 979 1419 alie
1002 1356 1137 1419 definitur
1159 1375 1210 1435 per
1233 1366 1362 1435 tempus,
1393 1371 1544 1438 respectus
1566 1366 1705 1443 temporis

345 1444 430 1521 prior
454 1443 533 1503 valet
555 1460 609 1503 nee
631 1463 650 1503 a
672 1462 718 1503 me
732 1454 883 1505 recusatus
901 1453 959 1525 est,
984 1454 1017 1505 ut
1031 1445 1100 1505 dixi.
1144 1445 1206 1507 Sed
1225 1460 1321 1522 neque
1337 1448 1393 1508 troc
1409 1448 1592 1513 dissimulare
1607 1468 1705 1512 coram

344 1530 462 1593 lectore
482 1547 549 1591 meo
571 1548 710 1607 possum,
743 1534 958 1593 concinniorem
979 1535 1010 1591 in
1032 1550 1099 1591 mco
1123 1550 1223 1609 opere¹
1238 1550 1330 1608 quarn
1349 1536 1397 1595 hic
1425 1537 1505 1615 apud
1530 1546 1558 1597 te
1581 1541 1704 1599 inveniri

347 1636 459 1677 uocum
489 1621 617 1685 musicae
645 1618 787 1695 figuratae
817 1620 1051 1681 distributionem
1080 1622 1154 1679 inter
1180 1621 1323 1698 planetes.
1366 1623 1443 1685 Nam
1471 1625 1510 1685 ed
1537 1624 1704 1687 hermoniae

346 1705 475 1765 duorum
498 1706 570 1765 nihil
592 1708 722 1778 interest,
744 1716 809 1767 tote
831 1707 974 1783 cujusque
996 1707 1136 1784 periodus
1158 1717 1231 1783 quot
1249 1715 1367 1767 condet
1389 1709 1503 1785 diebus,
1526 1711 1579 1773 sed
1597 1716 1705 1789 quovis

345 1803 500 1853 momento
522 1810 611 1869 quem
634 1796 672 1853 sit
694 1794 758 1869 ejus
781 1803 878 1857 motus
901 1794 1001 1855 tardus
1025 1795 1073 1853 vel
1097 1793 1193 1867 relos,
1216 1795 1273 1856 ltoc
1289 1798 1418 1873 interest,
1441 1802 1470 1859 in
1490 1800 1610 1877 periodo
1633 1818 1704 1860 vero

346 1882 493 1941 conluere
516 1883 614 1941 iusnnt
638 1899 738 1941 omnes
760 1880 913 1941 tarditates
935 1881 1170 1958 celeritatesqne

437 1968 657 2029 Semibrevihus
680 1977 834 2039 contentus
863 1970 904 2029 lui
926 1970 1097 2053 plerumque
1126 1986 1217 2029 sonos
1239 1986 1319 2030 meos
1334 1972 1471 2047 signare,
1503 1990 1562 2034 non
1586 1983 1703 2052 proptor

348 2059 563 2131 iprscrnniicnr
591 2056 840 2133 multifariarum
871 2056 1131 2133 differentiarum,
1163 2057 1214 2117 sed
1245 2067 1278 2116 ut
1305 2057 1444 2121 haberem
1471 2063 1561 2127 etiam
1593 2065 1623 2120 in
1652 2071 1703 2123 tuo

347 2162 457 2219 opere,
490 2143 528 2203 ad
561 2143 641 2221 quod
669 2144 807 2205 lectorem
838 2148 1031 2219 remitterem,
1064 2146 1115 2221 qni
1142 2154 1277 2206 notorum
1305 2148 1520 2211 arbitreriarunr
1551 2152 1704 2211 scientiam

345 2233 451 2307 magni
473 2234 622 2305 septimae.
683 2282 687 2289 .

439 2316 586 2394 Oedipum
610 2335 679 2379 vero
702 2319 794 2388 mitte,
818 2318 867 2394 qui
890 2321 1028 2396 aenigma
1050 2318 1121 2379 mihi
1144 2319 1202 2378 lroc
1223 2327 1306 2385 tuum
1330 2319 1489 2394 dissolvat,
1514 2322 1594 2399 qnod
1613 2323 1700 2399 jubes

344 2423 480 2479 corpora
501 2424 570 2465 mea
594 2406 803 2487 trienpuioric
832 2422 942 2467 sonore
964 2408 997 2465 s'n
1019 2409 1117 2471 nereio
1147 2424 1210 2482 quo
1238 2411 1440 2484 proportione.
1486 2410 1549 2487 Ego
1573 2428 1626 2471 nec
1649 2413 1702 2469 tri·

345 2492 491 2568 angulare
514 2510 619 2570 corpus
643 2496 716 2553 inter
739 2492 878 2557 coelestin
901 2511 1064 2572 cognosco,
1094 2510 1147 2553 nec
1169 2510 1259 2553 sonos
1282 2496 1311 2553 in
1334 2496 1418 2555 coelo
1440 2506 1550 2559 statuo.
1596 2497 1702 2559 Tetra·

347 2580 440 2641 iidron
465 2580 582 2657 quidem
605 2588 703 2641 suino
727 2584 800 2649 inter
823 2584 909 2641 orbes
932 2580 1020 2641 Joris
1044 2591 1073 2639 et
1096 2580 1209 2653 Martis,
1233 2591 1265 2639 et
1287 2582 1317 2643 iti
1339 2601 1398 2641 non
1420 2587 1497 2659 roni,
1518 2584 1574 2645 sed
1595 2587 1703 2662 ampli-

345 2668 459 2728 tudinis
482 2686 580 2729 eausa.
627 2669 713 2727 Aliae
733 2669 922 2744 postmodum
945 2669 1088 2729 accedunt
1110 2686 1227 2740 causon,
1249 2688 1328 2745 quse
1351 2679 1448 2731 motus
1470 2672 1576 2732 lrornrn
1598 2671 1704 2751 pleno·

346 2764 448 2817 tarum
472 2756 607 2815 ordinent
628 2758 658 2813 in
680 2759 869 2833 proportione
890 2773 1028 2817 sonorum
1052 2756 1300 2817 concordantium.
1311 2753 1352 2835 156)
1459 2797 1463 2803 .
1524 2825 1526 2830 ,

442 2844 570 2916 Asseris,
595 2852 730 2903 notarum
753 2844 982 2919 speculationem
1016 2843 1150 2919 indipere
1172 2846 1288 2918 inperiti
1310 2863 1476 2905 censorum
1491 2849 1703 2923 dnqounions,

344 2948 402 2989 nee
431 2948 489 2989 esse
516 2934 609 3005 poeni
635 2934 796 3005 momenti,
826 2950 906 3008 quoe
933 2939 1024 2996 cotue
1053 2934 1114 2989 rint
1141 2932 1299 3007 perfectae.
1345 2932 1460 3007 Quaere
1488 2950 1593 2995 causes
1622 2937 1702 2994 erbi-

346 3020 456 3077 treriae
478 3020 665 3095 perfectionis
686 3019 870 3092 arbitrarius,
901 3036 960 3079 nort
989 3018 1134 3094 impedi03
1165 3018 1236 3079 milri
1264 3019 1302 3081 de
1323 3021 1507 3082 naturalibus
1530 3023 1627 3083 carreis
1659 3030 1704 3081 est

346 3122 463 3180 serm03
487 3114 539 3165 ant
560 3114 592 3164 tu
614 3105 685 3169 milri
708 3105 808 3179 dicito,
831 3124 908 3183 quae
931 3122 1022 3166 causa
1043 3105 1187 3165 naturalis
1209 3122 1298 3167 sonos
1320 3107 1453 3170 docuerit
1473 3100 1523 3168 iris'
1541 3111 1619 3169 notis
1640 3110 1704 3184 sig·

346 3210 435 3266 nere,
463 3210 522 3253 non
551 3194 633 3266 eliis,
664 3210 779 3268 qneore
807 3196 846 3253 sit
876 3211 967 3255 ceusu
984 3193 1155 3266 naturalis,
1185 3210 1236 3253 cur
1257 3203 1329 3253 nota
1358 3196 1484 3260 caudata
1513 3198 1552 3255 sit
1570 3198 1705 3274 minima,

348 3298 454 3339 cerens
483 3279 579 3343 caude
612 3281 800 3354 seuribreris,
833 3280 976 3357 quadratu
1007 3279 1129 3341 brevis?
1180 3280 1256 3341 Nam
1286 3298 1342 3358 ego
1376 3282 1495 3360 quidem
1521 3282 1704 3359 longitudini

346 3368 464 3427 madae
493 3370 673 3429 censuissem
703 3372 810 3431 rectius
838 3369 972 3431 admetiri
1002 3385 1056 3429 nos
1088 3370 1177 3431 edan
1206 3376 1335 3447 tempus,
1370 3374 1396 3434 si
1423 3372 1480 3432 moi
1514 3389 1562 3432 res
1591 3371 1702 3433 arbitrii

345 3457 454 3515 suisset
476 3457 568 3520 initio.
606 3509 611 3523 ,
1021 3514 1025 3524 ,
1713 3525 1716 3533 Α

439 3540 565 3602 Ornnino
595 3559 665 3603 raro
695 3543 819 3603 iestivus
848 3562 895 3617 es,
930 3546 980 3620 qui
1002 3564 1021 3604 a
1042 3560 1089 3603 me
1113 3545 1201 3603 etiam
1226 3560 1344 3619 peneus
1365 3545 1476 3620 exigis,
1509 3562 1575 3606 eum
1597 3562 1652 3607 noc
1674 3546 1703 3617 in

350 3644 448 3706 prusa
477 3633 517 3689 eit
542 3630 710 3703 hermonis,
739 3630 780 3701 de,
807 3648 930 3709 quarum
960 3643 1026 3692 ortu
1055 3631 1127 3691 mihi
1156 3630 1365 3707 disputandum
1395 3641 1472 3706 erat,
1505 3650 1561 3693 nee
1588 3634 1703 3693 coelum

347 3734 486 3793 nequem
509 3726 631 3796 pauset,
654 3732 709 3793 ego
733 3734 803 3777 vero
826 3719 996 3783 coelestium
1019 3721 1238 3796 proportionum
1261 3736 1351 3783 cause
1371 3722 1545 3798 scripserim.

437 3802 496 3864 Sed
519 3804 585 3865 tinis
607 3805 684 3869 hanc
706 3804 840 3882 analysin
865 3814 1045 3882 argumento,
1070 3805 1151 3881 quod
1170 3808 1301 3882 speciem
1323 3806 1413 3879 hairet
1434 3825 1493 3867 non
1511 3815 1701 3873 contemnen-

347 3891 433 3951 dam:
467 3895 590 3951 sienim
621 3894 650 3949 in
673 3892 801 3953 humane
823 3898 935 3953 musica
962 3902 1030 3953 suut
1053 3892 1237 3953 adhibendae
1263 3910 1416 3953 mensurae
1444 3902 1622 3971 temporum,
1655 3896 1701 3953 ri·

347 3979 455 4039 dentur
477 3995 532 4041 ecc
553 3981 605 4039 tr'bi
628 3994 683 4039 nec
705 3998 724 4039 a
746 3979 922 4043 coelestibus
945 3982 1048 4041 abesse
1070 3997 1167 4056 posse.
1212 3978 1299 4054 Quod
1321 3981 1474 4043 confirmas
1497 3982 1599 4041 divina
1612 3980 1700 4041 Jem-

347 4066 439 4127 bliclri
462 4070 616 4140 sententia,
642 4085 718 4142 quas
741 4068 877 4145 equidem
900 4068 1087 4131 vellem‘ruel
1107 4067 1174 4127 libri
1198 4066 1250 4127 lV.
1275 4070 1374 4145 capita
1396 4071 1425 4128 2.
1448 4078 1479 4130 et
1499 4072 1530 4129 t.
1554 4086 1608 4131 oeu
1632 4086 1700 4147 pre·

345 4158 427 4215 tiosa
455 4172 572 4229 gemme
599 4154 713 4215 radiare
737 4156 958 4232 collustrarique
970 4152 1025 4234 ³⁷),
1058 4154 1312 4223 etsidescensum
1339 4158 1503 4217 animarum
1533 4156 1699 4215 ermundo

349 4240 530 4315 intelligibili
552 4240 735 4304 christianes
764 4243 852 4304 horno
880 4260 938 4305 non
970 4244 1028 4303 elio
1058 4259 1146 4302 sensu
1176 4250 1272 4318 potest
1302 4245 1430 4320 recipere
1460 4243 1700 4321 aPytlregorioo

346 4328 542 4406 purtosoptn,
565 4347 653 4405 quam
677 4348 763 4406 quern
787 4350 842 4408 ego
866 4334 996 4410 expressi
1019 4330 1095 4391 dicto
1119 4328 1169 4391 iol.
1194 4332 1274 4405 224,
1303 4338 1448 4405 qnatenus
1468 4331 1580 4391 scilieet
1603 4334 1700 4405 imago

347 4420 491 4477 creatoris
515 4419 602 4477 etiem
624 4418 795 4477 naturaliter
817 4419 927 4481 relucet
949 4422 979 4477 in
1003 4418 1108 4479 animis
1131 4420 1244 4478 creetis.
1390 4467 1411 4485 ‚t

437 4503 496 4563 Sed
519 4504 557 4565 sd
580 4514 783 4583 argumentum
804 4515 945 4567 reuertar.
981 4506 1054 4567 uon
1077 4507 1223 4581 sequium,
1246 4505 1389 4573 lieberto.
1421 4512 1550 4565 eeantu
1571 4504 1700 4567 humano

345 4592 386 4651 ud
409 4599 508 4651 monrs
531 4590 680 4655 coelestes.
726 4592 802 4653 Nam
827 4611 904 4671 quae
925 4601 994 4653 sunt
1022 4596 1051 4651 in
1075 4593 1203 4652 humano
1227 4590 1521 4663 caenomanica,
1551 4608 1610 4650 non
1632 4601 1700 4653 sunt

343 4678 485 4743 desumto
513 4696 550 4739 or
577 4679 746 4741 hermonien
778 4684 1045 4759 contemperatione
1075 4686 1207 4740 motuum
1236 4677 1423 4749 coelestium,
1457 4678 1510 4740 sed
1536 4687 1597 4739 tum
1627 4680 1701 4740 lraec

345 4784 438 4842 quem
461 4766 521 4838 ille,
547 4766 593 4827 rel
617 4775 668 4835 tuo
682 4766 853 4841 damblioho
876 4776 1003 4840 anctore,
1027 4764 1207 4827 descendunt
1229 4783 1264 4825 ex
1288 4764 1362 4823 ideis
1383 4764 1483 4825 mundi
1498 4765 1700 4843 intelligibilis.

344 4854 432 4915 Sicut
461 4863 560 4917 estem
584 4853 768 4926 demoliehua
788 4852 997 4917 diversitatem
1024 4856 1154 4928 ipsarum
1182 4854 1346 4911 enimrrum
1371 4850 1545 4926 introducit,
1570 4871 1700 4939 xquarnm

345 4960 407 5001 uns
429 4944 544 5017 mgis,
577 4942 638 5003 alie
659 4945 755 5003 minus
777 4942 902 5003 sifidtur
921 4941 1098 5011 harmoniis,
1129 4941 1172 4997 sic
1195 4936 1288 5012 multo
1309 4940 1404 5015 megin
1426 4937 1543 5001 diversa
1564 4941 1701 5017 subiecta

307 5046 309 5051 ·
348 5038 435 5103 sunt,
458 5031 487 5087 in
510 5029 616 5105 quibus
640 5029 808 5093 hermoniae
829 5026 989 5089 secundum
1012 5026 1106 5102 magis
1128 5027 1275 5107 erminus
1300 5030 1513 5105 repraesentari
1534 5035 1700 5105 potuerunt,

351 5118 380 5174 in
410 5118 541 5177 motibus
570 5117 688 5192 quidem
721 5117 903 5193 pirneurnm
930 5112 1089 5177 secundum
1119 5130 1208 5177 unum
1239 5111 1335 5175 solum
1366 5118 1504 5193 temporis
1527 5123 1699 5193 respectum,

1477 5222 1545 5284 27*
