4467 6192
782 741 960 802 Harmoulcis.
995 743 1079 800 Liber
1094 743 1144 799 ill.
1167 744 1294 816 (lopati
1646 751 1705 813 141

364 922 450 974 secu
467 922 589 983 ocimu,
610 918 788 990 inquantum
804 923 1146 991 participantbisectione,
1171 921 1199 976 in
1217 926 1322 975 mnium
1348 920 1428 976 enam
1450 920 1582 978 identioas
1603 921 1708 978 laomnt

365 1000 565 1068 consonantiam
584 1015 692 1069 scarpar
708 1001 780 1056 enim
797 1015 862 1070 para
879 1001 982 1069 circuli,
1000 1001 1118 1056 nescim
1135 1001 1250 1055 autera
1261 998 1364 1066 burn
1374 999 1541 1066 posterioris.
1558 1015 1619 1056 curn
1630 1007 1709 1069 parte

365 1077 493 1144 aptioris
510 1077 595 1132 latere
612 1079 729 1133 melosa
746 1086 879 1134 consonat
895 1078 1026 1146 identice;
1045 1086 1076 1132 nt
1094 1078 1193 1134 docent
1208 1076 1409 1147 propositiones
1421 1076 1550 1146 reliquae.
1586 1078 1707 1134 Itanon

364 1163 413 1208 stat
427 1155 557 1224 maingis
574 1156 699 1211 omnibus
716 1156 774 1225 suis
791 1156 927 1214 membris.
965 1157 1037 1215 Usus
1055 1155 1232 1225 bojmpmp.
1251 1161 1294 1210 ast
1309 1153 1338 1208 in
1357 1155 1489 1222 sequenti.

394 1273 398 1280 .
442 1229 675 1309 Propositio
697 1231 750 1292 lV.
795 1231 928 1304 chorda,
960 1249 1036 1308 quae
1067 1228 1210 1291 consonat
1242 1247 1308 1290 cnm
1335 1227 1475 1290 alterutra
1505 1230 1708 1309 multiplicium

364 1319 556 1392 proportionis
579 1317 687 1395 duplas
709 1321 881 1393 mutianus,
905 1327 1048 1380 comoaat
1070 1327 1100 1379 et
1122 1316 1337 1392 camelique,
1368 1325 1398 1376 et
1420 1319 1446 1376 si
1469 1319 1508 1378 ab
1531 1335 1590 1380 nna
1611 1319 1709 1380 disso-

365 1413 425 1476 nat,
449 1407 542 1464 etiam
563 1407 602 1464 ab
624 1407 718 1466 altera
738 1407 877 1469 dissonat.

442 1487 517 1542 Nam
533 1503 584 1558 per
600 1503 641 1557 pr.
659 1489 685 1544 3.
706 1491 767 1544 soni
783 1491 912 1547 contiuno
930 1487 1073 1557 duplarum
1082 1494 1157 1543 ‘sunt
1173 1487 1244 1541 inter
1261 1501 1291 1540 se
1306 1484 1425 1540 identici.
1462 1484 1541 1553 Quod
1553 1501 1616 1542 vero
1634 1489 1708 1548 iden.

368 1565 480 1622 &unm
499 1566 662 1624 chordarum
679 1569 727 1622 nni
744 1577 890 1637 consonat,
908 1568 1032 1623 etaltera·
1049 1573 1182 1620 consonat
1198 1574 1226 1621 et
1243 1573 1346 1634 cetera,
1363 1582 1413 1634 per
1430 1581 1472 1620 ax
1491 1569 1516 1622 e.

442 1645 536 1713 ilique
553 1647 747 1715 propositionis
764 1665 848 1704 musa
864 1649 982 1717 positum
1000 1646 1053 1700 init
1069 1647 1178 1700 axiam
1195 1646 1221 1701 θ.
1244 1651 1272 1698 et
1290 1643 1373 1700 sanis
1397 1643 1464 1698 hacc
1485 1646 1636 1713 propositio
1650 1647 1708 1716 iam

364 1723 483 1792 partibus
506 1732 535 1780 ct
552 1725 669 1780 residuis
693 1727 854 1782 circnlornm
872 1724 1066 1781 examinandis.
1102 1723 1223 1778 (iuream
1246 1723 1322 1778 scioli
1345 1721 1564 1777 aeontraotione
1587 1727 1709 1796 proposi·

268 1862 272 1869 ⁴
363 1803 462 1858 bonurn
480 1811 511 1856 et
526 1805 706 1872 ιιιοιιιιιιιιιι,
721 1807 799 1862 nulla
815 1821 842 1862 u.
862 1805 1012 1872 analogia
1028 1811 1079 1873 est,
1097 1803 1188 1857 omnia
1205 1803 1375 1871 nanasaria3
1393 1801 1566 1874 involvebas,
1585 1805 1708 1876 quisquis

363 1897 415 1936 ram
430 1881 543 1939 brevius
559 1883 711 1951 transigere
727 1885 850 1940 soluerit.
946 1913 951 1920 ·

443 1955 666 2033 Propositio
693 1959 730 2018 V.
779 1961 842 2020 Etsi
875 1961 967 2019 latera
1001 1957 1150 2017 stellarum
1189 1955 1427 2016 demonstrabilia
1462 1963 1558 2016 cetera
1593 1965 1710 2035 propter

365 2041 671 2106 demonstrabilitatem
701 2045 806 2108 eodem
829 2049 896 2124 jure
933 2063 1075 2106 consonas
1099 2047 1153 2104 toti
1181 2051 1278 2121 partes
1308 2045 1338 2101 in
1368 2031 1478 2128 circulo
1508 2043 1708 2118 determinant,

364 2147 417 2205 quo
435 2130 507 2206 juro
528 2132 558 2191 id
579 2133 690 2194 iaciunt
711 2132 822 2210 figurae
843 2135 958 2194 illarum
979 2131 1138 2204 radiculos,
1169 2139 1269 2190 nt-sst
1296 2131 1325 2188 in
1348 2133 1494 2190 axiomata
1518 2134 1623 2207 primo,
1656 2151 1710 2192 ex·

364 2219 508 2294 cipiuntnr
529 2227 626 2280 umen
649 2223 714 2295 illa,
746 2240 823 2298 qnae
844 2230 957 2298 partem
979 2220 1078 2280 circuli
1109 2220 1251 2279 absecont
1277 2211 1457 2278 constantem
1480 2235 1599 2278 numero
1623 2215 1707 2300 (par-

363 2307 447 2377 tium,
486 2321 559 2382 quas
588 2307 658 2369 iecit
686 2310 780 2384 ligura
807 2298 958 2388 radicalis)
988 2309 1104 2385 proprio
1137 2306 1262 2380 alicujus
1295 2304 1405 2381 figurae
1435 2304 1708 2381 indemonstrabilis,

366 2393 481 2467 qnando
506 2400 595 2469 partis
619 2403 649 2455 ct
670 2403 760 2457 totius
783 2399 893 2456 numeri
916 2397 1022 2456 inerint
1045 2399 1120 2453 inter
1142 2411 1172 2452 se
1195 2395 1288 2469 primi.

444 2475 639 2547 Prirna'bnjus
657 2480 851 2551 propositionis
866 2495 931 2548 pars
950 2485 992 2532 est
1010 2478 1129 2533 axioma.
1149 2475 1221 2546 quod
1240 2492 1274 2531 ne
1289 2475 1398 2530 nimium
1412 2474 1539 2543 gencrale
1556 2474 1642 2543 fleret,
1660 2492 1710 2546 per

365 2555 510 2610 seeundum
533 2558 727 2625 propositionis
748 2565 852 2628 partem
879 2555 1094 2624 restringendum
1121 2555 1180 2609 init.
1219 2554 1427 2612 Demonstratur
1452 2563 1542 2613 autem
1569 2557 1625 2611 sic:
1651 2563 1710 2610 esto

365 2649 478 2704 namque
502 2634 620 2688 monins
644 2634 746 2692 divisus
769 2636 890 2706 aligura
908 2633 1123 2702 demonstrabit,
1152 2632 1226 2688 verbi
1244 2647 1325 2687 cansa
1344 2633 1378 2687 ab
1398 2631 1551 2700 icosigonor
1578 2639 1637 2688 esto
1652 2633 1708 2701 jam

365 2709 439 2765 stella
455 2712 634 2781 icosigonica,
660 2715 738 2783 cnjus
755 2715 827 2768 latus
845 2712 992 2769 subtendat
1009 2712 1042 2784 f,
1069 2711 1102 2766 ab
1126 2712 1265 2780 icoqigono
1288 2710 1387 2779 iactas,
1414 2711 1452 2765 sic
1470 2721 1501 2767 ut
1519 2715 1535 2768 9
1558 2720 1586 2768 et
1603 2714 1639 2769 io
1657 2713 1711 2768 siut
1803 2769 1806 2778 ,

363 2789 431 2844 iuter
447 2805 479 2844 se
497 2790 585 2858 primi.
621 2794 687 2848 Cum
705 2810 770 2862 ergo
787 2809 852 2864 pars
870 2793 981 2850 absecta
998 2792 1034 2847 sit
1051 2791 1084 2845 de
1102 2789 1219 2858 circulo,
1244 2789 1394 2844 illuminor
1418 2804 1484 2845 sane
1502 2792 1553 2846 erit
1571 2807 1651 2862 qnam
1670 2799 1710 2845 to-

363 2877 429 2938 tum;
454 2876 485 2928 at
503 2871 607 2940 poterit
630 2889 691 2929 esse
708 2874 795 2943 major
819 2888 901 2943 quam
925 2873 1009 2928 totins
1027 2869 1166 2925 dimidium
1191 2868 1233 2922 rel
1252 2877 1349 2938 quarta
1371 2870 1414 2925 rel
1436 2878 1544 2938 octava,
1572 2869 1654 2938 idque
1678 2885 1711 2924 eo

362 2962 448 3016 usque
471 2949 630 3022 dividendo,
655 2954 745 3022 quoad
768 2953 860 3022 aliqua
881 2952 966 3008 totins
989 2966 1053 3019 pars
1076 2947 1204 3004 continue
1229 2947 1365 3018 subdupla
1387 2947 1469 3004 fuerit
1495 2948 1582 3008 minor
1600 2949 1710 3004 dimidio

363 3027 459 3097 bajus,
473 3029 508 3082 de
527 3046 580 3099 qua
596 3032 719 3103 agimm,
737 3033 836 3102 partis:
857 3039 888 3086 ut
904 3031 969 3100 quia
986 3031 1015 3085 iu
1032 3028 1156 3097 exemplo
1175 3035 1268 3081 nostro
1287 3033 1373 3082 totum
1392 3039 1434 3083 est
1452 3029 1498 3095 20,
1523 3041 1588 3096 pars
1607 3025 1640 3078 de
1658 3043 1711 3094 qua

365 3107 468 3172 arim
487 3113 519 3176 9,
537 3119 660 3165 sumatur
678 3111 760 3167 totirn
780 3111 919 3167 dimidium
939 3115 971 3166 tti
988 3111 1140 3174 iterumque
1159 3105 1296 3162 dimidium
1314 3105 1396 3174 hujus
1415 3110 1443 3175 b,
1473 3115 1500 3160 et
1518 3105 1597 3160 tertio
1615 3106 1646 3174 23
1667 3119 1710 3160 oc·

363 3192 423 3238 tara
440 3184 535 3240 atius
569 3187 646 3244 llaec
659 3190 717 3258 iarn
733 3196 777 3244 est
794 3189 881 3243 minor
898 3201 979 3257 quam
996 3185 1135 3242 dimidiam
1152 3185 1239 3253 ipsius
1251 3185 1276 3240 9.
1313 3184 1402 3240 Habet
1415 3199 1478 3254 ergo
1494 3199 1524 3239 so
1541 3199 1606 3253 pars
1618 3191 1712 3238 nostra

364 3261 432 3317 aad
450 3270 574 3319 octavam
592 3267 677 3322 totins
695 3267 789 3324 circuli
806 3269 854 3338 23,
875 3265 1043 3321 utscirculus
1061 3263 1163 3319 divum
1180 3262 1268 3330 figura
1284 3260 1517 3318 indemonstrabili
1538 3261 1573 3316 ad
1591 3258 1710 3330 aliquam

365 3354 430 3394 snae
448 3340 590 3398 divisionis
608 3353 721 3414 partem,
739 3361 776 3400 sc.
794 3353 826 3400 nt
844 3345 878 3400 18
896 3347 931 3401 ad
949 3348 979 3414 ξι,
1001 3345 1031 3417 ,5,
1051 3352 1142 3399 antem
1159 3344 1301 3399 axiomatis
1320 3343 1343 3397 3.
1362 3341 1531 3398 corollarium
1550 3342 1710 3412 pronuncia·

364 3420 401 3474 rit
423 3419 606 3487 &annues
635 3432 694 3480 mio
711 3426 763 3496 18,
790 3438 875 3494 qnare
897 3437 948 3492 per
970 3424 1078 3478 monna
1095 3424 1120 3477 5.
1144 3429 1254 3476 nostrae
1280 3419 1418 3476 divisionis
1439 3421 1537 3489 parab
1562 3419 1712 3485 dissonabit

364 3503 398 3558 ab
414 3507 515 3555 ecura
531 3503 627 3560 circuli
643 3503 799 3574 (diodonis
823 3509 934 3558 nostrae
951 3501 1075 3570 partibus
1092 3500 1154 3571 bl),
1178 3500 1329 3557 &sonabit
1351 3511 1423 3570 erpo‘
1440 3515 1489 3569 per
1506 3515 1583 3570 prop.
1601 3502 1627 3556 l.
1646 3519 1711 3571 pars

364 3590 460 3638 nostm
477 3582 495 3637 9
513 3583 594 3642 etiam
620 3592 713 3640 atoto
730 3581 833 3640 mulo
851 3582 897 3650 20,
921 3580 1042 3649 quamvis
1059 3580 1120 3648 ejas
1139 3581 1269 3635 subtensa
1294 3580 1330 3635 sit
1346 3578 1578 3647 demonstrabilis,
1603 3579 1653 3634 sed
1670 3595 1710 3634 re·

363 3665 513 3720 motissirno
532 3664 631 3734 gratim
649 3665 784 3734 etiamque
802 3662 882 3718 stella
899 3661 958 3729 ejus
976 3675 1009 3714 ex
1027 3658 1185 3728 incongruis
1203 3666 1253 3714 est.

448 3758 682 3836 Propositio
710 3756 763 3816 Vl.
814 3754 946 3816 Residina
975 3749 1147 3813 cuculorum
1178 3749 1225 3810 vel
1257 3749 1428 3811 chordarum
1465 3757 1533 3825 post
1565 3749 1710 3810 abscissas

363 3857 463 3924 partes
487 3862 630 3906 consonas
652 3848 720 3918 toti,
753 3847 778 3903 si
801 3850 868 3902 sont
889 3842 982 3919 partis
1003 3855 1076 3898 snae
1097 3841 1288 3900 consonantis
1310 3839 1446 3897 continue
1470 3836 1574 3913 dupla,
1598 3835 1711 3898 'conso-

363 3941 435 3992 nant
457 3942 488 3995 et
510 3951 575 3994 cum
597 3941 680 4009 parte
702 3932 835 3993 abemssa
856 3937 887 3990 st
908 3945 974 3988 corn
996 3935 1059 3994 toto
1081 3923 1188 3986 circulo
1212 3925 1260 3987 rel
1282 3923 1399 3986 chorda.

452 4017 521 4072 Cum
531 4017 661 4074 absonas
677 4029 727 4084 per
743 4031 822 4086 prop.
841 4015 878 4081 1.‚
896 4027 957 4066 cum
974 4015 1033 4065 toto
1050 4024 1100 4078 per
1116 4024 1196 4078 prop.
1213 4009 1240 4064 i.

451 4109 671 4187 Propositio
695 4107 763 4168 Vll.
807 4105 839 4165 Si
869 4101 1098 4164 alerannum
1126 4101 1261 4162 babuerit
1283 4097 1406 4162 eandam
1433 4100 1650 4175 proportionem
1673 4097 1710 4158 ad

363 4196 465 4256 osculi
488 4197 534 4257 rel
558 4196 682 4260 obordm
706 4193 856 4254 dimidium
871 4191 926 4251 «vel
949 4197 1083 4266 qnantum
1105 4195 1233 4265 partem,
1254 4204 1349 4263 'quam
1373 4193 1453 4246 totus
1473 4185 1598 4249 circulos
1620 4184 1711 4246 babet

363 4283 514 4344 adoliam
537 4285 667 4361 aliquam
693 4291 806 4360 partem
827 4283 874 4340 soi
897 4292 1070 4350 consonam,
1101 4276 1275 4336 consonabit
1296 4275 1385 4336 etlam
1416 4290 1482 4334 cnm
1503 4280 1565 4334 toto
1588 4271 1710 4346 maculo,

362 4374 387 4431 si
409 4380 444 4432 ut
466 4372 505 4432 ad
527 4375 689 4449 portionem
712 4371 875 4440 dissonam,
897 4367 1072 4427 dissonabit.
1537 4435 1542 4442 ,
1571 4440 1577 4452 Ι

452 4453 575 4510 Circnlus
593 4454 756 4510 animantur
774 4452 887 4522 ejusque
905 4447 1044 4504 dimidium
1067 4454 1095 4502 et
1121 4461 1184 4516 pars
1203 4450 1300 4513 quarta
1324 4451 1391 4499 snut
1410 4443 1439 4498 in
1456 4447 1630 4511 proportione
1649 4455 1710 4496 con·
1740 4503 1746 4518 ἱ

362 4536 439 4590 tinne
459 4533 556 4605 dupla;
579 4548 662 4602 quare
681 4537 740 4602 (per
757 4550 796 4602 pr.
816 4534 851 4598 l.)
869 4545 939 4598 quae
963 4529 1072 4583 residua
1095 4525 1167 4596 parti
1185 4524 1234 4578 tali
1257 4522 1349 4578 circuli
1367 4527 1532 4587 consonant,
1560 4528 1711 4608 consonant

362 4621 390 4667 et
406 4613 470 4681 toti,
489 4624 516 4666 et
534 4629 604 4682 qnae
623 4613 657 4669 ab
674 4611 723 4666 illa
741 4610 889 4672 dissonant,
910 4607 990 4661 ctiam
1008 4607 1042 4662 ab
1061 4605 1113 4659 boc
1131 4602 1318 4658 dissonabunt.
1354 4599 1391 4656 At
1406 4603 1556 4653 consonant
1572 4603 1644 4666 partr
1662 4598 1710 4652 tali

361 4693 474 4747 residua
490 4692 545 4758 ilia,
563 4708 633 4761 qnae
649 4689 854 4761 proportionem
872 4686 985 4742 eandem
1001 4684 1147 4740 habuerint
1165 4684 1199 4738 ad
1216 4681 1304 4754 illam,
1323 4694 1402 4752 quam
1420 4685 1494 4732 totus
1512 4675 1547 4732 ad
1565 4691 1712 4746 qoamouua

362 4787 414 4839 qne
431 4769 538 4842 parteni
557 4785 719 4839 consonam,
738 4769 931 4836 dissonantqne
949 4781 965 4820 a
983 4775 1061 4834 parte
1079 4761 1140 4833 tali,
1159 4777 1229 4831 qnae
1247 4759 1448 4830 proportionem
1466 4755 1499 4809 ud
1517 4755 1592 4810 illam
1610 4757 1710 4812 habue-

361 4853 428 4923 rint,
456 4866 536 4919 qoam
554 4850 671 4906 circulus
695 4847 731 4903 ad
753 4861 942 4917 quamcunque
963 4840 1068 4914 partem
1095 4842 1244 4908 dissonam,
1270 4838 1351 4906 idque
1374 4850 1423 4905 per
1445 4833 1553 4891 axioma
1576 4838 1601 4892 b.
1636 4835 1710 4903 Ergo

360 4931 429 4986 talia
446 4932 558 4987 residua
576 4937 727 4987 consonant
747 4935 775 4983 st
793 4927 844 4983 totl
862 4923 974 4991 munior
994 4919 1131 4977 cornaria
1142 4919 1283 4973 dissonm
1301 4921 1385 4969 atoto
1399 4910 1508 4968 circulo.
1544 4913 1620 4969 ilaec
1631 4925 1707 4983 prop.

361 5018 404 5064 sat
421 5019 538 5078 propter
554 5015 711 5078 sequentem
721 5018 807 5077 prop.
825 5003 851 5059 8.
1603 5065 1607 5076 ὁ

449 5101 673 5181 Propositio
696 5098 780 5159 viil.
825 5095 872 5159 Ad
894 5094 1055 5154 abscissam
1077 5104 1146 5150 vero
1168 5093 1281 5166 partem
1302 5087 1327 5146 sl
1347 5087 1563 5164 proportionem
1586 5081 1709 5142 eandem

361 5187 501 5252 monent
526 5192 690 5264 residuum,
720 5203 809 5266 qaam
835 5193 915 5245 totos
945 5178 1070 5242 ciroolus
1103 5176 1142 5239 ad
1164 5183 1280 5258 partem
1311 5189 1513 5254 quamcunque
1540 5187 1708 5250 consonam,
