4467 6192
1049 1511 1112 1590 JO.
1139 1512 1345 1595 inritat

809 1673 1115 1793 impolitis
1151 1673 1302 1793 hotot
1336 1671 1484 1801 tritt
1517 1673 1591 1792 iti.

523 1899 573 1972 De
599 1905 678 1973 ortu
708 1899 968 1990 proportionum
996 1897 1281 1985 harmonicorum,
1310 1899 1426 1991 deque
1452 1889 1577 1971 notura
1604 1903 1641 1969 et
1668 1897 1883 1970 differentiis

881 2047 995 2101 rerum
1023 2029 1069 2102 au
1097 2035 1234 2104 contum
1266 2031 1521 2120 pertinentium.

612 2227 759 2285 Proelus
777 2227 970 2284 Diadoahns
993 2228 1053 2283 Lib.
1071 2229 1093 2283 1.
1119 2230 1192 2286 Corn.
1215 2230 1242 2284 in
1260 2229 1281 2286 1.
1306 2227 1510 2285 Elementorum
1532 2226 1668 2297 uminis,
1695 2243 1756 2288 eun
1807 2227 1883 2284 hrio-

527 2307 626 2378 suphie
644 2306 743 2362 namtas
761 2307 798 2362 sit
814 2308 955 2378 complexo
973 2307 1131 2378 facultates,
1149 2308 1248 2366 multas
1267 2316 1294 2364 et
1310 2307 1515 2374 mathematica,
1543 2307 1577 2364 de
1595 2322 1650 2362 uno
1666 2306 1774 2382 quidem
1787 2245 1884 2379 iujos

526 2392 612 2456 porte,
629 2385 786 2441 harnonioe
809 2387 888 2454 dieta,
907 2386 994 2456 deque
1019 2387 1137 2441 numeris
1157 2387 1365 2452 (harmoniarum
1383 2385 1522 2460 principiis
1545 2383 1663 2453 eraditis)
1682 2383 1749 2439 bueo
1769 2385 1883 2451 scrr'lpitt

525 2455 571 2510 Ad
587 2455 751 2540 theoiopium
765 2473 803 2526 pr
872 2464 919 2513 rat
935 2459 1033 2513 mentia
1050 2464 1166 2532 curratur
1200 2458 1279 2516 Num
1297 2475 1337 2526 en,
1443 2471 1500 2511 non
1511 2456 1629 2512 initiatis
1646 2456 1720 2513 circo
1733 2455 1883 2510 ueritatem

522 2541 615 2580 mm
631 2526 788 2582 dimnamnr
826 2528 832 2541 “
948 2543 1004 2584 esre
1021 2534 1105 2597 raptu
1122 2527 1249 2595 dispertio
1266 2535 1292 2583 et
1368 2529 1481 2592 maiora,
1507 2527 1557 2582 rita
1573 2525 1771 2581 metumtot·
1788 2525 1884 2580 ratis·

523 2597 605 2651 nthus
621 2596 845 2654 demonstrantur
863 2614 919 2654 ease
934 2599 1004 2665 fida,
1031 2597 1178 2665 ruandeeta
1195 2605 1220 2652 et
1237 2599 1296 2654 sine
1313 2599 1498 2659 aerumnam
1514 2613 1566 2666 per
1583 2595 1716 2666 mmmm
1732 2596 1883 2666 kenwines.

524 2665 600 2720 Nam
617 2668 820 2738 proprietatum
845 2669 1109 2738 uspereesentialr'um
1135 2669 1297 2724 euidentiam
1315 2667 1461 2724 oatmdsmt
1481 2667 1511 2724 in
1528 2667 1661 2734 nummo,
1685 2672 1710 2720 et
1731 2681 1801 2740 puae
1821 2668 1884 2720 or'rrt

523 2732 746 2791 intellectualium
762 2737 915 2804 formarum
928 2743 1091 2808 potestates,
1116 2738 1148 2792 in
1165 2737 1365 2794 ratiocinativis
1382 2739 1519 2792 claruere
1570 2737 1634 2790 'unt
1670 2735 1770 2808 Iraque
1789 2733 1883 2792 Pluto

523 2805 610 2860 multu
627 2806 767 2861 mirabilia
783 2807 816 2862 de
833 2813 935 2863 natura
954 2807 1077 2862 Deorum
1093 2823 1145 2862 nos
1182 2823 1211 2862 er
1227 2809 1328 2877 speeies
1344 2823 1436 2863 rerum
1527 2801 1828 2870 nnatirnrurn'edoeet,
1857 2813 1882 2858 et

523 2874 714 2944 Pythoporiea
730 2876 907 2946 philosophia
924 2877 969 2932 hie
985 2877 1115 2932 madh
1229 2879 1234 2889 '
1262 2879 1461 2934 matitunum
1482 2877 1613 2932 derehrrs
1636 2875 1743 2930 divinia.
1779 2873 1884 2944 Hrrp'rrr

524 2945 596 3001 enim
619 2946 949 3072 qeirffldowiieniim
965 2948 1010 3004 itte
1026 2963 1113 3002 sermo
1131 2963 1220 3013 soen,
1247 2954 1272 3004 et
1291 2948 1434 3006 Phrlotauo
1455 2948 1487 3004 in
1504 2946 1621 3004 Bouphia
1645 2952 1671 3004 rt
1688 2952 1747 3004 totu
1767 2945 1883 3015 Pytha·

542 3029 607 3070 orne
624 3031 659 3068 ra
683 3032 699 3070 o
930 3033 970 3073 eo.

522 3031 540 3083 9
612 3083 734 3139 Rureum
751 3086 790 3140 od
807 3086 936 3142 marmeno
947 3088 1152 3158 philosophiam
1168 3081 1219 3142 nuo
1233 3087 1354 3156 perficit,
1379 3087 1549 3156 imptantans
1572 3085 1675 3141 neutris
1692 3085 1814 3142 maribus
1837 3101 1884 3140 or·

524 3154 623 3220 dimm,
642 3155 792 3210 dmentiam
810 3163 835 3212 et
852 3160 1083 3213 emmerentionem
1094 3158 1293 3225 harmonicum
1312 3155 1398 3212 tradit
1410 3155 1501 3224 mium,
1520 3172 1590 3226 puae
1599 3156 1711 3226 ἦρκται,
1731 3171 1800 3225 poue
1812 3172 1882 3210 ean·

523 3223 635 3290 tienne,
660 3225 814 3302 qui'motue
830 3228 958 3282 minutam
979 3228 1105 3283 aeream:
1128 3244 1183 3296 pun
1205 3228 1331 3283 doouirra
1357 3228 1438 3282 etium
1455 3227 1612 3281 Athenaeus
1629 3226 1715 3280 aneoli
1739 3232 1764 3280 et
1778 3227 1883 3294 perfiet

523 3295 581 3348 uult
598 3309 656 3360 eos,
680 3296 728 3366 qui
745 3297 892 3351 oirtutrhua
908 3298 1059 3352 moralshua
1080 3298 1116 3352 ah
1138 3297 1323 3356 adohseentiu
1341 3297 1435 3352 daturi
1454 3303 1518 3351 runt
1536 3309 1654 3366 operam.
1691 3295 1765 3366 Quin
1792 3296 1882 3350 etiam

519 3364 1269 3501 mamm
1285 3364 1884 3505 nonsummum

788 3477 795 3502 l
1081 3478 1087 3504 i
1744 3475 1753 3502 1

524 3501 649 3557 amahus
667 3503 812 3572 diripimur
829 3505 868 3561 ad
884 3506 1099 3563 mediocritatem
1116 3523 1223 3562 morum
1240 3512 1267 3562 et
1284 3505 1441 3563 mmmmm.

611 3965 762 4030 Humenus
791 3977 923 4032 natam
953 3990 1048 4034 rerum
1075 3977 1183 4050 secuti,
1223 3961 1348 4054 primum
1375 3973 1412 4034 de
1438 3973 1538 4052 figuris
1567 3971 1664 4052 planis
1695 3971 1882 4050 regularibus

523 4052 659 4130 diximus,
684 4055 788 4118 deinde
811 4057 850 4119 sd
872 4077 973 4125 eurum
995 4064 1202 4139 congruentias
1224 4065 1420 4124 haurivimus.

610 4141 645 4201 In
667 4145 857 4220 aequantibus
879 4145 1078 4231 derogandum
1107 4151 1163 4210 erit
1189 4150 1322 4210 nonnihil
1353 4147 1491 4210 methodo
1517 4146 1657 4218 naturali,
1689 4153 1721 4206 ut
1748 4145 1881 4224 cognitio

523 4231 628 4289 mentis
658 4230 817 4308 hnmanae,
850 4251 926 4310 quse
953 4251 1013 4296 nun
1042 4253 1108 4297 rura
1131 4237 1182 4297 vla
1203 4237 1318 4298 diverse
1346 4239 1450 4310 utitur,
1477 4243 1559 4295 tenta
1588 4236 1682 4312 magis
1710 4233 1880 4310 adiuvetur.

522 4315 590 4377 Hae
611 4319 689 4378 enim
710 4327 815 4380 natura
836 4323 877 4382 rei
900 4320 1082 4400 requirebat,
1113 4332 1146 4383 ut
1164 4324 1226 4400 jam
1249 4327 1334 4386 tertio
1356 4323 1421 4384 loeo
1444 4323 1654 4401 explicaremus
1677 4323 1882 4401 proportiones
1960 4343 1965 4364 ·

522 4405 552 4462 iu
574 4405 722 4467 obaurata
744 4405 826 4482 illus,
854 4425 931 4485 quoe
959 4411 1034 4470 inter
1055 4410 1194 4471 circulum
1222 4419 1252 4473 et
1279 4419 1391 4491 partem
1420 4410 1550 4471 alutere
1572 4409 1704 4487 quolibet
1725 4411 1881 4468 meeissam

503 4493 753 4569 eonstitnnntur,
788 4501 918 4572 atquae
946 4496 1023 4557 alise
1045 4515 1140 4558 rerum
1168 4501 1281 4577 speeies
1304 4501 1433 4558 oriantur
1455 4515 1492 4558 er
1513 4497 1724 4576 compositione
1746 4502 1777 4556 et
1799 4495 1881 4554 diri-

523 4579 606 4638 sione
628 4579 732 4641 talium
751 4585 989 4665 proportionum,
1018 4594 1080 4644 tum
1110 4593 1214 4663 quartu
1243 4584 1310 4647 loeo
1338 4588 1525 4647 hauriremus
1548 4584 1586 4644 od
1609 4599 1698 4663 opera
1719 4579 1880 4654 mundana,

524 4679 602 4740 quae
623 4667 673 4728 rel
695 4667 777 4729 Deos
800 4671 863 4749 ipse
886 4670 1006 4732 Creator
1027 4671 1064 4732 ari
1087 4673 1255 4751 huiusmodi
1278 4677 1478 4752 proportiones
1500 4672 1722 4751 attemperavit,
1751 4670 1800 4730 rel
1823 4687 1881 4731 aa·

523 4759 592 4810 tura
613 4752 779 4817 sublunaris
794 4757 831 4817 ed
847 4761 1057 4840 praesumptum
1078 4763 1297 4840 proportionum
1320 4763 1422 4822 talium
1444 4762 1473 4818 in
1489 4759 1606 4837 anguiis
1627 4758 1774 4818 radiorum
1797 4756 1880 4818 situ

521 4837 629 4899 ralium
651 4842 783 4915 quandia
805 4844 1061 4925 exeruer3'nirimo
1084 4865 1154 4909 reru
1176 4849 1419 4928 subjungeremus
1433 4849 1574 4909 murteam
1587 4847 1753 4920 humanam,
1778 4851 1881 4904 osten-

527 4924 640 5005 dentes,
663 4929 811 5002 quumodo
832 4951 914 4994 mens
936 4933 1077 5012 humma,
1097 4935 1380 5013 judicium-auditus
1401 4935 1569 5004 informans,
1592 4935 1730 4994 inetluetn
1752 4931 1880 4993 naturali

524 5011 692 5074 creatorem
714 5016 849 5091 imitetur,
872 5021 987 5083 detentu
1002 5030 1032 5084 et
1046 5024 1258 5103 approbatione
1273 5025 1492 5104 proportionum
1513 5023 1543 5082 in
1565 5020 1689 5083 roribus
1711 5019 1879 5092 amandam,

524 5115 601 5176 tw
623 5101 690 5163 ⁰⁰⁰
711 5100 890 5182 tloeueiuor
913 5111 944 5168 in
964 5112 1206 5191 attemperatione
1227 5119 1358 5174 motuum
1381 5109 1561 5174 canutum.
1606 5107 1684 5187 Quis
1706 5123 1778 5169 vero
1801 5105 1879 5168 ‹um-
