4467 6192
942 719 1091 776 Dedicstio.
1650 723 1691 782 te

255 967 256 972 ἵ
342 895 511 975 exemplum
533 895 673 975 revertur)
705 900 734 958 in
765 915 874 962 mecm
903 906 933 960 et
961 899 1125 960 durabilem
1152 897 1332 967 harmoniam
1354 899 1530 958 terminetur.
1574 895 1642 973 Quo
1662 898 1692 955 iu

342 1003 389 1064 ape
414 987 508 1048 etium
531 994 632 1047 contra
653 1003 736 1064 spem
759 986 909 1046 confirmor
930 983 989 1046 uon
1011 995 1126 1048 mutum
1148 1004 1285 1047 successu
1306 1003 1435 1045 mearum
1459 983 1691 1062 speculationum

341 1072 593 1149 harmonicorum,
623 1081 656 1133 ut
685 1074 769 1151 cujus
786 1073 920 1136 lelicitas
949 1073 1104 1139 eudociam
1126 1077 1156 1135 in
1179 1074 1344 1152 quaerendo
1366 1073 1535 1151 longissime
1558 1079 1691 1150 superat:

342 1160 390 1220 sed
413 1163 510 1221 etiam
531 1161 589 1222 boc
610 1161 685 1242 ipso,
707 1161 786 1239 quod
802 1164 994 1238 intercutem,
1019 1171 1105 1242 quae,
1128 1161 1166 1222 ad
1187 1164 1283 1240 operis
1300 1161 1505 1240 perfectionem
1520 1163 1693 1234 necessaria,

343 1265 388 1325 per
410 1257 459 1307 tot
479 1249 543 1326 jam
566 1266 658 1309 annm
680 1249 795 1310 luerunt
817 1247 883 1310 loco
906 1252 1037 1330 pristino,
1061 1251 1249 1326 Maiestatem
1271 1250 1359 1308 etiam
1373 1248 1468 1307 Tuam
1490 1248 1622 1325 Regiam,
1645 1248 1693 1306 cui

342 1338 539 1414 patrocinium
562 1339 674 1415 operis,
704 1345 864 1415 antequam
885 1339 1074 1419 inciperetur,
1097 1337 1321 1409 destinaveram,
1343 1336 1496 1412 bucusque
1518 1334 1692 1396 incolumem

343 1431 369 1483 et
388 1423 549 1484 florentem
564 1423 641 1483 vidi:
662 1441 717 1488 uec
738 1423 870 1485 desinam
885 1444 910 1485 e
927 1425 1001 1502 Deo,
1018 1425 1103 1486 Pacis
1127 1428 1157 1486 et
1171 1424 1350 1486 Concordiae
1366 1430 1493 1497 auctore,
1519 1422 1693 1484 contendere

344 1509 458 1570 devotis
481 1511 632 1592 precibus,
663 1514 709 1600 uti.
735 1513 788 1574 tibi
812 1515 955 1574 etritum
978 1521 1007 1574 st
1028 1513 1217 1590 Maiestatem
1239 1512 1362 1590 Regiam
1384 1527 1476 1588 usque
1500 1510 1538 1570 ud
1561 1518 1692 1591 optatum

344 1597 423 1658 illum
448 1607 591 1659 eventum
610 1598 788 1660 incolumem
809 1607 934 1661 tueatur.

425 1685 552 1747 Interim
572 1685 689 1764 Majest.
712 1679 1118 1750 TuamfRer'erendi'ssimam
1147 1687 1272 1765 supplex
1298 1703 1387 1766 rogo,
1415 1693 1450 1744 nt
1479 1691 1508 1744 et
1535 1684 1593 1745 hoc
1619 1700 1693 1762 opus

345 1771 549 1853 Harmonices,
571 1773 689 1836 Nomini
710 1791 765 1836 suo
788 1775 963 1855 dedicatum,
986 1781 1088 1837 ser'ono
1112 1776 1197 1836 vulin
1213 1774 1357 1852 adspiciat
1379 1781 1409 1834 et
1430 1773 1507 1833 banc
1527 1774 1585 1831 mei
1600 1771 1694 1833 devo-

344 1863 447 1920 tissimi
472 1861 595 1934 nllectus
627 1865 668 1920 in.
681 1861 719 1928 Se
742 1863 982 1940 significationem
1004 1865 1090 1941 aequi
1114 1864 1240 1940 bonique
1270 1860 1403 1920 consulat
1413 1895 1428 1938 ,ι
1450 1857 1693 1938 contemplatione

346 1965 409 2009 roro
435 1945 569 2027 Operum
592 1951 649 2010 Dei
670 1949 796 2028 Regium
826 1951 953 2015 oblectet
981 1951 1123 2026 animum,
1154 1958 1296 2028 quantum
1325 1965 1378 2026 per
1397 1949 1576 2011 necessarias
1598 1944 1694 2022 Regni

346 2039 553 2115 occupationes
575 2038 688 2099 licebit:
718 2045 757 2100 et·
770 2039 910 2118 exemplis
933 2032 1112 2120 Concordiae
1135 2036 1397 2130 resplendescentis
1420 2035 1614 2112 exoperibus
1637 2032 1694 2092 Dei

347 2123 512 2184 visibilibus
541 2125 671 2186 studium
700 2127 730 2184 in
757 2144 792 2186 se
815 2125 986 2187 concordiae
1019 2135 1048 2190 et
1070 2128 1152 2206 pacis
1176 2125 1391 2186 ecclesiasticae
1412 2129 1441 2182 ct
1461 2122 1599 2203 politicae
1622 2137 1694 2181 con-

345 2210 434 2272 firmet
456 2213 639 2291 excitetque:
663 2211 788 2290 denique
812 2231 859 2290 me
880 2231 1003 2290 meaque
1025 2213 1124 2274 studia
1136 2211 1232 2289 Regio
1260 2227 1314 2272 suo
1343 2211 1505 2290 patrocinio
1528 2208 1694 2268 clementis-

346 2301 413 2359 simo
437 2299 586 2376 dignetur.
600 2296 627 2384 ¹)
672 2301 788 2362 Dabam
810 2298 921 2362 Lentlis
943 2303 1057 2363 Noricis
1079 2301 1117 2362 ed
1139 2300 1246 2381 Ripam
1268 2291 1694 2378 Danubii,1nrdnsl¹ebrua-

346 2389 399 2463 riis,
421 2404 503 2448 enno
526 2405 616 2450 aerae
638 2388 796 2450 occidentis
818 2384 996 2450 MDCXIX;

521 2541 526 2554 “
552 2545 694 2608 Sereuiss.
716 2545 834 2624 lisiast
857 2545 955 2622 Tuam,
975 2547 1097 2624 Regiam

820 2743 838 2756 ··
903 2665 1103 2766 .Omni'eum
1116 2684 1310 2773 submissione
1324 2717 1466 2763 venerans
1546 2768 1550 2781 q

540 2813 546 2822 ·
650 2791 722 2870 Imp.
746 2789 830 2852 (lass.
853 2791 1006 2852 Matthiae·
1019 2791 1142 2868 ejusque
1164 2789 1294 2850 lidelium
1308 2788 1458 2850 ‘Ordinem
1480 2784 1694 2849 Arcbiduoatus

867 2879 1005 2948 Ausinius
1027 2875 1276 2956 Supr-Anisanae‘
1291 2876 1516 2959 Mathematicus
1671 2927 1682 2962 „

1010 2965 1168 3028 Jobuunes
1190 2963 1369 3043 Kepplmre.
