4467 6192
521 648 584 711 406
666 630 674 641 ’
1032 634 1183 698 Ptolemaei
1200 633 1357 719 Harmonia.

520 814 632 875 unisset
648 813 760 887 pansam
779 811 897 879 omnium
919 810 946 865 ia
959 809 1130 881 planetarum
1149 814 1295 879 systemate
1306 807 1445 866 ludentem
1457 808 1621 866 cantilenam
1633 805 1702 863 etia
1720 824 1771 863 sao
1788 813 1869 866 emta

423 918 426 927 ’
519 894 679 953 imitaretur.

607 980 703 1049 Neque
722 970 785 1049 roro
803 976 944 1046 miremur,
969 982 1025 1029 tam
1049 982 1124 1030 arcte
1148 991 1294 1045 expressas
1319 993 1380 1031 csse
1397 975 1552 1030 harmonias
1569 975 1598 1031 ia
1616 976 1736 1031 motibus
1755 975 1871 1031 siderum

520 1060 642 1131 casdem,
662 1074 732 1129 quae
748 1058 777 1112 in
796 1057 904 1113 chordis
923 1055 1082 1122 audiuntur,
1107 1070 1169 1109 cum
1187 1052 1339 1122 videamus,
1362 1070 1445 1122 quam
1463 1062 1596 1123 cognatae
1613 1056 1668 1113 siut
1686 1056 1871 1121 sobjoetorum

519 1148 695 1209 utrorumque
713 1135 892 1199 conditiones.
911 1135 994 1191 Stella
1012 1139 1115 1189 motum
1133 1133 1218 1189 habet
1236 1140 1265 1187 et
1281 1130 1384 1187 chorda
1395 1140 1498 1187 motum
1516 1133 1613 1187 habet:
1630 1134 1776 1202 proportio
1795 1150 1872 1202 quaa·

518 1219 588 1273 nitar
606 1216 677 1273 inter
696 1213 848 1269 celeritates
867 1212 988 1269 diversas
1006 1221 1129 1269 motarum
1146 1210 1315 1285 coelestiam,
1335 1212 1473 1279 quaeritur
1491 1222 1519 1265 et
1536 1213 1607 1267 inter
1624 1213 1734 1267 diversa
1752 1215 1874 1269 acumiaa

519 1294 720 1369 gradtatesque
739 1291 909 1359 chordarum,
929 1309 995 1359 cum,
1009 1299 1106 1347 acutus
1126 1307 1209 1345 sonus
1228 1306 1262 1344 ex
1280 1290 1384 1345 merda
1402 1289 1619 1363 alannamou
1636 1291 1768 1361 prodeat,
1788 1292 1874 1359 mais

519 1392 553 1431 ox
572 1370 657 1445 tarda.
696 1371 732 1425 Ει
743 1368 865 1435 ,chordas
883 1370 993 1439 quidem
1011 1370 1160 1440 aequaliter
1178 1376 1270 1438 tensas
1289 1369 1430 1437 longitudo
1453 1371 1546 1427 tandm
1563 1370 1641 1440 facit,
1665 1370 1791 1425 brevitas
1808 1372 1875 1426 cele·

519 1469 574 1523 res;
597 1456 700 1515 motam
718 1448 845 1525 planctae
865 1456 959 1503 contra
976 1450 1091 1527 tarditas
1109 1448 1218 1503 brevem
1237 1448 1315 1518 iacit,
1340 1449 1466 1505 selemias
1492 1450 1604 1518 longum
1625 1457 1653 1504 et
1670 1448 1827 1518 prolixum,
1848 1462 1875 1507 et

457 1588 459 1594 ,
518 1533 577 1589 sica
594 1545 684 1601 verm,
713 1527 735 1583 si
755 1543 846 1587 sumas
873 1526 987 1601 eandem
1005 1536 1127 1583 motuum
1150 1527 1361 1606 longitudinem,
1387 1528 1416 1583 ia
1433 1544 1466 1583 ea
1487 1527 1614 1583 celeritas
1631 1527 1717 1583 efficit
1735 1528 1875 1596 phaeton

519 1610 594 1667 brevi
616 1617 738 1677 tempore
764 1607 879 1673 morari,
906 1605 1022 1663 tarditas
1041 1607 1131 1675 longo.
1167 1607 1243 1661 Nihil
1261 1608 1342 1674 igitar
1361 1607 1473 1677 impedit
1491 1623 1651 1677 responsam
1668 1610 1876 1679 proportionem

520 1696 650 1754 motuum,
669 1678 742 1757 quod
761 1685 820 1739 soni
836 1684 946 1753 quidem
964 1684 1120 1755 audiuntur,
1139 1694 1229 1739 motus
1249 1698 1312 1738 sero
1331 1686 1373 1739 vel
1392 1685 1517 1741 ridentur
1535 1692 1576 1753 (ut
1595 1701 1629 1739 ex
1643 1685 1715 1743 Sole)
1736 1686 1782 1739 sel
1800 1687 1875 1740 iutel-

518 1776 636 1841 guntur:
656 1766 720 1837 quia
737 1778 826 1833 neque
845 1764 899 1818 illis
917 1769 1030 1833 propter
1047 1763 1169 1818 auditum
1188 1764 1281 1818 insunt
1299 1761 1466 1836 harmoniae,
1484 1763 1634 1833 aequabis
1651 1771 1770 1833 propter
1782 1766 1876 1833 msam,

519 1846 567 1902 sed
585 1844 707 1921 utrisque
725 1849 838 1913 propter
847 1843 1050 1909 ‘lougstudinem
1069 1850 1097 1897 et
1115 1838 1288 1911 brevitatem,
1314 1851 1341 1897 et
1363 1847 1475 1911 propter
1498 1842 1668 1905 affectiones,
1693 1857 1768 1910 quae
1787 1855 1877 1898 motus
1984 1896 1986 1899 .

518 1930 728 1993 consequuntur.
745 1928 857 1989 propter
867 1920 971 1975 scilicet
983 1920 1211 1989 comparationem
1226 1920 1332 1989 horum,
1351 1928 1382 1975 ut
1397 1922 1580 1991 terminorum,
1600 1939 1654 1990 qua
1665 1921 1697 1975 iit
1708 1920 1878 1977 intellectas.

518 2003 573 2065 Sed
584 2000 644 2057 side
658 2000 795 2069 originem,
815 1998 1002 2053 distinctiones
1014 2006 1154 2067 totamque
1175 2001 1322 2054 essentiam
1333 1999 1550 2054 harmonicorum
1567 1998 1780 2073 proportionum
1793 2002 1879 2055 nostri
1984 1986 1986 2011 '

517 2084 608 2158 operis
625 2080 695 2133 libro
714 2078 760 2132 1v.
779 2092 837 2147 cap.
859 2080 881 2137 l.
901 2078 926 2145 2,
946 2078 969 2142 3,
988 2084 1017 2131 et
1035 2094 1093 2146 cap.
1109 2080 1134 2146 4,
1154 2078 1177 2133 6.
1197 2077 1340 2133 discrimen
1359 2079 1430 2131 inter
1447 2078 1528 2147 liujus
1545 2078 1599 2133 loci
1617 2078 1753 2146 coelestes
1771 2080 1879 2134 harmo-
1984 2058 1986 2077 Ι

520 2162 579 2241 nias
598 2166 626 2215 ct
643 2160 713 2213 inter
731 2156 792 2211 illas
810 2156 907 2227 capitis
926 2158 950 2212 9.
969 2156 1132 2232 Ptolemaei,
1151 2171 1222 2227 quae
1234 2159 1314 2212 xhisce
1337 2158 1560 2227 inperfectione,
1589 2157 1732 2213 nobilitate
1752 2167 1784 2213 et
1800 2176 1878 2229 prae

522 2238 627 2296 stantia·
640 2250 811 2323 nequaquam
829 2240 894 2287 sunt
911 2237 1117 2311 comparandae.

605 2332 659 2391 Est
685 2332 768 2402 igitur
794 2330 864 2384 inter
890 2330 941 2403 hos
959 2332 1093 2401 cujusque
1119 2332 1247 2403 planetae
1275 2332 1353 2391 binos
1371 2339 1513 2391 extremos
1534 2305 1624 2388 motus
1646 2338 1880 2392 commensuratio

517 2412 647 2484 perfecta,
666 2415 697 2466 ut
714 2408 800 2480 probo
819 2416 876 2462 toto
895 2408 963 2464 libro
982 2410 1014 2463 V.
1035 2411 1087 2489 mei
1106 2412 1215 2481 operis;
1236 2418 1278 2466 est
1296 2411 1403 2467 illorum
1416 2419 1519 2469 certum
1537 2412 1648 2481 aliquod
1665 2423 1797 2483 systema,
1815 2431 1879 2469 eon·

517 2502 593 2561 stans
612 2507 646 2549 cx
666 2491 798 2561 diapason
817 2494 922 2558 septem
940 2499 969 2546 et
985 2489 1115 2559 amplius3
1135 2488 1162 2543 in
1181 2505 1213 2544 eo
1232 2498 1296 2545 saun
1315 2504 1446 2558 expressa
1458 2491 1668 2561 omniapsitata
1685 2493 1799 2548 musicis
1817 2494 1881 2548 loca

518 2589 567 2627 scu
584 2571 682 2638 claves,
702 2575 732 2625 ut
751 2568 933 2637 videscapite
951 2568 1024 2639 5,in
1043 2567 1137 2622 eodem
1156 2584 1286 2636 expressa
1305 2575 1368 2622 sunt
1386 2577 1413 2624 et
1432 2568 1484 2625 duo
1498 2580 1595 2647 cantus
1611 2588 1714 2639 genera
1731 2570 1880 2637 maturabo,
1984 2608 1986 2647 ÷

518 2649 615 2704 durum
638 2656 666 2705 et
689 2646 785 2714 molle,
809 2646 903 2702 eodem
927 2647 1016 2716 capite
1034 2650 1059 2717 5,
1078 2653 1106 2702 ct
1126 2646 1301 2702 subtilissima
1324 2648 1432 2716 quidem
1456 2649 1629 2717 omniumque
1652 2650 1882 2710 artificiosissima

517 2728 636 2796 ratione3
657 2728 745 2796 capite
764 2727 787 2783 9.
807 2741 823 2779 a
840 2742 918 2796 prop.
928 2726 971 2781 20.
992 2726 1018 2779 in
1038 2727 1079 2781 27.
1099 2734 1164 2781 sant
1183 2725 1350 2794 singrdorum
1368 2727 1538 2797 planetarum
1557 2728 1657 2796 singuli
1674 2730 1881 2797 quodammodo

517 2808 590 2874 toni,
617 2808 706 2877 capite
725 2806 750 2861 6.
769 2812 833 2860 suat
851 2804 1008 2861 hannoniae
1025 2804 1202 2875 particulares
1222 2805 1360 2875 binorum,
1381 2803 1511 2861 minorum
1530 2814 1594 2874 etc,
1622 2815 1687 2866 sunt
1706 2809 1882 2863 universales

519 2876 636 2942 omnium
655 2902 704 2941 sex
733 2885 822 2953 capite
841 2890 871 2953 ι,
898 2894 963 2939 sunt
985 2900 1066 2938 voces
1089 2885 1171 2938 etiam
1194 2884 1316 2938 diversae
1339 2886 1428 2954 cipite
1446 2887 1472 2942 8.
1509 2886 1546 2941 Et
1563 2887 1631 2942 haec
1649 2884 1795 2957 dispositio
1813 2887 1882 2940 har·

518 2965 625 3019 monica
652 2960 765 3019 catilla
789 2960 967 3033 archetypus,
993 2962 1028 3017 ad
1052 2978 1132 3031 quem
1157 2955 1361 3031 exprimendum
1386 2962 1555 3032 planetarum
1573 2964 1791 3020 eccentricitates
1810 2980 1882 3019 suas

519 3040 641 3113 singulas
657 3052 801 3103 'mensuras
820 3048 985 3109 acceperunt
1003 3042 1093 3110 capite
1111 3040 1135 3095 9.
1171 3040 1296 3108 Denique
1324 3040 1470 3108 concludo,
1494 3042 1597 3097 nullam
1614 3050 1718 3111 partem
1735 3042 1882 3097 harmoni-

482 3142 486 3149 .
516 3138 576 3189 ces,
603 3128 634 3177 ut
651 3132 683 3175 aa
701 3118 781 3175 nobis
799 3127 827 3176 et
844 3130 910 3177 ncta
927 3128 955 3176 et
973 3118 1073 3176 usitata
1091 3128 1149 3190 est,
1175 3122 1202 3174 ia
1221 3119 1264 3174 his
1282 3119 1358 3196 'binis
1377 3126 1404 3177 et
1429 3120 1499 3174 binis
1517 3120 1682 3189 singulorum
1699 3119 1881 3193 planetarum

517 3207 544 3253 et
567 3198 692 3253 binorum
717 3198 830 3265 siugulis
862 3200 981 3255 motibus
1015 3198 1144 3253 extremis
1168 3199 1318 3269 mediisque
1348 3199 1497 3267 interiectis
1525 3196 1627 3253 deesse.
1651 3258 1657 3265 ,
1677 3200 1881 3267 Verumtamen,

518 3274 581 3347 quia
599 3292 683 3345 supra
702 3278 771 3352 (cap.
787 3279 811 3333 6.
832 3282 897 3333 nota
909 3278 944 3346 2.)
963 3275 1124 3331 Ptolemaeo
1152 3278 1313 3347 exprobravi
1341 3284 1445 3335 textum
1464 3288 1511 3332 seu
1531 3284 1718 3347 argumentum
1737 3275 1883 3332 melodiae

517 3354 651 3488 cRoelcstis,
671 3370 729 3425 age,
752 3370 786 3410 ne
805 3355 877 3411 forte
896 3365 922 3411 et
941 3358 968 3411 in
986 3372 1054 3427 meo,
1066 3363 1149 3425 opere
1166 3358 1220 3412 ltoc
1237 3358 1346 3411 unicum
1366 3353 1548 3424 desideretur,
1567 3355 1707 3411 audiamus
1726 3364 1754 3411 et
1771 3356 1807 3411 de
1826 3358 1882 3411 illo

543 3448 619 3500 egem
636 3432 761 3487 Psalten:

606 3518 680 3578 Coeli
704 3528 839 3577 enarrant
864 3514 1055 3592 ploriam'Dei
1078 3528 1103 3576 et
1133 3538 1218 3591 opera
1240 3538 1370 3576 monuwa
1397 3521 1457 3589 ejus
1483 3520 1635 3575 annuerim
1660 3522 1883 3591 flmmeum

516 3602 585 3656 Dias
612 3601 668 3655 diei
694 3606 799 3655 eructat
825 3602 934 3655 verbum
962 3607 988 3655 et
1010 3617 1067 3654 non
1089 3602 1166 3655 nocti
1181 3600 1288 3654 indicat
1305 3600 1455 3654 scantiam.
1491 3601 1595 3667 (Motus
1614 3617 1679 3655 sane
1696 3602 1882 3671 planetarum

516 3680 578 3734 illos
597 3677 779 3748 consideravi,
805 3678 852 3748 qui
870 3679 949 3733 unius
968 3676 1021 3731 diei
1044 3674 1187 3746 noctisque
1205 3678 1294 3747 spatio
1306 3678 1476 3745 rproveniant
1492 3668 1629 3747 singulis.)
1665 3680 1731 3735 Non
1748 3690 1818 3738 sant
1839 3686 1882 3739 lo-

517 3758 612 3829 qualae
629 3768 714 3827 nequa
730 3770 874 3827 samsones,
894 3774 1009 3827 quorum
1027 3774 1082 3813 uon
1100 3758 1255 3813 audiantur
1273 3774 1348 3813 uocas
1367 3773 1467 3812 aorura
1503 3759 1542 3812 Ia
1560 3776 1665 3813 omnem
1685 3759 1801 3815 Terram
1817 3765 1882 3818 eri-

516 3839 556 3893 or't
573 3852 657 3891 sonus
675 3852 775 3903 anum,
795 3842 820 3889 at
837 3838 867 3891 in
883 3840 952 3903 tinas
969 3836 1043 3905 orbis
1062 3842 1151 3890 turae
1169 3825 1252 3891 aerbo
1270 3852 1369 3891 aorurn
1405 3836 1468 3889 Non
1479 3844 1521 3891 est
1533 3836 1670 3903 credibile,
1688 3837 1780 3891 locum
1799 3839 1882 3896 hunc

516 3915 544 3969 ia
566 3929 647 3968 sensu
664 3910 771 3967 'literali
794 3914 874 3983 plauc
898 3928 958 3969 csse
982 3913 1082 3968 attilius
1106 3915 1251 3980 momenti,
1279 3915 1375 3983 quiin
1401 3930 1483 3969 sensu
1509 3913 1655 3983 allegorico
1680 3916 1771 3970 dimna
1794 3919 1883 3973 nobis
1984 3946 1986 3959 =

443 3994 449 4011 '
516 3992 657 4062 Evangelii
675 3992 771 4063 pandit
789 3994 924 4063 mysteria.
962 3994 1209 4068 denunciaverunt
1233 3991 1302 4049 coeii
1321 3995 1463 4061 justitian
1486 3992 1562 4062 ajars,
1578 4000 1612 4068 'et
1636 3996 1760 4065 uideant
1780 4014 1884 4053 onerer
1984 3994 1986 4059 ζ

512 4073 611 4143 poprtli
626 4074 745 4143 pluriam
763 4070 828 4139 qus.
865 4072 993 4127 Laudato
1011 4073 1090 4138 coeli,
1115 4074 1246 4141 quoniam
1263 4072 1485 4127 'misericordiam
1506 4074 1572 4141 [ecit
1594 4073 1732 4140 dominus,
1750 4073 1884 4140 jubilate
1984 4106 1986 4149 3

515 4160 620 4207 rnorrtas
637 4151 804 4217 nudatione,
818 4152 956 4219 nummum
974 4150 1054 4205 dicite
1072 4151 1179 4204 nomini
1197 4148 1264 4217 ejus,
1283 4150 1348 4204 date
1363 4151 1481 4219 planari
1499 4150 1579 4204 laudi
1596 4149 1661 4217 ejus.
1696 4150 1791 4205 Dicite
1802 4152 1882 4221 Deo,
1984 4158 1986 4161 ⁴

515 4246 597 4301 quarn
614 4228 748 4284 terribilia
765 4231 930 4299 sunt'oparo
954 4234 1004 4286 tua
1022 4228 1139 4283 dominc.
1175 4228 1327 4302 Mutantur
1349 4227 1458 4283 coelici
1475 4230 1591 4284 muniet
1613 4236 1695 4285 tarra.
1730 4230 1882 4287 Paratum

515 4325 562 4365 cor
579 4316 667 4363 marra
684 4306 773 4373 Deua,
791 4311 926 4376 paratum
944 4322 991 4361 cor
1016 4324 1119 4375 raram,
1143 4308 1262 4363 cantabo
1281 4316 1307 4363 at
1323 4310 1462 4378 psalmum
1480 4308 1570 4363 dicam
1588 4310 1706 4364 domino.
1741 4310 1883 4384 Ennaton

513 4388 611 4458 ylario,
631 4394 745 4455 amcurqe
752 4386 915 4454 psalterium
927 4400 1013 4439 maura
1032 4392 1058 4441 et
1075 4387 1202 4457 cythara,
1221 4402 1365 4456 axsurqorn
1383 4387 1510 4440 dilucido.
1535 4385 1614 4454 Quod
1630 4400 1695 4441 sane
1713 4385 1765 4443 suit
1784 4406 1881 4459 mane,

514 4468 541 4521 8.
558 4464 650 4519 Martii
670 4462 745 4517 ibid.
785 4463 939 4531 Confitebor
958 4464 1010 4518 'tibi
1036 4466 1066 4517 in
1089 4465 1202 4533 populis
1225 4464 1412 4531 (literatorum)
1437 4464 1546 4517 dornirre
1570 4466 1595 4519 at
1617 4466 1756 4536 psalmum
1782 4468 1880 4523 dican

514 4542 566 4599 tibi
582 4544 613 4597 r'n
628 4542 753 4611 pentibus
780 4541 888 4609 (librum
908 4540 1032 4607 scribam,
1053 4544 1098 4609 qui
1117 4542 1153 4595 sit
1171 4540 1255 4596 veluti
1273 4557 1350 4597 sacer
1368 4544 1483 4612 hymnus
1504 4542 1620 4612 Galam),
1646 4548 1779 4619 quoniam
1797 4566 1880 4620 sacy

513 4622 629 4689 nificare
646 4626 686 4675 eat
701 4637 785 4690 suaque
802 4614 841 4675 ad
857 4622 945 4675 coelos
961 4620 1151 4677 mesericordia
1174 4628 1223 4677 tao
1247 4629 1273 4678 at
1289 4638 1373 4692 inque
1391 4623 1429 4677 ad
1445 4624 1530 4677 nubes
1546 4625 1647 4677 veritos
1664 4630 1722 4677 tuo.
1757 4626 1879 4683 Bonan

514 4706 553 4754 eat
572 4700 695 4766 confiteri
712 4699 823 4754 domim
842 4707 867 4755 at
882 4700 1002 4767 psaltere
1019 4702 1127 4755 nomini
1144 4707 1191 4755 tuo
1211 4702 1353 4768 citissimo,
1371 4701 1409 4755 ad
1427 4702 1652 4757 annurdararium
1669 4707 1879 4762 mammisea-

515 4778 638 4833 cordiana
660 4782 737 4831 tuam
759 4784 784 4833 et
806 4780 947 4853 vamtatem
973 4776 1051 4833 tuam
1069 4796 1124 4849 par
1143 4786 1256 4844 noctem
1291 4780 1330 4847 ln
1355 4778 1524 4835 &embado
1542 4779 1728 4846 (hexachordo
1747 4784 1877 4851 coelesti)

431 4862 437 4869 '
458 4878 460 4885 .
514 4862 540 4912 et
553 4856 687 4925 psalterio
705 4868 766 4909 oram
784 4858 892 4911 cantico
909 4858 940 4910 in
958 4858 1082 4928 cubare.
1108 4857 1182 4928 Quia
1200 4857 1339 4913 dalemastr'
1356 4874 1398 4911 rae
1415 4858 1525 4913 domine
1541 4858 1572 4912 in
1588 4860 1701 4927 taenara
1719 4866 1779 4927 tua,
1799 4869 1826 4916 ct
1843 4865 1879 4918 irs

514 4936 641 5005 operibus
658 4950 787 4988 manum
799 4940 910 4990 maram
927 4938 1078 4993 resultabo.
1104 4938 1193 5008 Quom
1210 4937 1387 5007 mannitionis
1404 4944 1469 4992 sant
1482 4954 1566 5007 opera
1583 4945 1633 4991 tuo
1650 4934 1770 5005 domina
1791 4943 1878 4997 sireis

510 5014 668 5081 promendae
684 5020 749 5068 sant
765 5016 855 5083 santae
872 5018 1051 5085 capitationas
1068 5022 1140 5072 tuae.
1165 5018 1215 5071 Vir
1226 5018 1359 5087 insipiens
1376 5034 1432 5072 non
1451 5023 1600 5084 commeari,
1619 5022 1645 5071 at
1662 5019 1763 5073 madata
1786 5020 1876 5087 (igno

513 5106 576 5156 rans
595 5099 624 5157 et
641 5090 757 5153 barbaro
775 5091 849 5153 iastu
872 5100 1048 5154 contemnens
1073 5092 1177 5165 litmas)
1203 5112 1262 5185 nort
1285 5096 1417 5165 intelir'qat
1440 5094 1515 5150 baec.
1553 5094 1621 5151 tiara
1648 5099 1739 5151 morti
1764 5099 1876 5169 {caint
