4467 6192
894 654 904 673 '
969 680 1108 751 apologia.
1648 687 1711 745 tae

250 867 255 918 ε’
360 870 468 914 uorum
501 856 720 919 tundamentum
751 875 817 918 esse
843 865 993 932 naturam,
1025 862 1156 937 inprimis
1188 860 1217 916 in
1243 859 1462 928 consonantiis,
1494 857 1601 931 quibus
1622 858 1714 916 utitur

251 1002 252 1005 ,
359 942 487 1016 artilex,
511 960 569 1003 non
592 945 673 1005 alind
696 946 799 1021 hujus,
823 944 903 1005 aliud
927 946 1006 1005 illius
1029 949 1148 1006 auribus
1171 946 1301 1021 placere,
1324 938 1377 1003 ιιι
1399 943 1524 1003 eundem
1547 960 1712 1003 consonan-

250 1060 252 1093 3
359 1033 469 1089 tiaram
500 1049 651 1093 numerum
679 1036 717 1092 ab
746 1036 875 1093 omnium
898 1034 1047 1093 bominum
1067 1035 1198 1094 ¹auribus
1220 1034 1392 1111 approbari,
1423 1031 1502 1107 qnod
1527 1030 1635 1089 iudicio
1658 1043 1726 1107 ost„

251 1148 253 1183 ;
358 1126 486 1177 naturas
510 1120 566 1181 boc
590 1138 663 1198 opos
686 1138 761 1181 esse.
807 1121 850 1178 Ex
866 1121 949 1193 libris
973 1131 1125 1181 auctorum
1148 1121 1285 1197 decerpta
1307 1122 1365 1178 sint
1387 1122 1485 1197 capita
1506 1117 1590 1192 libri,
1614 1137 1653 1182 au
1677 1136 1714 1179 cx

251 1234 253 1271 ε
358 1209 489 1283 proprio,
513 1224 571 1265 non
595 1217 639 1267 ιιι
661 1212 775 1269 animus
799 1226 853 1268 nec
875 1208 957 1268 loous
980 1218 1075 1269 tecum
1090 1209 1221 1286 litigare,
1245 1206 1363 1280 suflicit,
1386 1206 1464 1282 qnod
1480 1222 1581 1265 serum
1604 1206 1633 1265 id
1656 1216 1710 1281 est,

250 1323 253 1347 t
359 1292 442 1368 qnod
466 1296 496 1352 iu
519 1300 733 1373 comparatione
757 1297 831 1369 dixi,
860 1312 911 1369 ea,
944 1314 1020 1371 quae
1043 1314 1061 1355 a
1086 1298 1232 1356 veteribus
1263 1304 1390 1373 possunt
1407 1295 1576 1365 transsumi,
1608 1311 1654 1353 me
1676 1312 1712 1354 ex

250 1411 255 1450 2
359 1397 460 1439 rerum
483 1391 589 1441 natura
612 1400 720 1444 eruere.
767 1382 974 1442 Definitionum
997 1402 1052 1459 ego
1076 1394 1185 1443 certam
1214 1399 1293 1458 pono
1315 1383 1580 1441 consonantiarum.
1626 1381 1712 1442 Hauc

250 1499 254 1538 :
360 1467 563 1529 definitionem
585 1474 700 1548 recipit,
731 1470 873 1547 quidquid
896 1472 1179 1549 auribusprobatnr
1200 1480 1233 1529 ut
1256 1486 1431 1544 consonum,
1467 1472 1593 1545 respuit,
1624 1470 1713 1544 quid·

337 1556 433 1629 ‚qnid
458 1574 544 1615 aures
566 1568 707 1636 respuunt
738 1568 770 1619 ut
793 1559 951 1617 dissonum.
997 1560 1109 1617 Horum
1137 1558 1238 1634 aliqua
1266 1560 1355 1617 etiam
1377 1556 1561 1635 Pythagoras
1584 1572 1713 1617 consona
1793 1575 1803 1599 ⁰

255 1682 258 1693 .
360 1643 453 1716 dixit,
482 1643 583 1721 aliqua
606 1662 734 1707 consona
763 1648 826 1723 ipse
849 1649 984 1721 negauit,
1015 1646 1204 1707 Ptolemaeus
1232 1646 1396 1704 affirmavit.
1441 1644 1506 1702 Non
1537 1651 1634 1703 tamen
1657 1644 1712 1721 e'go

251 1768 256 1777 ·
359 1746 458 1805 neque
482 1730 534 1790 illa
556 1750 651 1812 neque
673 1737 732 1795 ista
753 1735 863 1811 recipio
887 1736 960 1791 inter
984 1750 1122 1808 consona,
1146 1736 1216 1810 qnia
1238 1732 1425 1811 Pythagoras
1445 1740 1498 1791 aut
1519 1734 1588 1807 qnia
1611 1732 1712 1791 Ptole·

360 1834 464 1877 macru
487 1818 518 1877 id
542 1819 630 1895 dixit,
660 1820 712 1880 sed
742 1824 812 1898 quia
840 1822 964 1897 primum
987 1840 1088 1895 aures,
1121 1821 1225 1884 deinde
1252 1821 1381 1881 delinitio
1405 1836 1471 1879 mea
1496 1821 1639 1897 recipiunt
1661 1819 1712 1880 illa

360 1906 437 1965 inter
461 1922 600 1966 consona.
645 1908 742 1967 Nolim
766 1908 901 1985 equidem
924 1923 1031 1967 novam
1055 1912 1174 1968 auribus
1197 1910 1418 1968 consonantiam
1440 1907 1541 1965 invitis
1557 1905 1712 1966 obtrudere

250 2031 254 2052 f
359 1990 397 2051 de
420 1996 556 2069 proprio,
587 2012 736 2071 nunquam
759 2006 842 2055 tanta
864 2013 910 2054 me
933 1997 1044 2073 gloriae
1067 1998 1211 2075 cupiditas
1234 2000 1366 2069 incessit,
1393 2003 1427 2053 ut
1448 2005 1570 2053 naturae
1595 1997 1712 2054 obtrec-

250 2119 258 2157 ι
359 2080 483 2138 tandum
508 2086 683 2155 censuerim,
714 2083 820 2142 suffieit
844 2083 928 2156 mibi,
961 2087 985 2141 si
1010 2098 1113 2143 causas
1137 2102 1251 2155 eorum,
1275 2101 1351 2160 quae
1374 2092 1479 2142 natura
1500 2090 1656 2155 monstrat,
1682 2083 1711 2139 in

256 2242 259 2247 ,
359 2167 428 2226 luce
459 2184 566 2242 ponere
594 2187 722 2247 possum.
767 2172 888 2229 Frustra
919 2188 987 2246 crgo
1018 2182 1049 2230 tu
1071 2174 1142 2231 milri
1168 2171 1290 2244 adimis,
1325 2170 1404 2246 quod
1434 2172 1614 2247 comparatio
1646 2187 1740 2233 mea.

250 2299 259 2335 ἰ
360 2258 502 2329 nuspiam
523 2261 680 2334 arrogavit.
724 2258 839 2333 Negas,
863 2275 909 2317 rue
932 2258 1100 2320 harmoniae
1122 2276 1206 2319 meae
1228 2262 1379 2319 materiam
1403 2258 1562 2316 secundnm
1587 2261 1712 2334 promis-

256 2387 259 2398 .
360 2360 427 2400 sum
453 2360 468 2401 ι
491 2361 586 2405 rerum
606 2357 712 2405 natura
735 2350 858 2417 eruisse,
883 2356 934 2405 ant
956 2366 973 2405 a
997 2347 1192 2406 laudamentis
1216 2350 1400 2407 constituere.
1445 2345 1599 2404 Materiam
1623 2361 1711 2420 qnam

358 2438 392 2487 tu
416 2429 497 2489 dicas
521 2432 689 2492 barmoniae
712 2451 766 2509 ego
791 2450 848 2492 uon
871 2434 1010 2509 conjicio,
1035 2451 1130 2511 neque
1153 2435 1189 2494 de
1211 2435 1381 2494 barmoniae
1406 2436 1528 2492 matoria
1550 2431 1712 2514 quidquam

250 2565 260 2602 ,A
364 2516 457 2591 hujus
480 2534 536 2593 ego
557 2524 686 2595 promisi,
721 2520 773 2581 scd
796 2522 852 2580 boc
875 2538 920 2579 me
944 2522 1072 2581 voluisse
1095 2524 1168 2605 liber
1191 2525 1253 2601 ipso
1277 2525 1379 2581 tertius
1402 2529 1542 2592 testatur,
1570 2538 1616 2579 me
1639 2538 1710 2579 cau·

252 2653 260 2689 3
363 2620 432 2675 sas,
464 2619 515 2663 cur
537 2614 679 2667 certarum
701 2611 898 2685 quantitatum
922 2611 1044 2683 termini,
1068 2612 1097 2667 in
1121 2626 1208 2669 voces
1231 2610 1379 2669 naturales
1402 2608 1573 2680 introducti,
1605 2609 1714 2687 iaciant

257 2742 260 2747 ,
361 2708 414 2748 eas
438 2703 615 2773 consonare,
646 2696 770 2754 aliarum
797 2698 995 2771 quantitatum
1029 2700 1142 2756 termini
1171 2698 1228 2755 boo
1248 2714 1307 2756 non
1330 2698 1454 2769 iaciant,
1484 2696 1572 2771 bajus
1595 2698 1714 2771 inquam

360 2780 404 2836 rai
429 2796 534 2839 causas
567 2800 613 2841 me
642 2800 775 2842 erorum
805 2790 910 2843 natura
938 2786 1056 2847 eruisse.
1100 2783 1169 2843 Vin’
1191 2788 1280 2860 igitur
1308 2792 1340 2842 tu
1369 2785 1459 2856 scira,
1493 2799 1569 2858 quae
1595 2786 1634 2841 sit
1664 2784 1715 2843 illa

359 2882 461 2925 rerum
483 2869 608 2929 natural
653 2872 760 2936 Anima
792 2872 920 2930 hnmana
947 2888 1015 2947 pars
1042 2881 1086 2930 cst
1109 2880 1246 2944 naturae,
1276 2873 1427 2930 inanima
1456 2869 1568 2929 relucet
1588 2871 1713 2929 circulus

250 3010 257 3044 r
361 2969 428 3011 cnm
453 2958 514 3014 suis
537 2955 729 3017 divisionibus
753 2975 803 3034 per
817 2959 971 3034 regularia
993 2960 1099 3034 plana,-
1133 2970 1288 3037 propterea
1318 2961 1388 3034 quia
1410 2960 1525 3016 animus
1549 2967 1595 3015 est
1616 2959 1713 3035 imago

255 3096 261 3127 r
360 3040 438 3114 Dei3
464 3058 499 3101 ax
523 3043 667 3103 divisione
690 3046 804 3118 circuli,
837 3064 912 3121 qnae
936 3047 969 3104 lit
990 3050 1019 3103 in
1043 3050 1134 3124 ipsius
1158 3050 1272 3105 animae
1302 3048 1429 3105 essentia
1456 3045 1617 3103 secundum
1640 3046 1714 3103 Pro-

259 3180 263 3217 ,
359 3126 455 3199 ιιιιιιι,
488 3133 530 3188 tui
553 3130 713 3191 Jnmblichi
738 3134 928 3210 discipulum,
959 3137 1174 3193 constituuntur
1197 3136 1310 3193 termini
1334 3134 1549 3192 harmoniarum
1581 3133 1714 3191 intellec-

360 3214 488 3277 maltum
511 3220 540 3275 in
562 3219 681 3291 mundo,
706 3229 739 3279 ut
761 3230 828 3279 tuus
851 3220 1046 3296 Jnmblicbns,
1072 3222 1261 3299 intelligibili,
1286 3230 1318 3280 ut
1340 3238 1405 3297 ego,
1431 3222 1460 3277 in
1483 3228 1580 3278 mente
1603 3219 1712 3293 divina,

360 3302 449 3377 cujus
480 3306 627 3384 exemplar
655 3307 704 3367 bio
726 3316 771 3367 ιιι
793 3308 935 3382 hnmana,
969 3309 1163 3369 characterem
1191 3327 1285 3368 rerum
1315 3310 1555 3385 geometricorum
1584 3307 1656 3366 indo
1676 3309 1714 3367 ab

251 3448 264 3480 ἰ,
360 3398 428 3448 ortu
452 3390 578 3453 bominis
600 3412 635 3453 ex
659 3396 818 3474 archetypo
852 3413 906 3454 sno
930 3400 1065 3467 retinens.
1112 3397 1260 3473 Amplius:
1291 3395 1408 3454 auditus
1436 3412 1504 3472 pars
1532 3402 1576 3480 cst
1598 3397 1714 3455 atrimae

251 3479 262 3533 ’.“
360 3486 546 3555 testaturque
569 3486 594 3539 is
616 3482 652 3541 de
675 3486 755 3543 souis
778 3500 935 3559 eorumque
958 3488 1180 3559 quantitatibus,
1205 3502 1278 3560 quas
1293 3501 1396 3542 sensus
1412 3486 1573 3542 eommunis
1595 3488 1714 3560 reprae-

250 3627 259 3650 ¹
361 3568 463 3623 sentdt
486 3568 655 3629 intellectui.
702 3570 735 3628 ιιι
759 3570 804 3630 ltis
827 3575 852 3630 si
875 3573 1022 3631 inuenitur
1043 3577 1211 3651 proportio,
1236 3571 1437 3629 inintellecta
1457 3573 1519 3646 jam
1542 3571 1580 3629 ab
1603 3574 1714 3645 origine

250 3646 261 3744 ζ
294 3646 300 3658 ’
361 3652 512 3729 relucens,
538 3660 607 3714 soni
629 3658 660 3715 bi
684 3668 838 3719 censentur
867 3658 1044 3732 harmonici,
1075 3660 1143 3720 hinc
1175 3663 1265 3720 oritur
1287 3659 1442 3717 delectatio
1470 3660 1508 3717 ab
1540 3661 1584 3717 iis.
1632 3658 1715 3719 Haec

250 3747 253 3758 ⁴
362 3742 406 3798 sic
430 3742 459 3797 in
483 3759 597 3817 genere.
643 3745 713 3805 Jam
738 3749 767 3803 in
790 3750 895 3823 specie,
919 3764 987 3824 pars
1010 3754 1132 3807 naturae
1154 3766 1249 3807 rerum
1265 3745 1492 3822 intelligibilium
1516 3756 1560 3804 ιιι
1583 3747 1715 3821 triangu-

250 3820 263 3843 ⁵
362 3828 434 3901 lum,
459 3846 526 3903 pars
549 3832 784 3909 quadrangulum
807 3842 836 3893 et
858 3836 900 3893 ιιι
922 3834 958 3893 ιιι
981 3838 1098 3907 ceteris,
1123 3844 1152 3895 et
1174 3834 1326 3912 quodlibet
1350 3834 1502 3909 distinguit
1524 3831 1661 3891 circulum
1686 3835 1714 3889 in

251 3901 263 4002 ³.
364 3923 474 3991 partes,
498 3934 574 3992 quae
597 3919 670 3979 fiunt
693 3924 855 3997 quantitate
879 3936 931 3980 seu
953 3921 1137 3997 longitudine
1159 3940 1213 3981 sua
1237 3924 1349 4006 tormini
1373 3922 1567 3999 proportionis
1590 3919 1715 3994 alicujus

258 4005 262 4014 '
363 4002 561 4063 harmonicae.
608 4008 827 4068 adnumerum
851 4012 1107 4069 consonantiarum
1129 4012 1172 4068 sic
1195 4011 1385 4068 coustitutum
1409 4015 1570 4083 sequuntur
1588 4006 1714 4083 reliqua,

251 4149 252 4157 ,
363 4105 442 4165 quaa
466 4093 564 4152 insunt
581 4096 621 4153 -in
646 4106 731 4155 cantu
756 4097 900 4155 artificiali
923 4094 1126 4173 naturalia.⁴⁷)
1169 4096 1238 4155 lam
1267 4096 1308 4154 ito
1332 4106 1378 4169 tu,
1411 4096 1552 4167 Roberte‚
1584 4102 1613 4153 ιι
1635 4097 1715 4172 prins

250 4238 262 4256 ,ἱ
363 4186 465 4235 everte
488 4179 541 4247 has
564 4193 661 4259 partes
686 4192 821 4257 naturae,
853 4186 959 4244 subrue
989 4185 1062 4243 baec
1090 4184 1295 4255 fundamenta,
1326 4192 1387 4242 tum
1411 4183 1526 4243 demum
1549 4199 1637 4256 nega,
1668 4198 1715 4241 ms

361 4267 538 4339 promissum
560 4270 712 4346 implesse,
736 4270 907 4331 naturaliter
929 4274 1115 4347 processisse.
1161 4272 1268 4348 Negas,
1292 4288 1338 4329 me
1359 4271 1522 4346 quidquam
1539 4270 1577 4327 ad
1593 4278 1714 4327 naturae

363 4351 449 4427 leges
479 4356 663 4431 emendasse,
694 4360 894 4419 confusionem
922 4362 1064 4419 evitame:
1086 4374 1153 4419 'tron
1184 4369 1261 4419 recte
1291 4377 1392 4433 negas.
1447 4356 1504 4431 Qui
1535 4356 1713 4431 quantitates

359 4444 619 4503 consonantiarum
643 4449 909 4527 concinnorumque
933 4449 1071 4507 exscribit
1093 4466 1129 4507 cx
1153 4450 1310 4519 veteribus,
1337 4449 1363 4504 is
1386 4445 1531 4504 interdum
1554 4443 1643 4500 aliam
1667 4445 1714 4500 in·

251 4513 262 4567 t'
364 4530 446 4585 venit
478 4532 688 4604 quantitatem,
720 4536 802 4593 verbi
833 4551 923 4594 cansa
953 4538 1098 4594 semitonii
1128 4538 1157 4593 in
1188 4535 1327 4606 Platone,
1357 4532 1445 4591 ulium
1476 4533 1504 4587 ιιι
1532 4528 1713 4591 PtOlffllieo·

362 4614 443 4689 Ergo
465 4615 523 4676 boc
556 4620 715 4680 observans
743 4624 902 4698 exscriptor
933 4621 1040 4697 duplex
1063 4624 1106 4682 ait
1138 4639 1202 4682 esse
1224 4622 1421 4692 semitonium,
1445 4616 1569 4676 altorum
1591 4612 1712 4701 ²⁴³J25„

361 4701 489 4761 alterum
516 4698 602 4787 ¹⁵sffi.
646 4708 693 4767 Ita
723 4713 851 4768 nascitur
881 4710 981 4795 opinio
1015 4710 1104 4783 lalsa,
1139 4712 1223 4784 qnasi
1246 4720 1350 4767 natura
1376 4706 1481 4765 doceat
1514 4713 1544 4762 ιι
1573 4715 1715 4765 monstret

360 4798 528 4866 utrumque,
552 4802 603 4851 aut
626 4798 710 4870 quasi
733 4804 810 4855 reete
832 4799 999 4873 promiscuo
1022 4814 1077 4855 usu
1102 4796 1150 4853 vel
1172 4795 1229 4855 boc
1252 4796 1299 4854 vel
1314 4792 1386 4851 illud
1402 4791 1583 4855 adhibeatur.
1628 4792 1712 4852 Haec

250 4873 262 4953 ff*
362 4879 465 4953 itaque
489 4880 619 4939 conlusio
643 4883 787 4957 quaedam
811 4890 855 4940 est
877 4882 1022 4941 Platonici
1046 4884 1192 4942 semitonii
1215 4898 1281 4941 cum
1295 4878 1430 4953 naturali,
1454 4895 1530 4954 quae
1554 4880 1648 4955 major
1670 4879 1711 4954 fit,

250 4959 262 5000 ἶ
361 4966 386 5021 si
411 4967 500 5024 etiam
523 4966 552 5024 id
575 4968 760 5045 adjungatur,
783 4968 862 5044 ‚quod
885 4967 1057 5045 relinquitur
1080 4971 1210 5027 abscisso
1233 4966 1358 5026 naturali
1382 4962 1449 5049 ¹⁵4,
1472 4984 1491 5026 a
1512 4975 1583 5026 tono
1605 4968 1711 5045 majori

360 5044 419 5132 ⁸l9,
444 5053 618 5130 relinquitur
641 5060 716 5117 culm
743 5052 858 5141 mim,
882 5058 1067 5115 semitonium
1082 5059 1178 5114 miuus
1201 5073 1253 5114 seu
1277 5056 1364 5113 diesis
1386 5054 1489 5130 major,
1513 5053 1590 5130 quod
1613 5064 1711 5115 tamen

361 5156 418 5216 ego
442 5138 638 5203 distinctionis
661 5162 752 5206 causa
775 5153 804 5205 ot
827 5152 864 5205 ut·
881 5144 1012 5204 confusio
1033 5146 1143 5205 uitetur
1171 5146 1278 5205 lemma
1300 5143 1391 5204 maloi
1414 5142 1571 5223 appellare.
1609 5141 1712 5219 Quae-
