4467 6192
555 672 617 759 422
868 680 873 687 ·
1022 664 1190 735 Appendieis
1201 665 1430 723 Homericomm

555 854 583 905 tt
615 852 732 905 nutum
762 845 948 904 urbstontioe
977 862 1046 903 verr
1079 845 1219 921 poprium
1250 847 1351 907 solitos
1386 848 1507 924 operire
1533 846 1654 908 rorem
1681 845 1896 906 maumam

554 933 647 992 Miror
662 938 719 991 'cur
741 932 818 991 idem
841 950 887 992 me
910 932 1320 1008 factitantem-reprehendas.

643 1018 702 1079 Sed
725 1019 796 1095 quid
827 1036 883 1095 ego
912 1019 1010 1079 moitis
1034 1018 1070 1079 de
1092 1036 1160 1078 mea
1186 1019 1413 1098 pbilosopbandi
1443 1019 1605 1081 methodo?
1627 1036 1693 1079 cnm
1715 1026 1748 1079 tn
1771 1018 1821 1078 rel
1844 1020 1898 1094 jan

558 1122 635 1166 mine
657 1109 686 1164 in
709 1107 798 1183 hujus
820 1107 978 1184 analyseos
1006 1106 1063 1165 flne
1085 1108 1545 1185 bapitalcm·aeqnivocationem
1574 1109 1604 1166 in
1632 1108 1757 1167 vocibus
1786 1109 1899 1179 musica,

559 1195 743 1269 harmonica,
767 1194 874 1253 inieras
897 1197 925 1252 in
949 1196 1140 1268 sequentibus
1162 1196 1320 1255 identidem
1343 1195 1523 1274 iterandam,
1546 1214 1605 1271 qna
1627 1196 1821 1271 ambignitate
1843 1210 1900 1251 om·

560 1296 626 1341 nem
649 1281 735 1355 buno,
759 1298 818 1340 non
841 1287 937 1340 meum
961 1290 1082 1354 tautum,
1107 1281 1159 1341 sed
1183 1286 1270 1343 etiam
1293 1290 1426 1343 veterum
1448 1292 1586 1342 conatum
1611 1285 1642 1341 in
1664 1282 1899 1359 disceptationem

555 1379 655 1431 vocas.
701 1369 857 1445 Egregium
880 1384 951 1428 vero
972 1369 1159 1446 palaestram,
1182 1374 1211 1428 ln
1233 1388 1295 1446 qna
1317 1372 1538 1430 transcurrimus
1553 1358 1689 1445 alternis3
1712 1386 1770 1443 ego
1794 1369 1900 1428 matbe-

555 1444 692 1517 matioa'm
717 1464 847 1515 vetorum
868 1456 1039 1515 methodum
1062 1458 1271 1533 comprobans,
1295 1460 1324 1515 in
1346 1474 1504 1536 progressu
1525 1460 1604 1519 ciros
1626 1456 1817 1535 particularia
1837 1472 1900 1515 con·

554 1554 600 1605 tra
624 1541 690 1601 ilios
714 1560 822 1619 pugno,
846 1552 887 1616 tu,
911 1543 1080 1606 methodum
1103 1546 1233 1623 ipsorum
1256 1548 1350 1623 ipsam
1365 1545 1530 1622 generalem
1550 1546 1732 1620 insimulans,
1756 1547 1787 1602 iu
1810 1547 1900 1603 minn-

555 1633 592 1713 tis
617 1630 764 1698 nonnullis
787 1640 919 1690 veterum
941 1638 1114 1691 assertorem
1137 1640 1166 1692 te
1188 1633 1342 1710 prodieris.

603 1742 609 1753 =
643 1717 805 1775 Madnliam
828 1726 860 1776 tu
883 1721 982 1777 nescio
1005 1734 1093 1795 quam
1113 1718 1235 1780 divinae
1257 1722 1387 1780 musicae
1408 1719 1562 1797 producis,
1590 1721 1676 1795 enjus
1702 1720 1830 1779 umbrae
1851 1721 1901 1777 sint

554 1804 771 1879 mathematico,
796 1820 872 1881 quoe
895 1807 944 1863 vix
968 1813 1091 1882 tangant
1112 1806 1221 1866 iilam·
1247 1807 1334 1867 Hane
1360 1806 1519 1867 medullam
1546 1809 1575 1865 in
1598 1807 1764 1867 visceribns
1786 1815 1901 1866 natoue

553 1892 696 1952 recondis.

643 1982 731 2039 Error
760 1981 814 2040 tibi
842 1986 887 2039 est
910 1980 1013 2055 ingens
1037 1982 1067 2036 in
1090 1987 1156 2040 arte·
1174 1982 1322 2055 musicae,
1351 1979 1433 2056 qnod
1459 1980 1534 2041 baec
1559 1983 1636 2040 inter
1662 1988 1742 2041 artes
1769 1980 1901 2041 liberales

554 2067 778 2131 mathematicas
800 2067 970 2127 collocatur.
1021 2066 1146 2126 Vanam
1168 2072 1203 2132 r'o
1224 2086 1261 2127 eo
1281 2069 1428 2127 umbram
1448 2085 1508 2127 erae
1528 2071 1717 2146 pronuncias,
1741 2086 1810 2129 nost
1824 2072 1903 2129 bori-

554 2172 630 2230 com,
653 2172 718 2214 nou
740 2157 887 2229 corticem,
912 2171 1021 2231 perque
1044 2172 1108 2213 eam
1132 2158 1258 2231 ignorari
1281 2159 1326 2214 eis
1341 2156 1496 2215 essentiam
1511 2158 1677 2216 interiorem
1691 2172 1746 2215 son
1760 2156 1901 2216 nucleum

642 2241 674 2301 Si
698 2242 755 2301 boc
778 2242 870 2303 velles
894 2244 1022 2315 innuere,
1047 2258 1106 2299 non
1129 2242 1374 2319 acquiescendum
1397 2258 1463 2301 esso
1484 2243 1661 2321 philosopho
1687 2245 1716 2300 in
1740 2247 1826 2302 sonis
1847 2244 1902 2303 ele·

555 2330 737 2401 metatoribus
766 2336 796 2388 et
822 2328 951 2389 sensuali
982 2332 1107 2401 musica,
1141 2330 1193 2390 sed
1216 2329 1481 2408 philosophandum
1513 2330 1618 2403 altius,
1646 2330 1901 2406 inungendumque

555 2434 622 2477 cum
645 2414 815 2475 damblicho
838 2425 905 2489 tuo,
938 2418 987 2492 qni
1011 2416 1074 2488 iiat,
1098 2417 1178 2491 qnod
1200 2419 1283 2477 verbi
1306 2433 1397 2476 cansa
1419 2434 1455 2475 ax
1477 2416 1638 2477 intervallis
1661 2421 1762 2490 tortia,
1792 2427 1900 2493 quartu

557 2505 671 2580 quieta,
695 2511 802 2563 octava
825 2504 985 2574 deicerent,
1014 2504 1145 2565 secunda
1167 2511 1196 2565 et
1219 2508 1344 2582 septima
1365 2518 1424 2561 rron
1448 2496 1608 2577 delectent,
1641 2522 1700 2563 non
1721 2522 1770 2564 me
1794 2515 1902 2565 tanturn

554 2591 678 2650 baberes
709 2593 953 2663 consentientem,
985 2588 1038 2649 sed
1067 2608 1163 2667 neque
1192 2592 1271 2669 apud
1294 2600 1408 2650 veteres
1437 2590 1598 2667 quidquam
1629 2592 1796 2665 invenires,
1826 2591 1901 2670 qnod

554 2682 713 2739 incusares.
758 2678 833 2739 Num
856 2678 1027 2738 Ptolemaeo
1051 2678 1190 2738 voluntas
1212 2681 1331 2756 egregia
1350 2680 1416 2750 init,
1438 2678 1516 2739 buno
1537 2679 1673 2738 nucleum
1695 2680 1834 2753 eruendi,
1857 2682 1902 2754 qui

554 2765 782 2843 philosophandi
806 2770 894 2826 etiem
917 2780 1009 2843 genus
1033 2766 1168 2826 adhibuit
1190 2766 1330 2840 sublime,
1359 2782 1414 2824 nec
1436 2765 1587 2842 indignum
1612 2769 1709 2825 risum
1731 2766 1902 2844 Porphyris,

553 2852 782 2936 ,lambliobitui
804 2856 958 2930 magistro,
990 2854 1019 2909 in
1044 2853 1124 2929 qnod
1145 2856 1209 2931 ipsa
1232 2861 1483 2914 commemoretur.
1529 2855 1619 2928 etqui
1644 2853 1744 2913 nndm
1774 2862 1902 2914 veterum

555 2941 739 3001 harmonices
762 2943 927 3002 interiorem
951 2942 1107 3026 sapentiam
1138 2956 1229 3000 ausos
1251 2949 1295 3014 est
1317 2956 1423 3000 eruere
1451 2941 1677 3015 quantitatibus,
1708 2943 1782 3016 qnirr
1809 2945 1902 3017 potiar

555 3038 617 3088 tam
640 3028 698 3103 illi,
729 3044 818 3105 quam
843 3031 894 3105 qui
917 3028 984 3087 illes
1008 3035 1054 3088 est
1074 3037 1208 3102 secutus,
1239 3028 1370 3099 Proeins,
1394 3030 1572 3109 geometriae
1587 3028 1742 3087 thesauros
1763 3028 1903 3087 aidssim

556 3115 723 3177 extulerunt
745 3119 833 3193 inque
856 3116 1066 3194 penitissimum
1090 3118 1253 3175 animorum
1283 3117 1433 3195 ipsiusque
1455 3113 1532 3175 adeo
1562 3116 1728 3175 divinitatis
1749 3119 1903 3176 mutin

554 3202 787 3263 recondiderunt.
833 3201 916 3279 Quos
940 3202 1057 3279 quidem
1079 3203 1136 3268 hae
1157 3205 1185 3260 in
1209 3213 1293 3281 parte
1315 3212 1345 3263 et
1367 3218 1423 3277 ego
1445 3199 1563 3261 secutus
1586 3208 1651 3262 snni
1673 3211 1808 3275 suenue,
1830 3203 1904 3277 dog·

554 3299 635 3350 mata
655 3298 754 3351 muron
777 3291 893 3349 illorum
917 3308 953 3350 er
975 3294 1154 3369 praescripto
1183 3290 1333 3350 doctrinae
1362 3289 1528 3350 catholicae
1553 3292 1680 3364 correxi,
1708 3293 1753 3349 nti
1781 3291 1904 3350 lectores

554 3378 612 3436 boc
634 3380 786 3455 agnituros
809 3395 895 3455 spero
925 3396 960 3437 ex
983 3378 1109 3438 lectione
1139 3380 1325 3455 potissimum
1354 3376 1421 3435 libri
1448 3378 1505 3436 mei
1529 3377 1581 3434 1v.
1605 3379 1735 3456 capitum
1765 3381 1901 3455 prium

554 3461 620 3525 Hoc
642 3464 737 3524 solnm
762 3468 862 3525 censui
884 3464 1067 3539 novandum,
1097 3468 1157 3525 imo
1178 3466 1351 3528 necessariis
1373 3463 1669 3525 demonstrationibus
1692 3464 1820 3524 adactus
1841 3483 1903 3524 snm

443 3588 446 3602 ·
554 3568 679 3623 novare,
712 3551 791 3628 qnod
814 3552 962 3611 veteribus
985 3568 1037 3630 pro
1060 3556 1122 3613 suis
1144 3555 1293 3625 numeris,
1316 3550 1444 3611 discreta
1464 3553 1645 3628 quantitate,
1674 3554 1739 3629 ipre
1767 3554 1902 3612 substitui

555 3639 695 3699 circulum
718 3645 749 3698 et
771 3640 881 3716 figuras
902 3642 1111 3715 geometricas,
1136 3643 1334 3717 quantitatem
1352 3639 1464 3699 seilicet
1485 3643 1665 3713 continuam.

642 3726 675 3787 Si
698 3727 772 3786 baec
794 3734 925 3787 veterum
947 3729 1023 3786 ratio
1044 3728 1216 3788 eiueieendi
1239 3726 1422 3787 harmonicas
1442 3730 1599 3786 essentiam
1620 3729 1675 3786 tibi
1690 3740 1750 3786 non
1764 3727 1901 3793 sorderet,

555 3822 584 3875 et
613 3814 638 3871 si
668 3814 876 3874 mathematica
906 3830 966 3872 non
994 3812 1039 3871 ins
1055 3817 1192 3875 eonteem
1222 3823 1274 3874 ant
1301 3816 1430 3873 tunicam
1459 3813 1623 3891 relegeres,
1653 3817 1712 3873 imo
1744 3832 1853 3874 ranam
1874 3823 1903 3871 et

554 3900 689 3960 irivolam
712 3903 844 3962 umbram
865 3902 1057 3978 indigetaroe,
1089 3906 1160 3979 quin
1190 3905 1288 3980 potios
1316 3904 1346 3959 in
1370 3904 1466 3977 ipsum
1490 3901 1625 3962 nucleum
1656 3905 1815 3978 reciperes,
1841 3904 1903 3977 jn

554 4004 639 4067 porro
668 4006 755 4050 nemo
786 4005 855 4049 rere
885 3989 1156 4067 philosophantium
1185 3991 1239 4050 tibi
1269 4005 1328 4047 nou
1358 3987 1553 4066 applauderet
1573 3992 1731 4059 asserenti,
1761 3993 1902 4049 mnsiem

555 4074 677 4135 eandem
700 4094 764 4137 esse
787 4079 823 4134 in¹
839 4076 972 4149 bomine,
997 4094 1073 4153 quae
1096 4086 1141 4138 est
1165 4080 1194 4135 in
1217 4076 1342 4149 mundo,
1373 4076 1495 4136 eandem
1522 4080 1553 4134 ia
1576 4077 1727 4137 elementis
1749 4074 1796 4155 (ut
1816 4093 1902 4135 maor

555 4153 752 4239 intelligamus
775 4164 986 4243 elementares),
1011 4182 1089 4240 quea
1111 4167 1140 4223 in
1163 4164 1307 4242 planetis3
1336 4162 1459 4222 eandem
1481 4163 1599 4248 tandem
1621 4167 1652 4221 in
1674 4164 1750 4237 illis,
1775 4166 1902 4241 quaein

555 4254 619 4327 ipso
640 4251 748 4311 mundo
772 4251 945 4329 archetypo,
976 4252 1053 4311 nude
1081 4252 1261 4329 originaliter
1290 4261 1355 4310 orta
1376 4252 1414 4309 sit
1445 4251 1598 4310 barmouie
1625 4250 1781 4311 matbinao
1804 4254 1900 4310 totins

480 4363 484 4383 ι
554 4338 629 4397 Nam
660 4339 762 4398 eadem
794 4336 897 4398 iisdem
926 4356 1000 4419 pena
1031 4340 1130 4399 verbis
1160 4347 1189 4398 et
1216 4354 1277 4399 nse‘
1295 4337 1379 4397 rides
1394 4351 1541 4399 asserere
1566 4342 1693 4415 passim,
1731 4340 1901 4415 praeserb'n

555 4426 630 4485 libro
653 4425 708 4484 111.
724 4426 776 4485 iol.
804 4428 864 4484 136
888 4434 917 4485 et
939 4425 1004 4485 libr.
1029 4427 1081 4484 lv.
1104 4444 1170 4503 cap.
1198 4430 1229 4499 l,
1255 4428 1290 4498 2,
1314 4430 1342 4485 3.

640 4512 789 4573 Modicam
822 4517 897 4573 enim
921 4513 996 4573 hanc
1018 4515 1294 4589 aequivocationem
1323 4511 1479 4583 admittere
1506 4516 1638 4589 cogimur
1659 4515 1727 4589 jore
1747 4530 1901 4589 ‘gramna-

554 4600 621 4673 tico,
647 4616 712 4659 oum
735 4601 916 4661 harmoniam
939 4601 1015 4660 alins
1038 4600 1245 4677 quidem,·nsn
1263 4602 1326 4675 jam
1349 4602 1434 4672 trito,
1458 4600 1587 4659 admittit
1608 4600 1702 4660 solam
1724 4601 1809 4659 iliam
1829 4617 1901 4659 ooo·

556 4694 667 4759 centus,
692 4706 767 4763 quae
792 4697 835 4747 est
858 4705 922 4747 cnm
946 4704 1034 4761 sono,
1063 4690 1154 4761 alius,
1178 4696 1295 4747 secutus
1318 4688 1441 4765 primam
1463 4690 1546 4746 vocis
1567 4691 1726 4763 originem,
1754 4704 1807 4766 pro
1828 4704 1900 4746 oon·

554 4777 689 4850 grncntia
710 4792 805 4835 rerum
828 4779 1068 4851 geometricorum
1092 4776 1245 4836 omniiaria
1266 4777 1378 4850 recipit,
1402 4774 1488 4848 alius,
1511 4774 1638 4834 mediam
1657 4776 1898 4838 incedensvism.

556 4865 749 4939 geometricas
771 4866 982 4939 proportiones,
1008 4880 1083 4941 qnae
1106 4864 1295 4923 inveniuntur
1317 4865 1346 4919 ia
1368 4862 1491 4921 vocibus
1514 4864 1752 4935 consonantibus,
1776 4863 1900 4920 ubicun-

554 4966 612 5026 qne
636 4966 687 5009 eas
709 4959 862 5026 praeterea
884 4952 1003 5025 inuenit,
1028 4952 1109 5012 velut
1132 4950 1295 5011 obstraotas
1309 4968 1329 5009 a
1342 4949 1484 5025 subjectis
1499 4950 1714 5025 subintelligit3
1738 4966 1798 5025 qno
1811 4964 1899 5007 seua

556 5052 611 5113 ego
634 5036 680 5096 iris
696 5038 820 5097 vocibus
843 5045 910 5095 utor
930 5054 983 5115 per
1005 5047 1099 5098 totum
1121 5039 1182 5098 iera
1205 5054 1400 5114 opusmenru.
1446 5038 1485 5095 At
1499 5044 1543 5109 tn,
1568 5036 1626 5095 non
1642 5045 1797 5096 contentos
1818 5036 1898 5094 bisce

555 5124 781 5209 signifieatibns,
813 5141 915 5186 rocem
938 5125 1049 5211 profers
1072 5124 1194 5188 ulterius
1216 5125 1254 5187 ad
1276 5126 1484 5204 emgmenries
1506 5133 1568 5185 tam
1589 5124 1729 5207 physicas
1751 5125 1896 5201 agendum
