4467 6192
530 737 590 795 176
784 762 787 767 ·
1061 730 1102 784 De
1121 725 1346 798 Propertionibus

526 911 557 967 in
580 909 636 969 bac
659 907 806 969 cantdeba
827 905 970 984 ligaturas
1000 908 1140 985 respicias
1163 902 1340 982 syllabarum
1362 902 1451 986 (lond
1472 923 1514 964 ors
1539 914 1615 984 potr
1631 903 1696 987 tor)
1720 921 1832 983 easque
1857 914 1892 964 ut

527 999 647 1057 bisonas
669 995 845 1070 consideres,
868 1001 938 1054 tune
960 997 990 1053 in
1014 1012 1050 1054 oa
1072 991 1163 1072 dyoyp
1186 1009 1265 1052 mera
1288 1001 1318 1052 et
1340 1011 1412 1071 pura
1435 991 1516 1053 nulla
1539 997 1601 1054 erit.
1647 996 1688 1054 at
1709 996 1735 1053 si
1759 1010 1893 1072 perpen-

528 1084 591 1159 das,
615 1086 763 1143 rusticano
786 1099 867 1142 more
888 1083 1006 1156 lactum,
1029 1090 1062 1141 nt
1085 1097 1121 1140 ex
1143 1095 1225 1151 sono,
1250 1083 1299 1155 qni
1323 1081 1492 1158 productius
1517 1089 1579 1141 erat
1602 1081 1760 1156 canendus,
1790 1081 1893 1140 tactim

527 1175 565 1230 sit
589 1173 710 1231 bisonna
733 1187 889 1246 assurgens
911 1171 941 1226 in
963 1169 1030 1244 fine,
1053 1175 1084 1228 et
1105 1170 1131 1226 si
1153 1167 1275 1244 syllabis
1299 1167 1378 1227 hisce
1400 1164 1563 1246 simplicem
1577 1185 1681 1227 sonum
1696 1170 1890 1244 produotmn,

529 1262 579 1336 qni
610 1266 655 1318 est
682 1259 827 1334 ligaturas
857 1259 981 1334 primus,
1003 1259 1167 1326 restituas,
1200 1257 1332 1314 invenias
1362 1273 1464 1333 puram
1488 1252 1598 1335 ἀγωγην
1628 1257 1657 1313 in
1680 1257 1726 1316 his
1749 1253 1896 1337 (Pascali

529 1344 659 1430 lauda),
690 1349 761 1405 item
783 1343 1077 1425 (immolent),‚item
1099 1340 1305 1423 (Christiani),
1334 1345 1404 1402 item
1426 1341 1592 1423 (Innocens
1607 1343 1704 1424 patri)
1734 1353 1765 1401 et
1788 1343 1896 1402 brevis

530 1432 561 1491 i'n
584 1431 734 1515 (comcs),
758 1436 851 1509 aioap
874 1435 945 1492 verd
968 1449 1064 1504 mera,
1087 1431 1157 1488 licet
1180 1445 1236 1488 non
1260 1431 1415 1503 naturalis,
1440 1440 1485 1490 est
1506 1434 1535 1489 in
1559 1431 1692 1508 exemplo
1715 1429 1859 1490 Turnieo.

617 1518 869 1596 Quemadmodum
893 1522 981 1596 igitur
1003 1536 1035 1578 se
1057 1518 1156 1576 babet·
1170 1517 1299 1576 sceletnn
1324 1517 1361 1577 ad
1386 1535 1490 1594 corpus
1514 1517 1592 1595 apud
1615 1519 1815 1591 anatomicos,
1852 1520 1899 1576 sic

530 1603 562 1668 s'e
585 1608 693 1667 habent
717 1610 746 1664 in
778 1623 836 1666 uno
859 1613 1018 1685 systemate
1048 1614 1172 1666 octavas
1195 1608 1259 1664 soni
1282 1609 1402 1665 consoni
1433 1613 1462 1665 et
1490 1608 1566 1664 inter
1589 1623 1620 1665 ss
1648 1615 1766 1665 etcum
1789 1604 1899 1665 radice

529 1695 578 1755 vel
599 1696 664 1754 basi
695 1703 819 1755 octavae
851 1694 890 1754 ad
911 1692 1190 1776 ipsam‘melodiarn
1222 1711 1274 1752 sen
1306 1699 1432 1754 cuntium.
1478 1691 1659 1753 sicutenim
1683 1708 1750 1752 caro
1784 1692 1899 1771 implet

530 1786 611 1843 sinna
634 1784 744 1844 ossium
768 1799 862 1858 eaque
884 1784 975 1841 vestit
996 1779 1034 1840 ad
1056 1780 1200 1853 decorem,
1225 1783 1267 1838 sic
1289 1780 1346 1840 hac
1368 1790 1467 1856 partes
1489 1783 1651 1840 recensitae
1677 1781 1802 1856 implent
1827 1798 1902 1839 soe-

530 1870 610 1930 ieton
640 1878 778 1944 octavae,
810 1871 981 1947 praesertim
1004 1865 1096 1948 ἀγωγη
1126 1875 1155 1927 et
1186 1890 1317 1941 uerrere,
1348 1876 1528 1944 pererrantes
1560 1868 1626 1927 loca
1647 1867 1783 1942 dissona,
1819 1871 1902 1926 inter

534 1975 678 2019 consonos
701 1974 790 2017 sonos
813 1957 983 2033 interJecta,
1007 1957 1189 2015 conformant
1211 1961 1240 2014 st
1263 1957 1348 2031 quasi
1371 1965 1525 2033 corporant
1547 1954 1712 2016 melodiam.

549 2105 554 2113 ,
621 2046 661 2105 ΙΙ.
685 2045 759 2105 Cum
781 2053 885 2116 cantur
908 2044 1044 2104 delinitur
1066 2046 1117 2115 sio,
1142 2041 1221 2126 quud
1244 2042 1412 2102 exordiatur
1434 2061 1452 2102 a
1474 2051 1552 2106 certo
1575 2041 1704 2120 quodam
1721 2053 1813 2116 ‘sono,
1845 2045 1901 2119 qui

516 2200 519 2204 A
1422 2127 1503 2191 basis
1535 2134 1573 2190 sit
1602 2132 1770 2208 systematis
1807 2141 1903 2189 octa-

854 2218 1386 2284 -.ζῇ-ἐζ,
1510 2220 1519 2274 i
1735 2234 1750 2274 r

531 2187 747 2338 Ξὲ-
907 2231 1386 2361 „je-affl&
1422 2217 1903 2382 recunctatus

535 2395 663 2455 delectet
685 2395 814 2453 varietas
837 2400 866 2452 et
888 2397 998 2454 serviat
1020 2393 1169 2470 emphasi,
1193 2393 1365 2470 saepissime
1389 2394 1470 2452 velut
1494 2410 1529 2452 ex
1552 2394 1676 2468 abmpto
1698 2395 1804 2469 incipit
1830 2411 1904 2452 me-

535 2482 615 2542 lodia
636 2500 655 2539 a
678 2481 754 2540 clavi
779 2480 825 2540 vei
847 2481 914 2541 loco
936 2482 1008 2557 alio,
1039 2489 1187 2559 potestate
1210 2488 1307 2540 tamen
1334 2479 1563 2556 subintelligitur
1588 2471 1762 2558 p‘rincipinm
1792 2480 1904 2560 qund-

535 2573 615 2648 piam
637 2575 746 2638 certum
768 2571 911 2644 positum,
936 2569 1014 2645 quod
1043 2587 1078 2629 ex
1101 2575 1163 2628 toto
1187 2566 1331 2628 melodiae
1353 2575 1447 2628 tractu
1478 2567 1606 2644 undique
1630 2570 1780 2641 enitescit,
1805 2575 1846 2627 ut
1874 2572 1904 2625 in

535 2659 593 2718 boc
615 2657 811 2716 vetustissimo
835 2654 1009 2717 Germanico
1031 2657 1117 2718 facile
1141 2655 1320 2732 intelligitur,
1348 2658 1403 2716 etsi
1425 2663 1494 2716 actu
1515 2673 1534 2715 a
1556 2654 1577 2713 d
1598 2654 1651 2714 fiat
1672 2657 1807 2729 initium,
1843 2661 1905 2716 aa·

540 2744 632 2813 dicem
655 2749 753 2802 tamen
776 2761 840 2804 esse
865 2741 901 2803 G.
1213 2807 1216 2814 ,

622 2821 829 2890 lllfflimilem
853 2829 944 2891 babet
966 2831 1182 2907 exceptionem,
1217 2828 1295 2905 quod
1321 2837 1423 2890 cantus
1446 2828 1587 2906 regularis
1618 2828 1724 2888 dicitur
1746 2847 1816 2889 eum
1844 2847 1906 2890 sna

540 2941 608 2998 rorp
630 2916 679 2977 vel
701 2940 817 2997 πειτειᾳ
841 2918 989 2979 collimare
1020 2918 1058 2977 ad
1080 2917 1147 2978 locs
1169 2933 1299 2977 consona
1326 2917 1416 2976 radici
1448 2924 1581 2976 octavae.
1626 2916 1702 2976 Nam
1724 2917 1906 2993 frequenter

536 3006 592 3065 bae
614 3012 712 3082 partes
733 3007 763 3064 in
786 3006 884 3065 medio
906 3003 1046 3085 longioris
1075 3004 1221 3078 melodiae
1243 3011 1337 3064 bactu
1361 3012 1513 3064 versantur
1543 3005 1620 3064 circa
1642 3004 1708 3064 l'oca
1730 3003 1861 3066 dissona
1886 3025 1906 3066 a

536 3097 630 3170 prima
651 3091 762 3168 radice;
785 3093 838 3154 sed
858 3093 890 3152 id
912 3093 945 3152 fit
966 3095 1116 3152 varietatis
1140 3109 1231 3152 causa
1253 3101 1355 3169 estque
1378 3092 1505 3170 perinde,
1529 3108 1564 3151 ac
1586 3094 1611 3150 si
1633 3093 1722 3168 priori
1744 3091 1906 3153 melodiae

536 3198 615 3240 nova
636 3179 764 3241 melodia
786 3184 964 3255 misceretur,
989 3181 1072 3257 cujus
1095 3183 1126 3238 in
1149 3179 1267 3239 dissono
1290 3180 1341 3239 illo
1364 3196 1475 3239 novum
1498 3178 1646 3254 quoddam
1673 3179 1812 3256 figeretur
1838 3182 1906 3238 ini·

536 3270 619 3340 tlurn,
642 3274 694 3327 ant
716 3273 826 3329 novum
846 3270 1013 3345 signaretur
1034 3275 1158 3327 octavae
1182 3268 1320 3327 sceleton.
1366 3267 1419 3326 Est
1440 3264 1522 3327 velut
1545 3282 1683 3327 excursus
1704 3269 1734 3324 in
1757 3269 1906 3328 oratione

537 3355 590 3415 sen
612 3353 769 3431 digressio,
802 3356 901 3433 itaque
925 3372 982 3415 non
1006 3368 1217 3415 commoramur
1238 3357 1269 3412 in
1291 3353 1415 3429 talibus,
1446 3353 1499 3414 sed
1528 3355 1586 3414 cito
1608 3356 1780 3414 revertimur
1811 3355 1907 3415 velut

539 3443 577 3502 ad
600 3441 760 3519 principale
789 3443 926 3504 sceleton.
973 3443 1011 3500 Et
1040 3442 1181 3519 quamdin
1213 3443 1289 3502 eirca
1317 3442 1437 3501 dissona
1460 3449 1593 3501 versatur
1615 3463 1684 3519 resp
1712 3451 1741 3500 st
1763 3439 1906 3518 aeirem,

538 3529 738 3605 intelligimus,
762 3535 878 3590 cantum
898 3528 1029 3590 nondum
1050 3531 1139 3605 finiri3
1162 3543 1230 3588 narn
1251 3531 1283 3587 in
1305 3530 1370 3612 ipso
1392 3545 1462 3588 vero
1485 3528 1541 3588 fine
1563 3528 1743 3589 redeundum
1765 3537 1814 3589 est
1838 3547 1905 3590 non

539 3625 654 3688 tanturn
676 3617 715 3677 ad
736 3633 874 3693 consona,
898 3618 1069 3696 regulariter
1092 3615 1225 3694 quidem,
1247 3615 1300 3676 sed
1323 3615 1471 3700 etiamad
1494 3617 1587 3694 ipsam
1610 3617 1744 3694 propriae
1768 3623 1907 3677 octavae

540 3703 675 3764 radioam.
721 3704 768 3763 Ab
795 3705 854 3765 hac
875 3705 1079 3780 articulations
1103 3711 1205 3765 cantus
1236 3713 1264 3764 et
1287 3703 1471 3764 assentione
1494 3695 1748 3764 consonantiarum
1778 3713 1906 3765 veteres

541 3794 629 3851 stiam
649 3784 815 3869 simplicem
839 3801 957 3853 cantum
979 3791 1160 3858 harmoniam
1183 3791 1290 3851 dixisse
1314 3790 1465 3866 videntur,
1488 3807 1547 3874 non
1566 3797 1652 3851 secus
1675 3800 1762 3868 atque
1787 3791 1908 3853 decens

541 3887 571 3939 et
592 3886 678 3955 aptus
701 3881 895 3940 membrorum
916 3879 1090 3956 responsns',
1119 3889 1197 3957 quae
1219 3879 1328 3938 formae
1351 3880 1448 3939 anima
1471 3885 1534 3953 est,
1565 3878 1717 3939 harmonia
1740 3876 1907 3953 diceretur,

541 3969 626 4044 quasi
647 3955 927 4043 pnlcbritnd05'init
949 3969 1026 4029 enim
1049 3975 1078 4028 et
1098 3967 1226 4027 ieminae
1248 3982 1353 4026 nomen
1376 3966 1547 4026 Harmonia

626 4052 687 4113 1v.'
704 4051 790 4129 Quod
819 4052 930 4134 ἀγωγην
950 4057 1070 4129 attinet,
1101 4071 1137 4114 ea
1166 4072 1278 4114 rursum
1301 4049 1466 4130 varicosi,
1498 4069 1556 4112 non
1579 4069 1693 4131 semper
1716 4054 1794 4113 enim
1828 4062 1907 4113 actu

542 4143 642 4200 omnia
661 4140 730 4200 loos
760 4143 913 4218 interjecta
933 4145 1053 4222 transit,
1081 4141 1134 4202 sed
1162 4155 1251 4218 saepe
1281 4141 1421 4202 banssilit
1446 4141 1547 4217 aliqua
1577 4141 1712 4217 saltuque
1735 4141 1828 4198 fertur
1866 4144 1909 4200 ab

541 4230 602 4289 nna
622 4227 666 4288 ad
684 4231 892 4290 consonantem
916 4229 976 4306 illi3
1000 4238 1103 4307 estque
1126 4238 1195 4290 tunc
1217 4230 1282 4288 sola
1304 4235 1450 4305 potestate
1467 4227 1574 4309 dymyp,
1599 4235 1628 4288 et
1649 4229 1710 4288 iere
1732 4245 1815 4287 mera
1832 4249 1908 4288 πετ-

543 4339 606 4378 ιιιιι
626 4313 677 4375 'vel
698 4335 780 4393 anrp3
812 4317 862 4393 qui
884 4334 948 4377 mos
972 4323 1017 4377 est
1038 4318 1288 4394 frequentissimus
1309 4324 1474 4376 nostmrum
1497 4315 1674 4396 tubicinum,
1702 4332 1767 4390 curn
1791 4313 1909 4374 classi·

543 4421 612 4464 cum
634 4408 686 4462 ant
707 4405 887 4465 incentivum
916 4413 1050 4481 equestre
1071 4404 1276 4480 modulantur,
1306 4411 1376 4478 tunc
1398 4407 1474 4464 enirn
1504 4404 1563 4463 iere
1586 4401 1669 4462 nihil*
1687 4405 1743 4462 nisi
1765 4401 1907 4463 sceleton

545 4498 669 4553 octavae
691 4483 824 4567 anditum
846 4493 945 4568 cogita
967 4509 1005 4553 an
1026 4482 1113 4569 bans
1135 4494 1250 4569 generis
1271 4491 1358 4552 inerit
1379 4491 1430 4551 ilie
1453 4499 1585 4552 veterum
1607 4513 1693 4564 eopse
1714 4487 1828 4569 ὄρθιος.

545 4610 551 4624 ·
630 4579 669 4639 V.
681 4576 767 4638 'Cum
798 4578 958 4640 ’concinnus
987 4581 1089 4640 cantus
1120 4586 1234 4641 constet
1263 4580 1324 4638 suis
1347 4577 1516 4652 elementis,
1546 4586 1713 4656 quaesunt
1740 4577 1908 4638 intervalla

546 4666 705 4740 concinno,
728 4668 852 4746 primum
874 4668 928 4727 iila
948 4675 1018 4726 sunt
1039 4666 1399 4728 deliniende'oconratins.

630 4753 751 4829 Dupliei
772 4773 899 4833 namque
922 4768 1009 4816 sensu
1032 4754 1167 4815 dicuntur
1188 4753 1344 4814 intervalia
1367 4756 1511 4816 concinna
1533 4751 1582 4814 rel
1599 4753 1782 4812 inconcinna.
1828 4749 1906 4810 Pri-

546 4857 626 4899 mnm
646 4842 725 4903 enim
747 4843 1047 4904 interballs‘seorsim
1069 4842 1187 4920 singula
1220 4849 1352 4918 respectu
1376 4851 1455 4902 ortus
1477 4843 1524 4901 aui
1557 4843 1698 4924 concinna
1720 4839 1768 4898 vei
1792 4839 1907 4898 incon-

546 4931 632 4988 cinna
654 4925 795 5003 dicuntnr,
819 4929 871 4990 illa
893 4929 1019 5008 quidem,
1043 4947 1121 5007 quae
1142 4939 1247 4989 natura
1269 4927 1397 4989 admittit
1421 4933 1450 4988 in
1467 4928 1662 4989 divisionibus
1677 4922 1905 5010 intervallorum

547 5028 757 5089 consonornm,
780 5014 854 5077 baec
875 5036 963 5099 vero,
993 5035 1068 5095 qnae
1091 5036 1126 5078 ex
1151 5017 1417 5095 comparationibus
1441 5017 1696 5077 consonantiarum
1718 5032 1778 5073 non
1800 5015 1905 5073 resul-

547 5111 626 5176 tant,
656 5101 752 5163 aliena
773 5121 890 5181 prorsus
920 5106 958 5165 ab
981 5106 1163 5179 barmoniae,
1191 5113 1225 5165 ut
1255 5106 1430 5182 explicatum
1461 5117 1523 5182 cap.
1548 5106 1577 5162 4.
1622 5101 1737 5164 Deinde
1761 5110 1904 5180 respectu

548 5191 642 5273 ipsius
668 5197 771 5252 moins
801 5207 855 5252 sen
885 5191 1030 5254 melodiae
1048 5191 1212 5254 discrimen
1234 5191 1291 5253 boo
1313 5201 1360 5253 est
1388 5195 1464 5254 inter
1485 5193 1550 5269 ipss
1573 5192 1661 5252 etiam
1684 5192 1817 5268 musica,
1845 5204 1906 5250 seu
