4467 6192
558 647 621 707 256
968 646 1010 700 De
1028 644 1291 715 contignationibus
1309 646 1488 703 Harmonicis.

556 820 731 897 formisque,
762 805 839 899 quae
866 823 985 900 igneam
1006 824 1077 901 qnid
1099 832 1183 900 sunt,
1214 827 1393 904 progenitus.
1437 824 1514 885 Vide
1537 822 1644 902 Optica
1665 842 1749 900 mea,
1778 822 1830 883 iol.
1854 822 1898 894 ib,

559 910 610 982 aa,
635 913 686 967 ar.
722 914 764 980 (n
786 913 835 969 rra
853 916 882 983 a.)

643 994 728 1055 Hanc
755 1000 869 1057 animae
892 997 1018 1058 Telluris
1046 999 1138 1060 veluti
1167 1002 1317 1059 materiam
1348 1000 1578 1074 assignabimus,
1609 1002 1637 1057 in
1667 1016 1757 1073 quam
1783 997 1848 1072 jam
1869 998 1900 1053 sit

558 1084 698 1160 impressa
722 1083 787 1143 loco
811 1086 920 1145 formae
943 1088 1040 1163 imago
1074 1087 1172 1146 vultus
1195 1087 1296 1160 divini,
1320 1104 1385 1144 cum
1407 1088 1480 1145 ideis
1496 1096 1556 1145 tarn
1581 1086 1679 1147 circuli
1701 1088 1899 1158 rationumque

557 1171 780 1245 ejusomnium,
803 1189 893 1248 quam
914 1176 1042 1250 corporis
1065 1178 1110 1235 sui
1133 1174 1258 1247 sensilis,
1281 1177 1326 1233 cui
1351 1174 1478 1250 regendo
1501 1175 1648 1251 praelecta
1669 1182 1723 1247 est,
1747 1170 1900 1246 mundique

557 1257 633 1316 adeo
657 1262 755 1332 totius,
779 1262 808 1317 in
832 1277 890 1336 qao
913 1278 1018 1338 corpus
1042 1263 1104 1338 ejus
1128 1262 1255 1321 sutururn
1280 1270 1350 1320 erat.
1395 1262 1495 1320 Habet
1524 1264 1599 1321 enim
1626 1263 1705 1319 Deus
1728 1280 1788 1320 non
1809 1276 1900 1319 uam·

555 1344 650 1421 plaria
672 1356 784 1405 tantmn
806 1350 983 1423 geometrica
1006 1366 1114 1423 secum,
1138 1348 1189 1408 sed
1213 1352 1300 1407 etiam
1317 1357 1474 1426 conceptus
1497 1349 1684 1409 creandarum
1707 1351 1841 1408 omnium
1862 1352 1901 1405 rt·

557 1450 619 1489 rum
644 1434 806 1503 sensilium,
838 1452 914 1510 quae
937 1439 1036 1494 omnia
1058 1437 1144 1495 simul
1167 1444 1318 1495 transeunt
1341 1439 1368 1493 in
1392 1440 1518 1509 animas,
1552 1437 1607 1496 Dei
1631 1436 1827 1511 exemplaria,
1857 1450 1901 1509 pro

557 1520 699 1597 cujusque
722 1521 770 1581 vel
792 1531 880 1598 captu
903 1523 952 1581 vel
974 1541 1040 1581 usu.
1063 1524 1186 1583 Relucet
1209 1526 1296 1599 igitur
1318 1526 1348 1579 in
1370 1527 1468 1583 anima
1490 1524 1616 1583 Telluris
1640 1528 1738 1599 imago
1763 1520 1901 1599 quaedam

557 1609 655 1668 circuli
676 1608 790 1671 zodiaci
812 1610 959 1669 sensibilis
975 1614 1123 1686 totiusque
1140 1612 1214 1670 adeo
1230 1611 1412 1685 firmamenti,
1437 1611 1583 1673 vinculum
1606 1610 1790 1688 sympathiac
1815 1626 1901 1668 rerum

557 1695 728 1756 coelestiam
751 1705 780 1756 et
800 1700 995 1773 terrestrium3
1024 1698 1153 1757 relucent
1180 1699 1273 1757 multo
1304 1701 1428 1758 maxims
1459 1701 1488 1756 in
1518 1700 1569 1758 illa
1600 1700 1750 1776 archetypi
1779 1698 1901 1757 omniun

557 1784 648 1859 ipsius
671 1785 835 1842 munierum
859 1788 1046 1861 omniumque
1068 1794 1213 1858 motuum,
1243 1786 1350 1862 quibus
1381 1803 1485 1862 corpus
1515 1804 1597 1845 suum
1621 1803 1798 1862 quocunque
1822 1800 1901 1843 sensu

556 1879 687 1945 moveat,
717 1888 806 1947 quam
827 1872 877 1931 alii
901 1879 1032 1946 δυναμιν.
1065 1891 1120 1949 ego
1144 1871 1284 1952 dvspysurr
1313 1872 1460 1953 lubentius
1490 1876 1710 1934 nominaverim.
1759 1873 1811 1931 Est
1834 1873 1901 1931 enirn

556 1960 718 2017 animarum
739 1962 866 2019 essentia
888 1960 974 2032 haec,
1005 1968 1050 2019 est
1071 1961 1164 2021 veluti
1187 1956 1265 2039 ῥυσις
1287 1960 1429 2037 quaedam
1460 1960 1547 2037 hujus
1569 1962 1702 2021 flammae
1719 1961 1800 2031 ista,
1831 1958 1901 2035 quod

556 2063 670 2122 semper
692 2049 733 2105 ita
755 2055 823 2105 sant
845 2056 1030 2124 comparatae
1052 2066 1152 2107 secum
1175 2050 1289 2107 animae
1313 2050 1395 2123 ipsae
1418 2051 1508 2121 intus,
1539 2066 1574 2108 ac
1597 2052 1621 2107 si
1644 2055 1765 2125 agerent
1786 2047 1835 2119 id,
1863 2047 1902 2105 cni

556 2132 723 2211 peragendo
746 2134 840 2194 lacae
862 2145 944 2208 sunt,
977 2137 1040 2194 sive
1063 2143 1130 2195 actu
1153 2138 1300 2212 potiantur
1330 2138 1528 2195 instrumentis
1551 2139 1694 2213 corporis,
1725 2137 1790 2194 sive
1815 2137 1902 2209 impe·

557 2220 681 2280 diantur.
727 2221 809 2282 Deus
832 2224 940 2300 quippe
969 2231 1014 2282 est
1041 2222 1244 2282 substantialis
1275 2226 1394 2298 energia
1415 2232 1444 2282 et
1466 2226 1531 2298 ipsa
1553 2224 1609 2283 bac
1631 2224 1752 2297 energia
1774 2221 1904 2281 subsistit

556 2310 604 2382 (nt
627 2307 663 2367 de
686 2305 794 2368 divinis
817 2308 944 2368 humano
967 2327 1046 2368 more
1070 2306 1265 2391 balbutiam),
1296 2319 1326 2368 ct
1355 2313 1492 2385 imaginis
1520 2312 1608 2387 igitur
1638 2310 1756 2371 divinae
1780 2308 1903 2369 essentis

556 2392 586 2454 e’v
608 2417 648 2471 τῳ
671 2392 792 2474 droppen
814 2400 957 2475 consistit,
979 2407 1013 2456 ut
1034 2397 1169 2456 flammae
1191 2395 1220 2458 ἐν
1234 2420 1276 2473 τῳ
1299 2392 1392 2477 parav:
1416 2406 1448 2457 ut
1471 2399 1526 2456 nisi
1549 2399 1631 2477 Deua
1653 2406 1806 2459 aeternum
1827 2395 1902 2455 illam

556 2490 751 2543 sustentasset
773 2483 938 2543 irradiando
962 2485 1025 2560 ejus
1049 2485 1140 2543 veluti
1163 2487 1327 2558 materiam,
1361 2485 1458 2543 subito
1481 2484 1610 2544 desitura
1637 2483 1903 2561 exstinguendaque

555 2569 650 2631 fuerit.
696 2567 871 2647 Quanquam
893 2571 932 2631 ad
953 2573 1194 2632 individuationis
1216 2590 1287 2633 suae
1310 2574 1483 2649 principium
1505 2589 1564 2631 non
1586 2580 1699 2631 tantum
1722 2588 1839 2648 corpus,
1863 2572 1904 2629 eui

556 2656 683 2732 regendo
706 2659 880 2735 praeficitur,
903 2658 955 2718 sed
978 2662 1065 2718 etiam
1082 2659 1156 2719 haec
1179 2663 1243 2735 ipsa
1259 2658 1418 2719 materialis
1442 2656 1546 2739 (quam
1560 2662 1641 2736 prins
1657 2655 1816 2741 descripsi)
1840 2674 1903 2736 par·

557 2743 647 2803 ricula
668 2748 713 2803 sui
735 2749 908 2822 requiratur,
931 2745 1112 2822 distinguens
1136 2747 1216 2805 illam
1239 2766 1258 2805 a
1280 2749 1384 2807 ceteris
1407 2748 1570 2807 animabus.

644 2830 794 2906 Quatenus
818 2835 907 2909 igitur
927 2834 1001 2893 baec
1023 2836 1121 2894 anima
1143 2834 1242 2893 circuli
1265 2835 1379 2893 zodiaci
1402 2850 1454 2894 seu
1476 2835 1571 2911 potius
1595 2835 1659 2910 ejus
1692 2834 1783 2893 cenni
1813 2838 1904 2907 gestat

556 2917 661 2991 ideam,
685 2923 866 2997 persentiscit
888 2923 995 2999 otiam,
1018 2922 1068 2997 qni
1092 2921 1210 2999 planata
1233 2925 1338 2997 quovis
1361 2929 1491 2997 tempore
1514 2918 1569 2980 sub
1593 2938 1652 2999 qno
1675 2920 1790 2979 zodiaci
1814 2916 1902 2995 gradu

556 3015 686 3065 versetur
708 3009 890 3085 angulosque
912 3009 1121 3081 radiationam,
1138 3012 1313 3068 cubantium
1335 3012 1364 3066 in
1387 3008 1489 3087 Terra,
1510 3011 1641 3084 metitur;
1666 3015 1814 3085 quatenus
1839 3020 1903 3065 vero

471 3166 474 3175 Ι
556 3111 591 3152 ex
613 3094 740 3155 Divinae
770 3098 914 3157 essentiae
943 3095 1128 3155 irradiatione
1158 3099 1285 3157 rationes
1316 3094 1415 3155 ci'rcnli
1443 3098 1635 3172 geometricas
1665 3104 1694 3155 et
1717 3090 1786 3177 (per
1808 3092 1904 3153 circuti

555 3184 801 3258 comparationem
825 3201 890 3243 cum
913 3186 1000 3255 certis
1022 3186 1083 3242 suis
1105 3179 1252 3266 partibus)
1272 3184 1440 3243 harmonias
1462 3184 1666 3260 archetypales
1687 3182 1828 3258 suscepit,
1851 3196 1905 3238 non

452 3337 454 3341 ¹
555 3286 626 3344 pure
648 3270 768 3345 quidem
789 3274 997 3349 geometricas,
1028 3270 1080 3330 ssd
1111 3271 1305 3331 radiationum
1336 3262 1499 3330 lucidarum
1522 3272 1613 3330 veluti
1635 3287 1755 3329 saccaro
1780 3267 1904 3344 quodam

554 3354 706 3426 indoctas,
730 3362 788 3417 imo
811 3362 928 3434 penitus
950 3359 1094 3432 imbutas,
1126 3374 1277 3417 mensuras
1300 3361 1388 3418 etiam
1412 3358 1585 3434 angulorum
1604 3359 1665 3434 jam
1689 3360 1823 3432 agnitas,
1856 3354 1904 3413 bas

557 3457 700 3519 congruas
722 3463 779 3505 seu·
797 3445 995 3519 harmonicas,
1027 3444 1093 3504 illas
1120 3448 1293 3522 incongruas
1318 3445 1447 3521 judicat;
1475 3454 1619 3521 quatenus
1649 3444 1776 3520 deniqne
1806 3441 1904 3503 adem

556 3531 655 3590 anima
677 3532 829 3609 complura
851 3540 896 3593 est
918 3533 1000 3591 ideas
1021 3550 1141 3592 suorum
1169 3551 1288 3609 operum
1320 3538 1456 3609 (quorum
1487 3532 1715 3608 uniuscujusque
1745 3548 1838 3591 causa
1858 3527 1905 3587 illa

556 3623 601 3675 est
624 3618 715 3678 veluti
737 3620 862 3680 circulus
885 3620 1005 3696 quidam
1028 3619 1222 3699 operativae),
1246 3623 1274 3678 in
1299 3620 1350 3679 illa
1372 3622 1461 3680 etiam
1483 3636 1539 3679 aaa
1561 3638 1651 3698 opera
1674 3636 1789 3695 semper
1811 3619 1904 3683 fertur,

555 3706 698 3780 insignius
721 3715 819 3767 umen
842 3716 921 3781 tuno,
944 3710 970 3767 si
992 3715 1050 3767 tres
1073 3708 1104 3765 bi
1120 3708 1217 3767 circuli
1240 3710 1435 3768 concurrerint
1457 3715 1486 3767 et
1502 3709 1733 3785 conspiraverint
1755 3708 1785 3763 in
1808 3721 1904 3775 anum,

554 3790 612 3851 hoc
634 3802 679 3855 est
700 3796 727 3852 si
748 3797 855 3869 anima,
879 3812 930 3873 per
944 3803 1080 3871 aspectus
1103 3798 1150 3854 sui
1173 3796 1264 3873 ipsios
1280 3794 1438 3865 admonita,
1462 3796 1541 3871 uperi
1566 3810 1620 3853 suo
1643 3812 1709 3853 cnm
1731 3793 1833 3869 aliquo
1855 3808 1905 3850 ex·

557 3896 642 3939 cessa
665 3882 811 3944 institerit.
855 3882 1013 3959 Nunquam
1036 3883 1155 3958 quidem
1178 3884 1229 3942 illa
1251 3891 1348 3947 cassat
1370 3903 1388 3942 a
1411 3882 1581 3959 coquendo,
1605 3898 1657 3941 nec
1681 3898 1813 3957 unquam
1836 3880 1904 3937 baec

557 3975 676 4026 coctura
697 3977 742 4028 est
763 3972 826 4030 sine
848 3970 928 4029 inmo
951 3978 980 4031 et
996 3987 1115 4046 vapore,
1139 3972 1208 4047 quin
1224 3988 1259 4030 ex
1282 3971 1362 4029 lamo
1377 3965 1489 4029 fossilis
1512 3969 1583 4027 liunt
1607 3965 1655 4049 (ut
1677 3986 1712 4029 ex
1736 3969 1824 4027 furnis
1847 3968 1905 4027 lor·

558 4070 663 4113 uacum
685 4056 897 4117 metallicarum
918 4059 1052 4117 consistit
1074 4052 1266 4139 arsenicum),
1289 4074 1325 4117 ex
1348 4073 1456 4134 vapore
1480 4074 1549 4117 vero
1566 4055 1682 4133 tepido,
1706 4058 1787 4115 intus
1810 4058 1838 4112 in
1860 4052 1905 4110 la·

555 4140 666 4218 pidosis
689 4142 796 4206 Terras
818 4146 920 4205 crustis
941 4146 1114 4221 refrigerato
1134 4148 1221 4222 inque
1244 4152 1343 4221 guttas
1366 4152 1484 4218 coacto,
1509 4144 1628 4203 flumina
1650 4143 1688 4202 ad
1710 4161 1782 4202 suas
1805 4138 1904 4201 destil-

556 4229 619 4289 lant
640 4233 775 4307 origines,
799 4250 835 4292 ex
857 4232 970 4305 eodem,
994 4234 1071 4292 toras
1093 4250 1183 4309 supra
1205 4232 1313 4295 Terras
1335 4231 1516 4308 superficiem
1541 4234 1714 4307 exspirante,
1740 4235 1792 4291 abr
1814 4230 1905 4305 spira·

555 4316 633 4391 bilis,
657 4323 707 4394 qui
731 4328 918 4397 pernoctem
940 4322 1071 4380 inroras
1093 4322 1192 4380 coiens
1215 4318 1374 4393 deciderat,
1397 4318 1529 4395 quotidie
1551 4330 1718 4379 renovatur.
1749 4318 1817 4378 Hoc
1837 4330 1904 4374 vero

555 4408 669 4465 animae
693 4406 799 4467 Terrae
822 4424 896 4485 opus
920 4410 974 4467 etsi
996 4416 1169 4485 perpetuum
1193 4416 1252 4480 est,
1276 4423 1349 4484 opus
1373 4414 1469 4465 tamen
1493 4407 1547 4465 luit
1569 4407 1738 4465 excessibus
1762 4404 1905 4481 aliquibus

555 4493 586 4551 in
609 4494 807 4570 evaporando,
829 4512 888 4555 noa
904 4496 1052 4553 conducis
1074 4502 1137 4553 toto
1153 4493 1253 4570 aliquo
1277 4502 1415 4571 tempore,
1439 4494 1491 4553 sed
1513 4493 1552 4552 sd
1575 4500 1669 4553 certos
1687 4492 1750 4553 dies
1774 4491 1905 4561 redactis,

555 4588 587 4638 nt
609 4598 646 4641 ex
668 4585 754 4658 copia
775 4599 918 4658 vapomm
940 4585 1017 4641 foras
1038 4584 1163 4643 emissae
1190 4581 1309 4660 pluviae
1335 4582 1536 4658 tempestivae,
1559 4581 1672 4641 solibus
1695 4588 1795 4643 tamen
1817 4582 1905 4635 inter·

555 4670 752 4745 canentibus,
781 4670 1051 4748 suppeditarentur,
1085 4670 1250 4746 superficiei
1273 4664 1379 4728 Terrae
1406 4667 1613 4729 refocillandae
1636 4666 1904 4739 bamectsndaeque

554 4769 657 4828 caasa*
677 4757 754 4817 unda
775 4758 874 4835 fruges
897 4766 926 4817 et
948 4757 1059 4833 pabala
1082 4758 1280 4817 animantibus
1302 4773 1483 4817 succrescere
1506 4763 1636 4832 possent.

641 4841 777 4918 Objicera
799 4848 866 4921 quis
887 4844 959 4908 mibi
982 4854 1082 4923 posset
1105 4844 1221 4905 Africae
1244 4852 1273 4903 et
1295 4843 1447 4903 Peruaaae
1470 4844 1662 4921 penitissima,
1684 4841 1782 4900 lineae
1804 4838 1904 4914 aequi·

553 4929 674 4988 noctiali
695 4931 838 5007 subjecta,
862 4934 970 5008 quibus
991 4932 1066 4993 loeis
1081 4935 1237 4992 continuae
1259 4931 1452 5009 pluvias‘per
1472 4939 1564 4991 totam
1587 4934 1729 4991 aestatem
1751 4924 1904 4995 decidunt;

553 5014 604 5074 ubl
627 5018 716 5094 igitur
737 5018 786 5079 hic
807 5018 956 5079 distinctio
983 5026 1157 5097 aspectuum
1171 5038 1206 5079 «ο
1228 5018 1504 5094 configurationibus
1532 5015 1754 5078 inefficacibus?
1786 5015 1835 5073 ubi
1859 5012 1904 5069 ri-

554 5102 740 5167 sissitadincs
766 5105 875 5167 solima
896 5114 928 5169 et
948 5105 1110 5167 imbriam?
1139 5113 1170 5168 et
1199 5122 1238 5165 an
1266 5122 1325 5167 non
1353 5122 1454 5167 cursus
1487 5106 1583 5182 Solis,
1611 5105 1751 5183 planatae
1772 5100 1902 5175 abunt
