4467 6192
522 670 582 731 186
999 714 1003 727 .
1049 671 1090 725 De
1107 670 1331 741 Propontionibus

519 845 558 905 ad
580 845 698 907 ciendos
720 849 839 908 allectus
861 851 1021 909 imitatione
1043 865 1195 921 sonorum,
1230 867 1304 925 quos
1333 850 1424 910 edunt
1449 850 1588 911 animalia
1618 851 1655 911 ad
1678 850 1856 912 testificanda

519 952 573 992 sua
596 933 753 1009 desideria,
776 937 843 996 hinc
865 945 953 1013 patet,
976 939 1087 995 variam
1104 946 1134 995 et
1148 936 1336 1014 multiplicem
1351 956 1415 998 esse
1430 938 1504 999 hanc
1521 939 1749 1017 disputationem
1769 939 1857 998 adeo-

521 1040 577 1097 que
600 1023 728 1082 infinitae
750 1025 887 1098 similem;
909 1042 984 1099 quae
1008 1042 1072 1082 cum
1095 1042 1176 1083 meos
1191 1024 1314 1083 lacertos
1336 1035 1460 1103 superet,
1487 1030 1593 1086 rectius
1617 1032 1857 1087 transmitteretur

521 1111 657 1169 universa
678 1114 829 1188 empiricis,
852 1112 907 1171 hoe
929 1120 973 1171 est
994 1114 1112 1170 musicis
1135 1114 1282 1187 practicis,
1306 1115 1414 1191 quippe
1437 1116 1570 1190 quisine
1593 1116 1857 1191 praeceptionibus,

520 1197 584 1258 solo
605 1204 726 1258 naturae
749 1197 837 1258 ductu
859 1199 1072 1259 admirabilium
1094 1198 1283 1276 melodiarum
1308 1200 1430 1260 subinde
1453 1209 1586 1261 auctores
1610 1204 1753 1274 existunt,
1784 1201 1859 1277 quod

520 1286 591 1360 ipsis
614 1283 700 1360 longe
722 1294 766 1345 est
787 1286 908 1359 facilius,
932 1304 1020 1363 quam
1041 1297 1082 1359 ut,
1105 1285 1174 1361 quid
1197 1289 1235 1345 sit
1257 1295 1358 1346 cautus
1382 1297 1410 1349 et
1432 1292 1461 1346 ia
1478 1306 1536 1365 quo
1552 1292 1693 1349 consistat
1716 1299 1770 1349 aut
1787 1307 1860 1365 quo·

520 1371 607 1430 modo
630 1373 723 1432 lactus
746 1376 797 1447 sit,
821 1377 951 1433 oratione
975 1374 1063 1449 longa
1083 1382 1112 1431 et
1136 1373 1243 1433 diserta
1266 1374 1446 1451 eloquantur.
1492 1375 1565 1435 Cum
1588 1378 1680 1451 enim,
1712 1386 1744 1435 ut
1770 1379 1862 1435 oratio

523 1475 619 1535 prosa,
644 1462 776 1546 carmine,
800 1464 843 1520 sic
865 1480 952 1521 voces
976 1469 1004 1520 et
1026 1453 1126 1534 gestus
1149 1463 1328 1521 animantum
1352 1472 1439 1521 cantu
1455 1472 1704 1542 repraesententur
1727 1470 1756 1524 et
1775 1465 1865 1523 veluti

525 1546 729 1622 depingantur,
763 1558 840 1608 certa
862 1558 894 1607 ut
916 1551 1047 1625 po’e'tice,
1081 1550 1123 1606 sic
1145 1549 1232 1607 etiam
1255 1552 1366 1608 musica
1395 1560 1497 1609 cantus
1520 1551 1710 1629 componendi
1740 1552 1866 1610 facultas

523 1651 579 1691 usu
601 1645 630 1693 et
652 1638 857 1695 exercitatione
880 1637 953 1709 sola,
977 1638 999 1695 si
1024 1638 1109 1694 inerit
1131 1639 1278 1711 ingenium
1301 1640 1388 1697 etiam
1411 1646 1515 1697 natura
1538 1639 1646 1698 laetum
1669 1638 1801 1711 adhoc,
1825 1646 1867 1698 est

522 1719 707 1781 addiscenda.

607 1808 684 1884 Quia
706 1821 801 1869 tamen
825 1828 892 1887 pars
915 1818 959 1869 est
979 1810 1251 1869 honestissimarum
1266 1812 1353 1869 animi
1374 1814 1591 1885 recreationem,
1616 1812 1754 1889 indagare
1771 1828 1868 1871 rerum

521 1915 633 1967 caussa
656 1906 707 1957 aut
728 1897 765 1956 ab
789 1896 855 1956 aliis
876 1907 1005 1975 repertas
1028 1900 1188 1956 comminus
1211 1901 1325 1968 intueri,
1350 1898 1424 1957 adeo
1440 1899 1566 1974 quidem,
1590 1907 1622 1958 ut
1644 1902 1732 1958 stiam
1750 1900 1869 1958 Aristo-

520 1986 593 2045 teles
623 1983 835 2063 problematum
863 2002 980 2044 suorum
1011 1994 1123 2061 partem
1153 2002 1210 2043 nou
1241 1988 1389 2044 minimam
1426 1987 1718 2065 contemplationibus
1753 1988 1869 2045 dederit

520 2073 710 2143 harmonicis,
734 2072 897 2131 conandum
921 2076 1007 2132 etiam
1030 2073 1077 2131 bic
1100 2081 1145 2130 est
1166 2073 1277 2147 aliquid
1307 2074 1527 2150 pmiarendique
1550 2073 1754 2153 philosophiae
1786 2075 1870 2139 lines.

521 2172 550 2219 et
571 2158 702 2219 methodi
721 2159 835 2235 legibus
858 2160 995 2218 adhibitis
1019 2158 1178 2219 coercenda
1200 2152 1250 2218 illa
1273 2162 1480 2237 disputationis
1503 2161 1629 2220 infinitas
1651 2161 1749 2238 adque
1775 2180 1871 2235 gons-

520 2247 594 2305 ralia
615 2250 711 2323 capita
733 2246 907 2315 revocanda,
930 2257 962 2305 ut
985 2266 1035 2325 per
1057 2247 1217 2323 singularia
1239 2248 1424 2324 postmodum
1447 2247 1482 2307 de
1505 2248 1649 2307 similibus
1672 2249 1751 2309 idem
1774 2253 1871 2327 possit
1962 2276 1963 2293 κ

523 2352 586 2393 esse
606 2333 758 2409 judicium.
1521 2354 1527 2371 ι

614 2420 638 2479 Ι.
662 2421 771 2480 Cantus
792 2422 884 2497 ipsius
912 2422 1124 2497 affectuumque
1155 2424 1204 2497 qui
1228 2428 1329 2480 cantus
1353 2422 1465 2497 species
1496 2432 1665 2499 sequuntur,
1695 2424 1870 2500 proportio·

522 2509 602 2568 nalia
624 2515 692 2568 sunt
714 2508 875 2587 elementa,
898 2510 1017 2568 totidem
1039 2509 1098 2568 iere
1121 2522 1240 2568 numero
1264 2511 1408 2583 utrinque.
1454 2509 1528 2567 Nam
1554 2511 1641 2568 etiam
1673 2526 1762 2569 voces
1788 2515 1872 2588 ipsae

523 2599 649 2674 partiam
664 2603 776 2670 cantus,
800 2593 900 2674 ἀγωγη,
923 2620 999 2673 torp,
1022 2618 1147 2664 uersata,
1164 2599 1263 2673 πλοκη,
1288 2594 1326 2668 ad
1342 2596 1461 2655 allectus
1476 2594 1609 2655 alludunt
1628 2606 1730 2655 certos.
1769 2596 1873 2657 Prima

524 2684 704 2762 simplicitati
726 2686 825 2749 servit,
848 2682 950 2742 ultima
973 2684 1122 2757 luxuriae3
1146 2683 1196 2741 illa
1219 2686 1329 2758 corpori
1346 2683 1448 2741 similis
1464 2695 1519 2763 est,
1542 2685 1614 2743 haee
1630 2684 1797 2759 coloribus;
1823 2693 1873 2745 to-

522 2785 582 2830 nes‘
597 2770 760 2847 aequalitas
783 2774 974 2830 attentionem
995 2780 1107 2843 movet,
1132 2774 1223 2847 pettia
1245 2788 1296 2829 seu
1320 2770 1449 2829 lusitatio
1471 2770 1509 2829 ad
1525 2770 1751 2830 delectationem
1775 2782 1807 2830 et
1823 2791 1874 2831 re·

522 2860 697 2917 creationem
722 2865 765 2916 cst
788 2866 964 2935 comparata.
1008 2857 1091 2916 Haec
1113 2866 1182 2915 sunt
1204 2858 1350 2933 generalia
1372 2875 1423 2933 per
1445 2875 1545 2917 omues
1568 2858 1669 2917 modos
1693 2860 1836 2916 musicos.

609 2945 648 3005 Il.
674 2947 718 3004 lle
740 2962 835 3020 agoge
857 2945 913 3005 hoe
935 2944 1082 3023 peculiare
1102 2955 1202 3004 monet
1225 2944 1384 3011 Galilaeus,
1410 2944 1482 3003 duas
1504 2945 1568 3021 ejus
1591 2962 1655 3004 esse
1677 2943 1872 3018 differentias,

523 3051 610 3092 unam
633 3052 755 3105 sursum,
779 3033 900 3094 alteram
924 3032 1067 3110 deorsum,
1090 3049 1212 3107 quarum
1235 3032 1285 3091 illa
1307 3032 1436 3091 lactitiae
1459 3036 1581 3105 serviat,
1605 3032 1677 3091 haec
1699 3035 1873 3096 moestitiae

524 3129 554 3181 et
579 3121 671 3179 fletui.
716 3122 814 3180 Causa
844 3128 889 3179 est
919 3118 1074 3192 naturalis,
1111 3122 1184 3178 inira
1216 3122 1291 3177 enim
1319 3137 1377 3177 vox
1409 3122 1506 3195 gravis
1538 3128 1617 3177 motu
1647 3120 1730 3178 tardo
1764 3120 1874 3191 editur,

527 3226 615 3285 supra
636 3226 695 3267 vox
717 3218 804 3268 acuta
827 3215 906 3266 motu
929 3211 1092 3282 concitato;
1122 3224 1188 3267 cum
1217 3224 1285 3283 ergo
1308 3223 1366 3265 vox
1395 3206 1556 3279 descendit,
1586 3208 1678 3282 qrrieti
1706 3210 1876 3285 appropin-

522 3305 603 3372 quat,
627 3312 693 3355 cum
714 3295 853 3364 ascendit,
877 3297 905 3351 iu
928 3303 1009 3353 motu
1032 3294 1158 3371 prolicit,
1182 3303 1334 3371 propterea
1359 3296 1386 3351 in
1408 3293 1517 3353 chorali
1533 3302 1618 3351 cantu
1643 3294 1819 3371 plerumque
1842 3298 1872 3353 in

523 3385 581 3441 imo
606 3382 778 3456 desinimus,
801 3382 860 3441 illic
884 3383 971 3456 igitur
994 3398 1051 3441 vox
1074 3381 1243 3457 languescit,
1268 3382 1315 3440 bic
1339 3384 1427 3456 viget.
1474 3384 1564 3457 Atqui
1580 3384 1667 3441 etiem
1689 3382 1718 3437 in
1735 3399 1874 3442 moerore

525 3468 645 3544 languet
665 3488 746 3529 mens
768 3486 927 3544 omnesque
949 3470 1121 3540 functiones,
1146 3471 1174 3526 in
1197 3469 1344 3529 hilaritate
1370 3471 1441 3526 vivit
1463 3477 1494 3527 et
1515 3476 1636 3527 actuosa
1658 3476 1711 3527 est„

613 3557 667 3615 111.
692 3558 744 3615 Est
765 3560 854 3616 etiam
875 3555 968 3614 saltus
991 3558 1035 3614 vis
1058 3573 1178 3631 magua,
1203 3558 1252 3631 qui
1276 3563 1320 3615 est
1342 3555 1433 3615 veluti
1456 3555 1621 3633 potentialis
1644 3572 1753 3632 agoge;
1782 3558 1880 3616 habet

526 3645 603 3702 enim
625 3646 827 3715 temeritatem,
849 3651 969 3713 motum,
994 3643 1155 3716 audaciam,
1180 3653 1224 3701 est
1246 3644 1388 3714 militaris,
1413 3644 1512 3731 virilis,
1536 3642 1697 3719 impudens,
1723 3647 1747 3702 si
1771 3646 1878 3703 creber

525 3734 571 3801 sit,
595 3733 764 3807 praesertim
787 3749 837 3809 per
860 3731 1005 3807 diapente,
1029 3731 1112 3804 cujus
1136 3730 1236 3805 ligura,
1260 3734 1400 3806 trigonus,
1423 3732 1517 3789 acutis
1539 3738 1654 3789 constat
1673 3730 1799 3807 angulis,
1825 3740 1877 3791 to-

526 3828 646 3893 tumque
675 3816 813 3877 circulum
840 3820 932 3877 tribus
963 3817 1046 3875 lineis
1074 3819 1209 3876 absumit
1262 3817 1370 3876 Contra
1400 3817 1493 3876 saltus
1523 3835 1573 3893 per
1601 3827 1713 3875 sextam
1752 3818 1876 3879 mollem

525 3908 628 3964 unicus
658 3905 832 3977 ascendens,
869 3914 1008 3981 sequente
1039 3923 1133 3981 agoge
1163 3905 1296 3965 deorsum
1325 3904 1555 3982 magnitudinem
1585 3903 1692 3963 doloris
1727 3908 1877 3982 exprimit,

525 4002 611 4071 aptus
634 3993 807 4069 ejulatibus,
831 3994 869 4051 ob
891 3991 1109 4051 similitudinem
1139 3995 1233 4067 vocis,
1262 4004 1295 4050 nt
1321 3995 1366 4049 in:
1399 3990 1438 4049 In
1460 4010 1507 4050 me
1529 3995 1714 4050 transierunt
1738 3990 1875 4053 Orlaudi.

610 4080 663 4139 1v.
686 4079 811 4138 Multam
834 4083 921 4138 etiam
944 4083 1070 4151 interest,
1094 4089 1232 4157 quantam
1256 4079 1439 4139 altitudinem
1462 4081 1490 4136 in
1514 4086 1635 4139 octavae
1649 4088 1809 4156 systemate
1835 4082 1876 4141 ab

525 4169 584 4226 ima
605 4167 703 4229 radice
726 4177 827 4226 cautus
850 4169 1002 4244 potissima
1026 4185 1091 4243 pars
1114 4174 1244 4245 occupet.
1290 4168 1363 4225 Nam
1394 4168 1418 4223 si
1442 4174 1534 4227 totam
1557 4175 1690 4225 octavam
1721 4176 1876 4244 percurrat

524 4263 578 4315 aut
598 4254 730 4327 excedat,
754 4257 902 4314 animosus
925 4264 1027 4312 cautus
1050 4262 1110 4325 est,
1134 4257 1178 4311 sin
1202 4254 1382 4313 diatessaron
1406 4253 1518 4326 solum,
1542 4253 1691 4312 modestus
1713 4264 1743 4311 et
1762 4254 1877 4327 jucun-

526 4342 597 4418 dus3
621 4343 757 4419 diapente
780 4341 1009 4400 mediocritatem
1030 4342 1133 4413 habct3
1162 4344 1247 4399 tertia
1271 4341 1366 4399 mollis
1390 4340 1594 4401 demissionem
1622 4348 1652 4400 et
1672 4341 1875 4418 pusillanimi-

526 4438 624 4489 tatem.
670 4430 735 4488 Hoc
757 4429 876 4505 quidam
896 4428 1026 4486 tribuunt
1048 4428 1198 4486 descensui
1222 4429 1294 4485 inira
1316 4428 1443 4487 radicem
1464 4444 1515 4505 per
1537 4428 1733 4501 diatessaron,
1765 4427 1877 4503 hujus-

526 4534 584 4593 que
606 4518 715 4577 lormae
737 4524 821 4576 tonos
843 4514 992 4594 appellant
1014 4514 1127 4592 plegios
1151 4524 1202 4573 seu
1225 4516 1356 4591 plagales
1379 4532 1495 4574 suorum
1518 4515 1731 4581 authentorum.

615 4605 651 4662 V.
675 4606 754 4665 Inter
776 4602 925 4679 generalis
947 4604 1091 4662 elementa
1112 4602 1261 4661 reserenda
1289 4611 1332 4661 est
1351 4604 1540 4683 potissimum
1568 4604 1658 4661 etiam
1679 4601 1813 4662 celeritas
1845 4610 1876 4662 et

526 4691 647 4749 tarditas
669 4692 796 4769 rhythmi
817 4709 871 4751 ssu
893 4698 1002 4755 tactus,
1026 4708 1150 4766 quarum
1173 4689 1222 4748 illa
1244 4692 1319 4768 irae,
1347 4693 1452 4763 motui,
1483 4690 1602 4767 pugnis,
1637 4688 1775 4749 hilaritati
1801 4698 1876 4768 apta

526 4786 580 4851 est,
602 4778 676 4837 haec
696 4780 905 4851 allectionibus,
929 4779 1035 4854 quibus
1058 4796 1108 4856 per
1130 4779 1256 4855 quietem
1279 4778 1406 4850 fruimur,
1428 4778 1560 4847 moerori,
1588 4779 1688 4849 amori,
1713 4775 1873 4851 desiderio,

528 4867 673 4945 voluptati
696 4884 731 4923 ex
754 4866 903 4943 potiundo.
1506 4895 1508 4903 ·

614 4952 666 5010 VI.
690 4952 774 5011 ridde
797 4952 982 5025 atmodum,
1015 4953 1071 5012 boc
1099 4959 1144 5011 est
1167 4952 1330 5030 rhythmum
1353 4954 1466 5031 ipsum3
1495 4952 1554 5011 alia
1581 4954 1657 5011 enim
1688 4950 1766 5027 tripli
1788 4949 1874 5027 dieti,

527 5042 586 5102 alia
608 5040 688 5118 dupli
711 5046 754 5099 est
777 5043 836 5113 vis,
858 5059 945 5117 quam
967 5042 1040 5101 iorte
1062 5041 1183 5101 maltam
1206 5040 1294 5099 trahit
1316 5058 1350 5099 ex
1374 5040 1535 5099 imitatione
1558 5038 1729 5099 saltantium
1744 5039 1874 5098 chorsa-

528 5145 607 5205 mm,
631 5143 708 5205 quae
730 5135 862 5187 motuum
883 5130 913 5185 in
935 5130 972 5187 iia
993 5127 1137 5187 alternata
1160 5130 1285 5187 sanetas
1308 5144 1373 5185 eum
1396 5126 1530 5185 omnibus
1558 5134 1628 5186 nota
1650 5129 1703 5200 sit,
1734 5126 1875 5187 admonet
