4467 6192
551 628 613 691 ιω
857 636 861 641 ·
1017 598 1184 688 Appendicis
1201 618 1426 677 Harmonicornm

548 816 681 863 ooasom
701 818 720 859 a
743 799 891 864 consinsit
914 796 1048 865 dissonis.
1092 790 1159 859 Non
1181 799 1325 874 signitur,
1353 798 1496 874 Roboris,
1527 800 1702 867 mocianum
1723 819 1811 869 unum
1832 802 1887 861 dis

548 904 654 951 sonum
676 906 696 946 a
718 886 832 956 dnobus
855 888 1009 965 consonis,
1040 894 1072 953 ιιι
1099 901 1172 961 puer
1200 903 1321 948 amare
1352 896 1382 946 et
1408 888 1531 961 lemine,
1545 934 1551 942 ,
1565 887 1694 955 mamaea
1715 893 1826 966 speeiea
1854 890 1887 949 ab

549 975 695 1042 humanae
718 976 824 1051 speciei
848 976 1034 1051 parentibus,
1066 972 1120 1036 sed
1144 981 1189 1031 est
1215 972 1288 1034 haee
1309 977 1445 1051 penitam
1471 975 1544 1037 nihil
1567 977 1664 1050 aliud,
1696 995 1785 1057 quem
1807 980 1889 1038 sectio

550 1063 727 1138 geometrica
745 1064 871 1125 consoni
889 1061 1010 1137 majoris
1032 1078 1084 1136 per
1107 1059 1293 1136 ephermosin
1309 1062 1430 1123 consoni
1447 1065 1577 1123 minoris.
1623 1064 1814 1140 prarmosia
1828 1082 1888 1125 sero

549 1150 582 1215 ιιι
605 1152 634 1207 in
658 1151 907 1227 proportionibus,
930 1150 1090 1209 constituto
1107 1144 1206 1208 ,altero
1230 1151 1353 1210 termino
1376 1152 1511 1226 utrinque
1534 1150 1654 1229 eodem,
1682 1156 1819 1231 utrinqne
1838 1155 1891 1211 sei-

548 1237 618 1301 licet
637 1237 748 1313 majore
774 1237 821 1298 vel
845 1239 978 1311 utrinque
1001 1236 1122 1295 minore.
1164 1234 1245 1295 Nihil
1270 1244 1368 1297 autem
1390 1240 1460 1298 novi
1483 1247 1528 1297 est
1549 1242 1578 1296 in
1600 1243 1779 1314 geometria,
1813 1241 1891 1299 sectis

545 1324 681 1402 figuratis
703 1343 753 1401 per
775 1324 1001 1402 applicationem
1023 1313 1140 1399 figurati
1162 1326 1276 1398 generis
1298 1324 1420 1400 alterins
1449 1326 1557 1385 lemma
1578 1329 1718 1387 constitui
1739 1343 1801 1389 uon
1824 1324 1891 1401 figu-

548 1424 657 1485 ratum,
689 1410 741 1471 sed
769 1410 933 1473 nobilitatis
964 1410 1085 1471 vilioris.
1131 1410 1181 1469 Sic
1209 1408 1287 1469 latus
1309 1411 1462 1487 sexanguli
1492 1423 1537 1473 est
1566 1413 1683 1473 effabile
1705 1414 1891 1490 longitudine,

548 1499 625 1559 latas
649 1500 784 1577 trianguli
808 1498 924 1565 effabile
946 1499 1090 1574 potentia,
1124 1506 1153 1559 et
1174 1505 1270 1560 tamen
1294 1501 1319 1558 si
1341 1500 1456 1559 auferas
1483 1501 1563 1559 latus
1586 1501 1741 1576 sennguli
1764 1520 1784 1561 a
1808 1501 1892 1560 latere

522 1623 525 1631 =
548 1586 698 1663 trianguli,
726 1586 898 1673 relinquitur
919 1585 1068 1649 ineffabile
1091 1586 1256 1660 quippiam,
1287 1585 1366 1661 quod
1388 1594 1545 1663 apotomen
1567 1587 1728 1665 appellant
1773 1589 1818 1651 Et
1839 1588 1891 1647 diri

548 1677 576 1737 in
592 1674 794 1745 Harmoniois,
816 1676 1018 1751 proportiones
1042 1672 1226 1743 harmonicas
1249 1673 1287 1733 ab
1310 1673 1480 1749 hujusmodi
1501 1675 1725 1751 figurationibus
1747 1675 1814 1735 lieri
1833 1673 1893 1735 bar·

548 1766 694 1836 matrices,
718 1779 775 1821 nou
798 1780 817 1825 a
840 1764 1002 1838 auaudleie
1025 1760 1121 1828 nuda,
1144 1770 1176 1817 ut
1199 1776 1276 1835 quae
1298 1764 1438 1826 materiae
1461 1763 1541 1824 rudis
1563 1763 1660 1827 ideam
1684 1780 1756 1841 prae
1778 1782 1816 1824 se
1839 1767 1892 1823 lest

634 1850 768 1926 Derriqbe
792 1854 870 1909 totus
893 1851 922 1907 in
945 1848 1197 1924 perticanam,
1221 1846 1290 1907 dum
1312 1848 1482 1910 harmonica
1512 1849 1671 1927 disceptas,
1703 1870 1725 1910 o
1747 1852 1894 1911 andans

548 1940 728 2009 maturitas,
758 1937 796 1997 ab
819 1937 1044 2013 imperfectione
1062 1936 1219 2011 perfactio,
1242 1935 1355 1996 scilieet
1376 1936 1434 1995 boc
1457 1940 1519 2011 vis,
1546 1956 1567 1995 a
1588 1941 1739 1998 concinnis
1762 1938 1805 1999 ad
1828 1956 1893 1999 oon·

545 2042 621 2085 sona
646 2028 723 2087 viam
745 2024 840 2086 moliri
861 2030 1006 2088 naturam.
1051 2022 1148 2081 Velim
1164 2025 1253 2095 sciro,
1287 2039 1345 2098 qua
1367 2025 1397 2081 in
1419 2026 1534 2095 loreace
1554 2024 1609 2084 fiat
1631 2029 1688 2098 ista
1710 2030 1849 2087 excoctio
1869 2038 1893 2084 et

548 2129 606 2189 quo
630 2110 717 2188 ignei
761 2110 889 2189 Physica
912 2111 998 2189 liunt,
1022 2109 1231 2172 mathematica
1252 2118 1328 2176 sunt
1375 2108 1476 2172 Omnis
1490 2115 1646 2187 maturitas
1665 2117 1822 2190 praeviam
1844 2114 1894 2173 lra-

544 2200 598 2261 ,bet
619 2200 782 2260 necessario
806 2198 987 2269 cruditatem,
1011 2204 1042 2263 at
1064 2198 1257 2259 consonantia
1279 2198 1429 2272 quaelibet
1450 2202 1568 2278 propter
1587 2218 1619 2258 ec
1634 2203 1730 2278 ipsam
1755 2210 1803 2264 est
1826 2219 1892 2263 eoo·

545 2289 694 2359 sonantia,
727 2302 785 2347 uon
806 2294 930 2363 ,propter
960 2284 1049 2347 ubam
1076 2300 1177 2348 secum
1207 2292 1413 2360 comparatam.
1458 2286 1564 2363 ltaque
1593 2291 1789 2350 consonantia
1812 2291 1893 2348 nain

546 2392 604 2435 nou
626 2375 789 2439 necessario
812 2374 1023 2451 praesupponit
1045 2375 1218 2434 concinnum
1242 2370 1408 2448 dissonum
1430 2391 1584 2449 possemus
1600 2379 1678 2436 enim
1701 2392 1809 2435 cauere
1832 2396 1893 2453 per·

548 2472 645 2540 petuo,
668 2468 712 2536 ιιι,
735 2462 788 2536 sol,
812 2469 847 2521 ut
866 2461 921 2535 rol,
943 2476 997 2524 uec
1019 2452 1094 2536 opus
1111 2467 1195 2522 essot
1216 2458 1377 2534 intervallis
1400 2462 1592 2535 intermediis,
1623 2470 1674 2536 ut,
1697 2482 1745 2537 re,
1768 2467 1830 2538 mi,
1850 2466 1892 2541 fo,

543 2550 603 2627 sol,
627 2551 652 2609 si
673 2565 731 2607 non
753 2557 867 2625 praeter
888 2555 937 2622 ιιι,
968 2546 1011 2609 ool
1033 2556 1138 2607 natura
1159 2545 1276 2607 doceret
1299 2549 1389 2608 etiam
1410 2555 1460 2622 rot,
1490 2550 1527 2626 sa
1549 2556 1578 2607 et
1600 2558 1650 2625 ιιι,
1677 2554 1742 2623 mi,
1768 2550 1891 2627 denique

547 2638 571 2695 si
594 2653 651 2695 non
675 2635 862 2695 intervallum
883 2643 933 2710 ert,
955 2638 990 2713 fa
1014 2642 1090 2693 esset
1112 2632 1237 2709 aequale
1260 2632 1414 2694 intervallo
1437 2653 1485 2709 re,
1507 2636 1572 2697 sol..

631 2724 722 2783 Por-ro
746 2724 864 2787 notabis
887 2724 943 2784 boc
965 2722 1046 2793 mibi,
1069 2720 1211 2793 lieberto,
1242 2722 1346 2781 iterum
1369 2729 1415 2796 te,
1448 2722 1516 2783 dum
1545 2740 1646 2785 omnes
1675 2725 1808 2786 rationes
1830 2743 1893 2802 pro·

544 2810 616 2884 lere,
649 2819 680 2871 ut
702 2820 788 2871 tonos
820 2820 850 2873 et
881 2810 1036 2870 semitonia
1055 2810 1157 2885 priora
1178 2816 1284 2874 natura
1305 2808 1395 2871 iacias
1419 2813 1633 2884 consonantiis,
1659 2813 1777 2871 interim
1799 2813 1891 2871 firma-

542 2905 672 2960 mentum
696 2898 753 2959 boa
774 2901 917 2959 intactum
939 2896 1102 2973 reliquisse,
1125 2896 1431 2957 incommensurabilis
1453 2915 1517 2957 esse
1538 2898 1614 2959 baec
1634 2896 1694 2958 illis
1720 2907 1753 2959 et
1775 2910 1892 2977 utraque

547 2987 602 3049 sibi
627 2987 713 3063 ipsis,
737 2987 838 3062 itaque
861 2984 922 3045 fieri
945 3002 1004 3045 non
1027 3000 1133 3059 poseo,
1156 2991 1189 3041 ut
1210 2983 1249 3043 ab
1271 2983 1375 3043 borum
1397 2986 1516 3046 minimo
1539 2995 1746 3064 comparentur
1768 2988 1891 3065 reliqne3

546 3090 694 3133 nonense
719 3074 807 3149 igitur
838 3090 927 3135 unum
950 3068 1102 3131 minimum
1124 3080 1230 3132 natura
1255 3073 1335 3147 prins
1358 3071 1527 3147 majoribus
1571 3072 1648 3133 Item
1675 3090 1810 3134 consona
1832 3077 1891 3133 oriri

545 3160 683 3237 afiguria
707 3160 984 3224 demonstrationem
1005 3158 1242 3232 admittentibus,
1274 3157 1428 3233 quodlibet
1449 3162 1537 3236 igitur
1558 3178 1591 3221 se
1614 3164 1677 3237 ipso
1701 3166 1845 3238 seorsim3
1864 3175 1892 3221 st

430 3312 435 3320 ,
547 3252 690 3309 correinna
712 3248 846 3322 dissona,
877 3250 904 3307 si
923 3247 1025 3324 liguris
1047 3246 1231 3323 applicemur
1252 3246 1290 3304 ad
1312 3246 1478 3322 exemplum
1499 3264 1709 3321 macenorum,
1743 3249 1891 3309 indemon-

544 3334 712 3395 strabilibus
742 3335 921 3415 applicatum
953 3336 1005 3407 iri,
1037 3340 1139 3395 tonum
1163 3331 1274 3394 scilicet
1303 3344 1458 3409 utrumque
1490 3334 1676 3411 nonangulo,
1706 3340 1889 3397 semitonium

543 3422 791 3499 qaindecanpnln,
816 3422 1062 3490 demonstratione
1086 3423 1203 3497 propria
1226 3419 1382 3497 destituto,
1407 3421 1500 3483 diesin
1523 3425 1775 3500 icosipentagono.
1823 3426 1888 3485 Cnn

548 3511 636 3585 iqltrn
656 3509 760 3571 harum
779 3510 939 3587 figurarum
970 3507 1052 3569 nulla
1074 3510 1112 3575 sit
1133 3507 1325 3575 subsistentia
1346 3509 1499 3582 mentalis,
1528 3510 1601 3569 nibil
1630 3513 1717 3587 igitur
1750 3529 1789 3571 ex
1810 3515 1888 3571 iisin

542 3605 644 3661 mente
666 3600 790 3671 orietur,
812 3600 893 3672 *qnia
915 3614 973 3657 non
997 3597 1072 3663 entis
1098 3593 1174 3655 nulli
1198 3603 1268 3659 snnt
1289 3594 1419 3656 meatus.
1463 3596 1530 3656 Non
1552 3600 1685 3657 oriuntur
1711 3600 1805 3675 igitur
1827 3618 1889 3659 con·

547 3686 633 3767 cinnp
662 3682 782 3748 dissona
804 3702 840 3744 ox
862 3684 976 3761 figuris,
1006 3689 1039 3741 ut
1061 3686 1205 3756 consona,
1233 3690 1358 3743 atvero
1387 3693 1510 3761 apparet
1540 3683 1714 3759 clarissime,
1748 3686 1801 3746 illa
1832 3704 1888 3749 eset

545 3789 682 3835 excessus
705 3771 848 3847 majorum
871 3786 1065 3831 consororum
1088 3787 1179 3846 supra
1199 3765 1333 3843 minora.¹
1367 3769 1526 3832 Conficitur
1541 3773 1638 3848 igitur,
1661 3780 1693 3831 nt
1710 3791 1803 3834 annm
1826 3793 1890 3835 con·

547 3862 663 3921 einrmm
686 3857 836 3921 dissonum
868 3862 977 3918 oriatur
1000 3875 1035 3918 ax
1059 3860 1282 3933 comparatione¹
1298 3855 1422 3918 duomm
1450 3874 1645 3921 consonornm
1670 3862 1736 3936 J'am
1759 3870 1888 3923 ortomne

544 3947 619 4007 Sunt
640 3962 709 4023 argo
732 3949 794 4007 toni
818 3952 848 4007 et
869 3947 1024 4007 semitonia
1044 3952 1150 4006 natura
1172 3946 1335 4020 posteriora
1357 3945 1564 4009 consonantiis.

629 4034 687 4094 rid
710 4033 892 4113 Analysin
915 4032 1001 4105 XLV.
1045 4031 1115 4093 Jam
1139 4032 1249 4093 dudum
1271 4031 1325 4091 abs
1348 4040 1391 4106 te,
1413 4032 1560 4107 Roberte,
1583 4036 1674 4110 petii,
1704 4038 1749 4095 uti
1771 4055 1822 4097 me
1842 4056 1890 4097 ar·

544 4128 676 4187 curatum
705 4122 816 4186 habeas
840 4120 876 4183 de
899 4123 1017 4181 crimine
1047 4121 1268 4180 obtrectationis
1296 4127 1348 4178 aut
1373 4119 1610 4186 malevolentiae.
1653 4121 1777 4183 Nullum
1802 4142 1889 4201 aeque
1965 4191 1966 4194 Ἴ

543 4210 595 4269 tibi
619 4226 713 4286 neque
737 4208 908 4273 Ptolemaeo
932 4208 1059 4270 dedecus
1083 4206 1217 4280 sbtrsdo,
1241 4205 1321 4283 quod
1343 4207 1541 4284 symbolismis
1559 4212 1674 4269 utimini
1695 4212 1771 4270 nihil
1788 4212 1890 4274 directe

545 4295 819 4357 demonstrantibus.
866 4294 942 4375 Quin
965 4299 1064 4373 potius
1086 4312 1230 4371 mosao,
1262 4303 1395 4355 naturam
1411 4299 1520 4371 ‚ipsam
1547 4315 1643 4361 rernm
1675 4315 1742 4357 sose
1774 4300 1890 4377 prodere

542 4386 714 4461 gestientem
738 4386 837 4464 primis
860 4384 918 4443 illie
942 4383 1105 4455 conatibus,
1127 4382 1169 4448 ad
1193 4399 1291 4444 sorum
1315 4382 1433 4458 quidem
1453 4383 1665 4459 alludentibus,
1691 4387 1774 4447 viam
1798 4400 1888 4446 tarum

545 4474 637 4549 ipsam
661 4473 732 4532 meri
755 4474 817 4531 veri
840 4470 968 4533 noudum
990 4472 1142 4534 assecutis.
1184 4470 1325 4537 invemat
1347 4470 1456 4529 alicubi
1470 4471 1691 4532 similitudinem
1712 4490 1796 4534 ame
1812 4488 1890 4535 usur

542 4567 642 4636 palam
666 4560 792 4619 fluminis
824 4577 890 4621 eum
914 4567 1051 4637 asperata
1078 4556 1232 4635 srtporlicie
1251 4556 1415 4631 undarum,
1447 4556 1525 4629 Solis
1553 4560 1651 4620 radios
1681 4554 1847 4624 claris‘eirae
1866 4574 1891 4621 et

542 4646 687 4711 latissimo
718 4654 811 4727 tractu
842 4649 1077 4722 repercutientis,
1100 4647 1237 4721 nuspiam
1260 4653 1357 4705 nmen
1381 4663 1481 4722 puram
1506 4646 1584 4708 Solis
1602 4650 1760 4723 imaginem
1776 4668 1891 4729 reprae-

542 4736 751 4807 sentandam
773 4733 849 4801 alias
872 4734 904 4792 lit
926 4737 955 4791 in
981 4752 1059 4810 aqna
1082 4734 1187 4808 quieta
1204 4740 1235 4793 et
1256 4739 1430 4808 stemmate·
1465 4732 1568 4810 Neque
1583 4733 1653 4808 dixi,
1677 4752 1733 4793 sos
1755 4756 1775 4795 a
1797 4738 1892 4814 pbilo-

536 4822 699 4898 sophorum
713 4822 821 4885 ,lintre
841 4822 1013 4901 aberrasse]
1040 4820 1092 4881 sod
1114 4822 1213 4897 potius
1235 4814 1282 4900 (id
1305 4828 1351 4879 est
1372 4815 1508 4902 propias)
1531 4820 1569 4881 ad
1593 4826 1706 4898 po'e'tas.
1719 4824 1771 4883 vel
1789 4834 1891 4884 orato-

541 4926 605 4968 rum
627 4908 765 4975 flosculos
780 4908 942 4973 dellectera
989 4907 1084 4969 Multa
1101 4906 1237 4983 equidem
1259 4924 1305 4966 me
1320 4905 1423 4981 latent,
1446 4924 1500 4967 nec
1519 4910 1596 4969 enim
1619 4924 1739 4986 operam
1756 4916 1844 4987 posui
1863 4914 1890 4969 ιι

543 4995 677 5059 eruendis
701 4998 847 5072 mysteriis
877 5005 1001 5060 naturae
1031 5014 1067 5055 ex
1096 4999 1250 5071 poetarum
1278 4994 1404 5069 sabulis,
1436 4997 1506 5071 quia
1532 5012 1603 5055 oum
1619 4997 1890 5061 mathematicam

538 5082 823 5149 demembrationem
844 5082 1017 5152 certitudine
1039 5090 1153 5147 tautum
1175 5090 1220 5141 est
1241 5082 1314 5154 mibi
1334 5084 1459 5158 negotii,
1481 5090 1516 5141 nt
1537 5082 1575 5147 ad
1598 5082 1649 5147 illa
1672 5084 1749 5145 nibil
1770 5088 1891 5167 supersit
