4467 6192
732 724 741 741 ·
848 693 932 750 Lmen
948 696 995 753 tv.
1013 698 1102 768 caput
1119 696 1165 753 tv.
1617 688 1679 752 stt

339 864 370 926 θ’
390 882 434 940 ⁰⁰2
458 866 538 945 quod
556 869 619 945 Jsm
641 874 861 954 praemisimus,
888 891 921 934 so
942 872 1054 936 soiiicet
1076 892 1134 935 non
1158 876 1254 933 miuus
1276 872 1415 932 instincto
1439 865 1568 945 quodam
1590 870 1680 925 uatu-

337 954 386 1014 rali
406 956 505 1016 vaiera
528 958 565 1016 sd
587 960 804 1037 percipiendum
825 963 1027 1040 proportiones
1050 962 1223 1040 angulorum
1246 961 1444 1029 harmonicas,
1477 970 1567 1032 quum
1588 951 1681 1031 pollet

338 1041 470 1104 baulme
493 1046 633 1116 naturali,
664 1046 763 1106 vitaiis
786 1058 902 1108 noemae
925 1050 1027 1123 simili,
1056 1052 1093 1111 ad
1116 1068 1223 1126 corpus
1243 1048 1371 1108 Telluris
1394 1043 1584 1120 officinasque
1606 1040 1680 1101 snb·

338 1140 480 1191 bnauaas
501 1134 531 1188 in
555 1137 700 1194 nonnus
721 1137 807 1195 certis
830 1136 1045 1197 harmoniarum
1074 1138 1253 1215 temporibus
1278 1131 1491 1196 calefaciendaa
1507 1154 1509 1163 ’
1524 1130 1682 1206 exegimu-

339 1215 455 1295 dasque,
486 1228 518 1279 ut
539 1221 608 1279 iiiae
638 1238 772 1298 maguam
796 1240 939 1300 raporum
959 1226 1191 1301 nebniarumque
1224 1225 1338 1300 copiam
1369 1218 1518 1287 exhalent,
1551 1231 1586 1277 ex
1611 1232 1680 1293 qua,

340 1321 386 1381 per
406 1308 626 1383 antiparistaacs
648 1311 762 1386 trigoris
785 1314 912 1389 superni,
936 1312 1031 1371 omnis
1052 1314 1168 1389 generis
1191 1319 1320 1372 meteora
1343 1309 1568 1367 conformentur.

418 1392 454 1451 lu
476 1394 584 1453 Terrn'a
606 1399 682 1456 eninr
705 1413 826 1475 corpora
847 1398 985 1475 ponenda
1007 1408 1052 1459 est
1080 1400 1155 1460 baec
1177 1400 1289 1471 anima,
1321 1396 1391 1473 qnia
1412 1408 1467 1453 nec
1489 1390 1588 1470 anguli
1612 1390 1682 1449 bar·

338 1482 437 1539 mci
459 1482 605 1542 radiomm
637 1486 668 1542 in
688 1484 751 1543 uiia
773 1484 833 1544 alia
852 1494 937 1562 parta
958 1485 1059 1545 mundi
1091 1502 1181 1565 quam
1202 1486 1231 1543 in
1255 1484 1347 1547 Terin
1376 1480 1517 1556 existunt,
1541 1486 1571 1540 et
1593 1494 1681 1556 opera

338 1578 472 1642 naturas,
501 1586 577 1645 quae
605 1568 643 1629 ad
667 1572 911 1649 configurationes
940 1574 1087 1634 radiorum
1115 1582 1292 1650 sequuntur,
1322 1590 1358 1633 ex
1380 1570 1490 1630 Terrae
1517 1568 1680 1628 visceribus

340 1658 534 1733 montiumque
555 1662 687 1718 cavernis
709 1666 805 1720 ortum
828 1662 955 1724 trabunt.
1046 1685 1050 1695 ¹

418 1742 474 1802 tv.
497 1742 638 1821 Quartum
661 1746 815 1808 discrimen
838 1751 972 1809 consistit
992 1751 1022 1807 in
1044 1748 1148 1824 modis,
1173 1748 1281 1825 quibus
1302 1744 1473 1807 barmoniae
1494 1742 1629 1802 dicamas
1650 1742 1681 1799 in

337 1833 393 1889 suis
413 1834 514 1891 inasmt
534 1832 684 1909 subjectis.

416 1918 495 1979 Nasu
517 1919 590 1980 libro
612 1920 667 1979 111.
691 1940 758 1982 cum
780 1926 810 1982 in
833 1930 921 1984 cantu
942 1925 1087 1995 inessent,
1110 1922 1140 1979 in
1165 1920 1217 1982 iiio
1239 1927 1303 1982 tutu
1326 1922 1456 1992 inerant,
1485 1924 1548 1978 toto
1570 1912 1683 1977 scilicet

339 2012 474 2081 tempure,
496 2022 555 2081 ono
577 2008 702 2068 dumbat
725 2019 838 2070 cantus.
884 2011 920 2070 Et
942 2013 1077 2087 quamuis
1100 2008 1256 2069 intervalia
1278 2024 1393 2081 vocum,
1417 2014 1450 2065 ut
1465 2006 1563 2065 omnia
1585 2020 1683 2080 quan·

337 2095 415 2151 atate
429 2097 643 2172 participantia,
667 2100 835 2159 continuam
848 2097 1004 2157 admittant
1016 2098 1202 2170 divisionem,
1224 2108 1283 2155 non
1299 2102 1362 2156 erat
1376 2104 1473 2155 muron
1487 2094 1528 2152 ibi
1544 2092 1683 2151 transitus

323 2184 431 2267 'cantui
461 2200 481 2241 a
507 2200 578 2251 sono
607 2184 733 2244 inferiori
763 2201 814 2263 per
836 2186 1023 2246 intermedius
1053 2185 1182 2244 infinitos
1210 2202 1302 2260 usque
1327 2182 1370 2265 μᾶ
1397 2198 1477 2252 euru,
1509 2183 1559 2261 qui
1588 2180 1682 2323 pomo

337 2284 482 2327 conanum
503 2277 553 2328 aut
575 2273 733 2332 concinnus
755 2280 848 2346 esset,
877 2272 930 2332 sed
953 2290 1019 2332 cnm
1041 2268 1120 2331 saltu
1150 2280 1180 2331 et
1201 2272 1318 2332 silentio
1348 2270 1570 2346 trajiciebantur
1601 2275 1683 2325 nter-

338 2356 430 2415 mcdia
453 2359 560 2431 omnia,
584 2361 678 2417 ornnis
693 2376 765 2420 reru
787 2360 899 2419 voculis
922 2362 1113 2420 commoratio
1138 2366 1200 2419 erat
1222 2361 1252 2417 in
1275 2359 1355 2418 sonis
1375 2360 1454 2417 inter
1467 2372 1499 2417 ss
1522 2356 1681 2415 concinnis.

338 2442 445 2503 Eodem
469 2443 557 2504 modo
578 2445 608 2503 iu
631 2456 786 2523 concentu,
819 2450 955 2524 quamvis
977 2451 1053 2507 inter
1073 2448 1218 2525 diapason
1246 2453 1276 2507 et
1297 2446 1387 2507 diitex
1416 2446 1549 2503 intersint
1569 2442 1683 2501 inunita

339 2530 505 2606 intervalia,
534 2549 592 2591 uon
614 2532 702 2593 flebat
724 2542 823 2595 tamen
850 2538 976 2596 intensio
1008 2550 1115 2594 uocum
1138 2536 1278 2594 continua
1304 2533 1476 2611 peremnia
1503 2529 1684 2603 intermedia,
1781 2601 1784 2612 ,

338 2618 434 2693 quoad
457 2636 493 2678 ex
517 2618 656 2697 diapason
678 2622 760 2683 tieret
782 2629 880 2694 sexta,
908 2622 961 2682 sed
983 2621 1061 2682 snitu
1084 2623 1251 2681 ferebantur
1280 2636 1369 2680 noces
1395 2638 1415 2679 a
1437 2634 1518 2679 mera
1540 2616 1684 2697 diapason

337 2706 365 2761 in
392 2723 504 2765 meram
533 2717 658 2782 aarum,
689 2710 867 2770 intermediis
895 2712 1030 2771 omnibus
1058 2710 1176 2769 aiicntio
1206 2705 1393 2767 transmissis.
1439 2706 1477 2764 Et
1507 2698 1537 2765 in¹
1566 2704 1686 2782 organis

338 2793 453 2869 qnidam
476 2793 639 2855 saltabatur
661 2798 699 2856 ab
721 2816 780 2858 nne
803 2814 898 2858 canna
920 2797 958 2856 ed
980 2795 1077 2869 aliam,
1100 2798 1130 2854 in
1154 2798 1253 2869 tensis,
1278 2796 1517 2854 utinsirumsrtto
1540 2801 1569 2855 et
1584 2794 1683 2869 harpe,

338 2881 375 2940 ab
393 2898 458 2941 nna
478 2882 589 2970 morde
611 2884 648 2943 ad
671 2885 768 2959 eiiam,
793 2885 839 2946 sci
862 2888 887 2944 si
910 2886 1086 2945 multisonas
1102 2883 1228 2943 chordae
1251 2888 1466 2961 usurparentur,
1490 2887 1523 2940 ut
1544 2884 1574 2939 in
1590 2880 1684 2940 cissi-

337 2968 472 3040 cbordio,
496 2969 642 3046 pandura,
666 2972 768 3051 cisely,
792 2972 923 3052 cythara,
945 2973 1065 3041 abuno
1087 2979 1185 3044 metu,
1208 2977 1260 3030 aut
1281 2972 1310 3029 in
1334 2969 1438 3029 iistuiis
1460 2970 1499 3029 ab
1522 2984 1581 3028 uno
1604 2970 1685 3027 iera·-

337 3059 412 3117 mine
434 3055 474 3114 ad
497 3056 591 3130 aliud,
615 3060 642 3117 in
665 3068 783 3133 gutture
803 3060 933 3119 humano
956 3060 994 3119 ab
1017 3076 1076 3119 uno
1099 3058 1208 3119 aronio
1229 3059 1354 3118 arterias
1376 3072 1498 3134 asperas
1524 3056 1561 3115 ad
1584 3054 1684 3114 aiiuur.

337 3142 400 3203 lion
422 3146 468 3202 sic
487 3144 519 3201 iu
541 3144 614 3204 libro
637 3146 688 3205 iv.
735 3148 808 3206 Num
831 3164 906 3225 qnns
936 3148 965 3205 in
988 3163 1024 3206 eo
1047 3144 1296 3206 considerabimus
1323 3145 1504 3217 harmonias,
1536 3143 1622 3222 iliae,
1652 3149 1685 3201 ut
1776 3210 1784 3235 ἱ

337 3230 392 3289 dici
414 3238 553 3307 coeptum
576 3235 670 3310 eapite
691 3235 893 3311 praecedeuti,
924 3250 983 3295 non
1004 3251 1123 3315 semper
1142 3236 1269 3293 esistunt
1297 3232 1370 3291 inter
1393 3232 1525 3291 binorum
1549 3228 1685 3307 planeta·

336 3321 442 3377 riorusu
464 3320 611 3379 radiorum
632 3321 771 3397 angulum
804 3330 834 3383 et
854 3323 929 3382 inter
951 3329 1077 3398 quatuor
1099 3329 1208 3396 rectos,
1241 3318 1293 3379 sed
1315 3319 1347 3379 iit
1377 3321 1515 3379 continua
1537 3318 1685 3394 separatio

335 3406 529 3480 pinnatarum,
552 3408 656 3482 quibus
678 3400 797 3485 quidem
820 3410 877 3470 boc
899 3410 999 3469 daturu
1022 3418 1076 3482 est,
1100 3407 1300 3469 subsaunes
1324 3406 1431 3467 circuio
1454 3422 1505 3485 per
1528 3403 1686 3464 intervalia

336 3490 509 3569 rirnppsocso
531 3498 627 3558 omnia
649 3498 677 3554 in
700 3498 878 3570 harmonica,
901 3513 1024 3574 quorum
1040 3502 1209 3569 extremuni,
1233 3494 1291 3554 duo
1306 3498 1387 3566 recti,
1410 3493 1609 3553 seruicireulns
1631 3506 1685 3551 seu

337 3584 495 3657 oppositio,
519 3581 645 3658 indeque
664 3584 833 3661 retrogrado
857 3582 958 3645 ordina
980 3600 1033 3661 per
1054 3582 1211 3642 intereaiia
1241 3598 1353 3641 rursum
1376 3584 1550 3641 inconcinna
1572 3586 1602 3639 et
1623 3579 1686 3639 dis·

337 3684 408 3727 sona
431 3669 532 3727 onruiu
554 3685 646 3746 usque
670 3675 698 3729 in
722 3673 970 3747 conjunctionum
994 3671 1091 3731 nulius
1112 3671 1162 3730 bic
1183 3670 1276 3729 unitus
1291 3669 1323 3728 flr
1346 3687 1381 3729 ex
1406 3687 1463 3728 uno
1485 3669 1593 3745 angulo
1617 3668 1686 3727 bar·

336 3758 455 3815 uronice
479 3758 508 3814 in
531 3756 629 3829 siiuur,
654 3760 733 3819 verbi
757 3778 846 3819 enusa
870 3778 905 3819 cx
927 3759 1043 3833 trigono
1065 3761 1095 3823 in
1119 3756 1307 3833 quadratum,
1336 3756 1386 3817 sed
1411 3759 1550 3816 transitus
1574 3756 1611 3814 ab
1635 3753 1686 3814 iiio

336 3841 371 3900 sd
396 3843 479 3902 hsrnc
501 3847 652 3905 continuus
683 3858 728 3906 est
757 3864 808 3925 pcr
839 3845 1010 3907 intenuedia
1037 3847 1144 3906 omnia.
1189 3843 1349 3921 Propterea
1376 3851 1491 3920 tempus
1518 3845 1686 3902 tristrorsum

335 3922 473 3991 motuum
495 3934 664 3993 coelestinus
687 3944 830 4010 occupant
852 3933 1097 4009 configurationes
1116 3930 1265 3993 radiorum
1287 3934 1486 4004 inconcinnas,
1510 3932 1689 4008 dispunpuut
1770 3975 1774 3981 .

338 4036 406 4076 sero
431 4017 538 4078 saltent
562 4023 646 4079 certis
668 4024 821 4082 momentis
838 4022 1084 4096 configurationes
1099 4021 1233 4079 binorum
1249 4028 1301 4078 ant
1315 4018 1459 4078 interdum
1475 4020 1613 4077 trinorusu
1637 4026 1689 4076 unt

336 4107 424 4165 ctiam
458 4116 663 4181 quaternorum
691 4108 892 4183 harmonicae,
925 4109 1043 4183 reliquis
1076 4108 1106 4166 iu
1129 4108 1351 4182 incongruentia
1372 4106 1575 4186 pergentibus3
1607 4110 1640 4162 ui
1662 4107 1687 4163 si

335 4204 451 4269 septem
476 4208 587 4252 cannae
610 4199 764 4270 organicae·
785 4212 876 4256 sonus
895 4194 1017 4254 totidem
1041 4193 1176 4253 dissonos
1199 4194 1338 4253 continua
1360 4194 1502 4253 tensionis
1517 4190 1687 4251 alteratione

336 4283 507 4340 emitterent
527 4282 665 4359 fieretque
687 4287 851 4343 tensionusn
875 4283 1045 4343 obviatione
1067 4290 1181 4361 mutua,
1203 4288 1235 4340 ut
1257 4278 1401 4340 interdum
1420 4280 1508 4341 binae
1531 4278 1579 4338 sel
1594 4282 1688 4340 trinae

335 4376 551 4439 consonarent,
581 4372 683 4428 ceteris
713 4370 940 4430 dissonantibus.
984 4369 1031 4429 its
1058 4385 1129 4429 rere
1156 4378 1186 4429 et
1207 4370 1324 4449 proprie
1353 4366 1500 4443 loq'nendo
1523 4368 1688 4443 ipsissimas

336 4454 530 4515 &monicae
553 4456 796 4533 configurationes
818 4472 877 4517 non
899 4464 966 4515 sunt
989 4458 1019 4514 in
1041 4464 1188 4534 tempore,
1216 4456 1268 4516 aad
1290 4458 1320 4514 iu
1342 4456 1497 4515 momentis
1519 4452 1688 4511 indivisibi-

335 4541 416 4602 libns
440 4542 642 4619 perficiunturs
681 4546 743 4604 iitsi
767 4562 869 4606 rerunt
887 4545 973 4619 iusta
997 4552 1026 4604 et
1047 4544 1104 4605 boc
1127 4551 1180 4616 cst,
1204 4544 1427 4615 commotiones,
1451 4556 1527 4617 quas
1550 4554 1583 4598 sr
1607 4540 1688 4601 hisee

334 4629 500 4690 harmoniis
523 4632 552 4689 iu
575 4634 679 4690 animis
701 4636 838 4706 existunt,
861 4649 920 4691 nou
943 4649 1007 4691 csse
1023 4642 1252 4705 momentaneas,
1276 4636 1394 4689 monent
1410 4630 1486 4687 enim
1502 4626 1689 4687 hannoniensi

335 4718 600 4795 configurationes,
632 4728 777 4796 quatenus
807 4730 874 4781 sunt
902 4721 933 4780 in
955 4719 1038 4795 pari,
1066 4729 1098 4793 et
1115 4724 1154 4777 in
1177 4720 1241 4797 ipso
1270 4724 1432 4789 momento,
1461 4732 1520 4792 quo
1543 4714 1688 4793 periectas

334 4804 418 4877 fiunt,
443 4822 557 4865 rursum
581 4810 700 4867 remittit
723 4826 821 4879 carten
844 4806 1109 4882 sttnntns;,opera
1134 4823 1204 4865 vero
1225 4812 1362 4879 naturae,
1385 4819 1462 4878 quae
1483 4820 1536 4879 per
1557 4802 1613 4868 bos
1634 4804 1690 4863 ati·

334 4895 433 4953 muios
457 4891 662 4971 soiiicitsntur,
681 4894 744 4970 jam
765 4914 785 4954 s
806 4894 1023 4955 conditionibus
1044 4893 1184 4953 materiae
1207 4904 1356 4953 maumas
1375 4892 1525 4967 accipiunt
1544 4892 1591 4950 sui
1612 4897 1690 4951 ttm-

334 4984 416 5057 poria
447 4980 613 5055 durantque
640 4998 729 5059 saepe
758 4983 846 5059 longe
873 4980 951 5041 nitra
971 4987 1164 5052 momentum,
1196 4994 1256 5053 qno
1284 4976 1430 5055 perficitur
1458 4978 1594 5039 radiatio.
1639 4976 1690 5039 sta

334 5069 476 5130 maehina
497 5086 590 5127 unca
613 5069 735 5147 espiosa
757 5073 788 5129 si
810 5070 944 5129 numerosi
972 5065 1103 5144 pulveris
1125 5066 1199 5144 pyrii
1229 5067 1368 5142 ignescit,
1397 5082 1454 5125 uec
1472 5068 1587 5138 statim,
1617 5080 1690 5125 eeu·

334 5168 435 5223 unta
456 5160 581 5219 materh
602 5158 695 5236 ignis,
716 5175 736 5217 s
757 5158 855 5219 estora
874 5156 1015 5231 remitttt3
1046 5156 1091 5217 sic
1111 5170 1217 5235 eorpus
1240 5152 1389 5229 animala,
1412 5160 1455 5215 nt·
1468 5152 1632 5231 essmpirsn
1652 5152 1691 5215 stt
