4467 6192
847 645 941 741 xsom
956 684 1004 740 rv.
1023 685 1176 755 caputii
1629 702 1692 761 245

422 864 497 917 Nam
517 862 627 918 scibiles
646 867 711 918 snut
727 860 844 931 dgnrae,
870 859 918 914 sed
945 858 993 914 ilia
1009 860 1176 933 improprie,
1198 864 1265 919 haee
1283 872 1387 921 remoto
1408 868 1506 937 mdo,
1536 873 1568 923 nt
1583 868 1652 926 libro
1670 870 1692 927 I.

341 958 414 1013 prop.
426 943 471 997 ll.
491 942 714 997 demonstratum.
750 939 788 994 Et
806 954 943 1009 congruae
962 947 1036 1005 sunt,
1060 941 1109 995 sed
1126 941 1172 996 illa
1189 958 1244 997 non
1263 945 1386 999 omnibus
1408 948 1513 1015 angulis
1536 949 1694 1019 aequaliter,

338 1025 365 1077 in
382 1022 480 1077 mem
498 1021 588 1076 torma
605 1019 811 1090 congruentiam
835 1017 903 1071 haec
926 1017 1052 1073 omnibns
1069 1020 1179 1087 quidem
1197 1022 1317 1090 angulis,
1340 1024 1388 1079 sed
1411 1025 1588 1091 congruentia
1612 1027 1693 1097 plane

337 1116 390 1155 non
407 1100 596 1166 continuabili,
616 1098 689 1167 qnod
707 1103 847 1152 ostensum
865 1097 934 1156 libro
952 1099 987 1152 Π.
1005 1114 1083 1169 prop.
1100 1101 1144 1155 29.
1181 1102 1373 1157 Rudimentunr
1391 1104 1474 1171 igitur
1496 1105 1632 1175 quoddam
1651 1113 1694 1161 est

337 1178 507 1233 effimeitatis
525 1185 554 1231 et
571 1176 656 1233 veluti
674 1184 801 1239 conatus,
820 1186 849 1231 at
870 1176 985 1231 effectus
1003 1176 1046 1231 rel
1064 1178 1156 1233 nullus
1175 1180 1217 1235 rel
1235 1180 1419 1251 imperfectus.

421 1288 537 1347 Multas
559 1287 670 1345 hahent
699 1286 755 1344 hae
777 1284 889 1360 figurae
912 1286 1030 1359 stellas,
1059 1286 1113 1345 illa
1136 1289 1254 1363 quidem
1277 1294 1421 1368 quinque,
1454 1310 1577 1369 quarum
1599 1294 1693 1354 latera

336 1377 518 1438 subtendent
538 1392 624 1435 arcus
646 1374 746 1432 cirenli
769 1372 834 1445 hos,
869 1369 941 1444 48⁰,
972 1370 1048 1445 96⁰,
1081 1374 1173 1448 112⁰,
1202 1374 1293 1449 156⁰,
1321 1378 1411 1453 168⁰,
1441 1380 1497 1440 hae
1522 1398 1592 1441 vero
1616 1399 1692 1459 qus.

337 1474 417 1538 tnor‚
448 1482 573 1541 quarum
595 1462 689 1520 latera
709 1459 892 1519 subtendent
912 1476 998 1519 arcus
1021 1461 1122 1519 circuli
1153 1460 1224 1537 54⁰,
1261 1462 1352 1539 126⁰,
1388 1464 1480 1540 162⁰,
1515 1464 1605 1526 l‘l10.
1651 1472 1693 1528 At

337 1571 400 1613 curn
422 1552 483 1611 hae
504 1551 609 1611 stellae
631 1566 722 1608 cavos
744 1548 875 1607 habeant
896 1550 1035 1624 angulos,
1066 1552 1095 1606 in
1119 1566 1194 1625 quos
1222 1568 1280 1610 non
1308 1556 1487 1630 recipiuntur
1516 1553 1617 1631 anguli
1640 1557 1691 1615 alil
1745 1563 1749 1571 ’

335 1642 456 1715 congrui
481 1641 536 1715 (sie
558 1646 591 1696 ut
612 1639 642 1694 in
665 1652 755 1695 cavos
778 1636 903 1711 angulos
925 1640 1139 1711 pentagonicae
1163 1647 1193 1696 et
1214 1638 1410 1716 decagonioae
1433 1644 1612 1719 recipiuntur
1634 1661 1690 1701 an-

336 1729 396 1803 guli
419 1727 620 1804 pentagonici,
655 1727 686 1781 in
709 1724 901 1798 octogonioae
920 1722 1046 1799 angulus
1069 1729 1225 1800 tetragoni,
1257 1730 1286 1784 in
1304 1728 1541 1807 dodecagonicae
1564 1730 1690 1806 angulus

336 1814 469 1893 trigoni),
494 1821 585 1873 restat
607 1814 697 1889 igitur
712 1813 748 1868 iis
762 1810 829 1871 sola
843 1817 1005 1885 acutorum,
1030 1829 1105 1888 quos
1117 1813 1217 1872 radios
1237 1813 1369 1889 dicimus,
1394 1820 1599 1893 congruentia:
1623 1825 1692 1877 sunt

334 1907 422 1981 igitur
446 1901 566 1961 viliores
588 1903 660 1978 ipsis
682 1901 744 1958 suis
766 1900 956 1975 psimigeniis.

909 2131 1050 2205 CAPUT
1078 2132 1130 2205 Vl.

333 2280 424 2349 Quae
443 2281 492 2335 sit
510 2278 667 2348 cognatio
692 2276 896 2348 aspectibus
915 2293 986 2332 cnm
1005 2280 1245 2335 consonantiis
1263 2282 1402 2337 musicis
1420 2282 1454 2338 in
1472 2296 1634 2353 numero,
1653 2290 1690 2339 et

905 2379 1021 2420 causrs
1040 2382 1120 2435 epus.

421 2511 541 2588 Quibus
574 2507 778 2570 occasionibus
810 2508 943 2569 detectae
975 2512 1036 2569 sint
1070 2510 1316 2587 configurationes
1354 2514 1489 2576 efficaces
1522 2504 1689 2593 auctusque

332 2618 435 2661 aarum
459 2616 608 2670 numerus,
629 2615 688 2656 non
712 2606 757 2656 est
778 2596 868 2671 hujus
889 2597 947 2655 loei
971 2614 1207 2673 commemorare,
1230 2604 1356 2677 pertinet
1371 2605 1447 2660 enim
1463 2602 1520 2663 hoe
1542 2603 1580 2663 ad
1596 2614 1693 2663 astro-

321 2689 445 2765 logiam
475 2691 582 2763 egique
605 2686 641 2744 de
664 2702 701 2744 ea
722 2703 752 2744 re
780 2694 849 2743 sate
871 2702 965 2744 annos
990 2688 1028 2744 lt
1059 2688 1089 2744 in
1112 2686 1188 2747 libro
1218 2689 1255 2748 de
1277 2689 1370 2749 Stella
1392 2690 1478 2749 Nova
1509 2700 1539 2750 et
1561 2691 1691 2767 Trigono

331 2777 426 2853 lgneo
450 2792 515 2853 cap.
539 2776 567 2846 8,
593 2774 624 2851 o,
650 2774 697 2846 10,
731 2773 782 2831 ubi
805 2788 862 2830 uon
885 2780 999 2830 tanturn
1023 2773 1176 2833 discrimen
1200 2778 1303 2853 ingens
1327 2776 1440 2837 ostendi
1464 2781 1538 2837 inter
1553 2788 1691 2855 aspectus

332 2876 361 2923 et
389 2867 470 2921 inter
492 2870 591 2921 cetera
620 2868 801 2931 commenta,
832 2877 901 2918 vere
926 2863 1072 2919 vanitates
1101 2862 1311 2939 astrologicae,
1345 2865 1397 2923 sed
1421 2867 1510 2925 etiam
1532 2864 1604 2927 Joh.
1627 2866 1691 2925 Pici

330 2949 523 3018 Mirandalae
548 2949 672 3008 Comitis
700 2949 827 3005 rationes
850 2947 1087 3024 philosophicas,
1122 2949 1190 3009 huie
1219 2955 1306 3011 etiam
1335 2952 1514 3026 astrologiae
1535 2956 1611 3029 parti
1635 2970 1690 3030 op-

330 3042 459 3117 positas,
483 3037 577 3096 solide
599 3045 632 3094 ut
649 3036 754 3111 opinor
775 3034 908 3107 dissolui,
934 3052 992 3110 qua
1008 3035 1203 3113 dissolvenda¹
1222 3046 1251 3098 et
1265 3039 1418 3098 refutanda
1434 3040 1559 3099 luerunt.
1599 3040 1690 3098 (lurn-

331 3144 389 3203 qne
413 3132 495 3209 ante¹
511 3140 619 3183 novem
641 3140 734 3182 annos
756 3121 915 3182 Helisaeus
934 3122 1077 3182 Riisliuus
1099 3122 1205 3183 MJD.
1230 3134 1259 3185 et
1280 3125 1473 3204 philosophus
1497 3144 1556 3187 non
1580 3127 1690 3189 incele-

329 3216 391 3275 bris
413 3214 498 3276 libro
518 3212 681 3270 Teutonica
703 3209 805 3286 lingna
827 3208 906 3268 edito
929 3226 1037 3269 novam
1062 3210 1138 3269 hanc
1153 3212 1378 3289 philosophiam,
1402 3216 1465 3289 ipse
1485 3217 1577 3274 veteri
1593 3224 1690 3274 astro·

329 3301 435 3376 logiae
467 3298 601 3370 deditus,
634 3297 863 3373 impugnandam
893 3300 1064 3370 sumsisset,
1101 3301 1229 3375 itemque
1261 3301 1339 3359 alius
1359 3302 1503 3375 medicus,
1535 3300 1690 3379 Philippus

331 3389 492 3457 Feselins,
524 3390 552 3443 in
582 3389 758 3445 contrarium
789 3384 967 3461 astrologiae
997 3388 1095 3462 capita
1125 3390 1289 3463 promiscue
1313 3392 1412 3448 omnia
1438 3389 1570 3465 interque
1593 3407 1628 3448 ea
1661 3398 1691 3449 et

331 3476 503 3535 doctrinam
525 3474 562 3533 de
585 3473 865 3545 configurationibus
888 3484 1099 3549 oppugnasset,
1123 3491 1179 3549 ego
1202 3479 1317 3552 utrique
1341 3478 1441 3549 restiti,
1465 3476 1552 3535 editis
1575 3476 1691 3537 duobus
1718 3494 1722 3507 ¹
1815 3497 1819 3506 “

327 3562 444 3623 libellis
462 3562 643 3630 Teutoniois,
667 3577 791 3635 quorum
813 3560 898 3618 alteri
920 3559 1037 3618 titulus:
1061 3560 1228 3635 Responsio
1251 3563 1293 3621 nd
1307 3563 1420 3634 objecta
1435 3562 1565 3637 Riislini,
1588 3565 1689 3624 alteri:

332 3651 462 3709 Mas
484 3648 701 3708 Iateweaicns.
747 3648 784 3705 Et
806 3650 835 3703 io
851 3647 907 3705 hoo
930 3646 1049 3722 quidem
1072 3651 1227 3709 veritatem
1251 3650 1365 3709 delendi
1381 3661 1561 3726 aspectuum,
1586 3654 1614 3708 tn
1637 3652 1690 3711 illo

329 3755 401 3797 vero
428 3735 552 3794 modum
574 3752 696 3807 causae,
725 3751 785 3810 quo
808 3743 945 3810 aspectus
975 3736 1034 3793 sint
1062 3734 1210 3809 efficaces,
1240 3741 1360 3796 asserui.
1406 3738 1509 3815 ltaque
1533 3740 1587 3796 viri
1610 3738 1690 3799 docti

326 3827 454 3902 scriptis
483 3822 521 3881 ad
548 3840 596 3882 me
623 3823 716 3881 literis
744 3825 844 3881 testati
874 3832 956 3894 sunt,
989 3836 1065 3881 nune
1094 3822 1210 3882 demum
1234 3825 1398 3901 astrologos
1429 3843 1514 3885 ame
1541 3828 1688 3901 puriorem

326 3910 555 3991 philosophiam
579 3910 686 3969 doceri.
731 3908 766 3967 ln
797 3909 932 3968 omnibus
959 3909 1068 3969 libellis
1093 3914 1275 3985 cognationis
1304 3914 1439 3986 memini,
1470 3918 1552 3989 qnae'
1570 3916 1688 3974 musicis

326 4000 537 4060 consonantiis
560 3995 721 4057 intercedat
743 4014 808 4054 eum
831 3997 1011 4075 aspectibus,
1032 3997 1083 4057 sad
1107 4000 1244 4074 inprims
1268 3999 1364 4059 adhue
1387 4000 1468 4061 haesi
1491 4003 1567 4060 cirea
1585 4018 1689 4060 numa-

326 4106 391 4145 rnm
418 4094 606 4161 aspectuum,
630 4083 774 4160 quosdam
796 4086 909 4160 spurios
940 4084 988 4143 vel
1011 4093 1088 4144 certe
1111 4085 1272 4146 imbecilles
1296 4088 1455 4147 observans
1479 4089 1552 4146 lnter
1573 4090 1689 4164 praeci-

324 4194 417 4254 puos,
445 4173 592 4249 quosdam
613 4174 747 4231 tortiores
770 4175 886 4247 penitus
909 4170 1076 4249 negligens,
1107 4174 1137 4229 in
1160 4172 1330 4233 Teutonieis
1354 4192 1423 4234 vero
1452 4178 1536 4250 coepi
1558 4175 1612 4234 hos
1635 4175 1689 4235 de·

323 4265 424 4322 tectos
452 4261 664 4335 speculationis
686 4276 770 4317 meas
793 4258 943 4333 detegere,
967 4259 1046 4334 quod
1068 4261 1158 4335 paulo
1181 4261 1304 4337 pleniori
1329 4262 1533 4334 declaratione,
1557 4261 1623 4321 loeo
1647 4264 1689 4320 sio

323 4349 524 4427 postulante,
548 4346 739 4423 repetendum
762 4349 862 4405 censui
885 4362 979 4421 nuper
1000 4350 1030 4404 in
1051 4346 1267 4424 prolegomenis
1290 4346 1531 4425 Ephemeridum,
1562 4348 1612 4407 iol.
1636 4350 1689 4419 aa,

325 4442 385 4509 34,
419 4437 483 4507 35,
513 4436 563 4493 36.
575 4430 612 4508 ¹⁶)
658 4432 741 4508 Quae
764 4450 835 4492 vero
862 4434 902 4491 ibi
930 4432 988 4492 loci
1018 4442 1137 4511 propter
1167 4438 1330 4496 institutam
1354 4436 1526 4495 brevitatem
1548 4434 1688 4511 explicari

323 4526 425 4585 insius
452 4539 512 4581 non
526 4529 692 4598 potnerunt,
717 4538 752 4579 ea
771 4521 834 4596 ja'm
849 4518 906 4588 hic,
931 4520 1032 4580 ordine
1050 4523 1093 4581 sic
1109 4522 1227 4597 ferente,
1251 4523 1404 4599 supplebo.
1450 4522 1584 4595 Axioma,
1608 4521 1689 4597 quod

323 4630 406 4672 anno
438 4610 535 4668 1606.
557 4616 740 4684 usurpatum,
773 4608 840 4667 loco
863 4610 952 4668 citato
975 4608 1201 4685 Ephernsridum
1225 4613 1315 4668 sumai
1339 4608 1564 4671 examinandum
1590 4616 1620 4667 et
1641 4627 1690 4669 re-

321 4698 499 4767 futandum,
522 4696 579 4754 hoe
600 4704 679 4755 erat:
711 4694 883 4755 &actorem
906 4694 1009 4753 Deam
1031 4699 1338 4757 estasiasmeno
1361 4702 1468 4754 cantus
1494 4695 1581 4770 infra
1603 4704 1688 4756 oeta·

321 4806 415 4859 vora,
452 4786 531 4843 utro
555 4781 620 4842 m.
642 4782 810 4857 demptis,
841 4784 1016 4841 &summe
1037 4784 1112 4858 tepea
1140 4783 1384 4842 ordinandorum
1408 4789 1600 4856 aspectuum,
1632 4790 1689 4841 esst

322 4875 366 4933 ad
389 4872 532 4933 coelestes
553 4878 688 4946 aspectus
714 4878 926 4947 attemperant
952 4886 1043 4928 cares
1070 4870 1215 4943 hominis,
1244 4870 1532 4929 wawrdantiaram
1561 4870 1688 4943 illoram

316 4962 456 5035 judiees.
502 4956 569 5018 Hoc
591 4960 707 5018 axioma
729 4960 756 5015 si
777 4976 878 5017 verum
901 4955 1091 5031 undiquaque
1113 4965 1206 5030 esset,
1231 4964 1377 5033 oporteret
1399 4974 1464 5016 esse
1487 4956 1607 5017 totidem
1630 4974 1688 5015 nu-

323 5067 409 5109 mero
445 5053 598 5122 aspectus,
629 5052 702 5121 quot
729 5053 799 5105 sunt
826 5042 1050 5106 concordantiae
1078 5060 1172 5118 usqua
1201 5043 1239 5105 ad
1270 5042 1420 5121 diapason.
1469 5044 1547 5105 Nam
1574 5042 1687 5104 sextilis

322 5134 495 5214 respondet
517 5136 621 5193 tertiam
643 5133 738 5207 molli,
770 5132 901 5213 quintilis
924 5131 1027 5191 tertiae
1050 5130 1158 5207 durae,
1188 5131 1348 5213 quadratus
1369 5133 1566 5211 diatessaron,
1592 5133 1686 5193 trinus
