4467 6192
854 676 936 734 Liber
953 676 1001 736 lll.
1021 680 1109 749 Caput
1126 665 1199 735 xm.
1633 682 1696 751 385

438 848 515 905 llaec
541 850 576 905 ad
593 850 776 906 Ptolomeicus
802 850 991 921 philosophiae
1017 852 1092 908 illum
1119 853 1231 923 educta,
1257 860 1394 925 utrunque
1416 856 1540 925 jucunda
1562 864 1590 913 et
1606 857 1699 914 forsan

350 926 432 983 etiam
461 929 535 985 utilis
559 930 588 985 in
615 930 763 999 astrologia
790 931 982 1001 consideratio,
1009 934 1075 989 nihil
1093 941 1183 991 umen
1207 934 1336 990 attineret
1353 935 1593 994 conformationem
1609 939 1697 1008 ipsius

350 1004 490 1135 universi,
518 1006 566 1063 sed
594 1009 790 1081 intelligeretur
813 1016 920 1066 tanturn
947 1011 1148 1084 comparatione
1172 1013 1277 1069 zodiaci
1303 1015 1459 1084 apparentis
1484 1022 1512 1071 et
1529 1032 1621 1073 rerum
1637 1017 1700 1073 auh·

362 1100 497 1140 ananum.

439 1181 514 1237 Nota
531 1182 581 1236 111.
615 1184 719 1253 Negat,
747 1184 906 1241 transitione
933 1190 967 1244 do
993 1194 1059 1243 tono
1087 1157 1231 1245 intumum
1255 1189 1366 1245 camini
1382 1189 1416 1246 de
1441 1206 1541 1259 genem
1557 1192 1587 1246 in
1604 1208 1701 1260 genus.

351 1259 421 1313 hlibi
439 1266 537 1315 cantus
554 1261 607 1315 ista
626 1278 726 1333 genera
745 1272 808 1318 suut
827 1262 993 1323 differentiae
1011 1274 1152 1338 tonorum,
1169 1269 1262 1337 itaque
1279 1268 1344 1322 mihi
1362 1268 1495 1325 ιιιιιιιιιιιιι
1513 1271 1626 1327 mutatio
1644 1273 1702 1328 toni

350 1345 442 1393 mutat
461 1355 555 1410 genus,
575 1348 604 1396 ιιι
622 1358 705 1412 supra
723 1344 858 1399 annotavi.

441 1434 515 1489 ΝΟΜ
531 1434 578 1490 IV·
615 1435 693 1503 QUOd
712 1445 805 1507 nesii»
831 1442 936 1511 percipi
954 1443 1108 1501 sensibilem
1135 1445 1355 1515 inaequalitatem
1379 1460 1506 1502 oumunm
1529 1451 1642 1515 propter
1659 1461 1700 1500 ιι-

351 1510 492 1566 cessiones
510 1512 538 1566 in
556 1512 651 1579 latum,
669 1515 698 1571 id
716 1516 850 1587 duplicem
867 1529 960 1589 potest
976 1522 1078 1580 habere
1096 1539 1214 1582 sensnm.
1249 1524 1328 1579 Prior
1345 1523 1389 1580 bic
1406 1532 1463 1591 est,
1481 1523 1557 1579 verbi
1574 1539 1657 1579 causa
1673 1525 1702 1581 in

351 1590 446 1655 Luna,
466 1592 544 1661 cuijus
563 1595 685 1665 evagatio
703 1595 730 1649 in
749 1597 834 1652 latum
849 1606 892 1653 est
910 1600 960 1669 5⁰;
988 1608 1101 1671 propter
1117 1602 1190 1659 hauc
1207 1602 1252 1673 lit,
1280 1608 1311 1656 nt
1328 1602 1410 1659 certis
1427 1602 1495 1657 locis
1513 1600 1591 1659 loona
1607 1602 1702 1657 Lunae

351 1670 383 1723 7‘
402 1672 430 1725 in
450 1673 575 1743 ecliptica
601 1676 636 1731 sit
662 1675 812 1746 promotior
838 1678 880 1732 vel
905 1680 1032 1736 anterior.
1068 1682 1120 1737 Hic
1138 1698 1193 1737 non
1211 1688 1253 1737 est
1270 1687 1350 1751 aptus
1364 1679 1427 1735 huic
1445 1676 1505 1735 lo'co
1524 1695 1630 1750 sensns,
1647 1696 1702 1735 non

351 1748 410 1818 agit
427 1766 525 1821 nempe
543 1754 587 1809 hic
606 1755 639 1809 de
657 1764 732 1811 motu
750 1755 900 1813 latitudinis
920 1759 1086 1827 singulorum
1104 1760 1225 1832 proprio,
1243 1760 1292 1815 sed
1311 1758 1345 1814 de
1364 1758 1514 1814 deflexione
1532 1758 1649 1813 omnium
1667 1757 1701 1812 ab

351 1839 513 1902 aequatore,
534 1840 561 1889 et
578 1848 674 1891 seusus
693 1843 735 1891 est
752 1836 852 1908 verior,
879 1838 950 1894 iuter
968 1840 1049 1896 unius
1067 1840 1195 1910 planetae
1212 1837 1327 1895 cuculos
1344 1837 1491 1908 parallelos
1509 1837 1623 1893 duorum
1640 1853 1701 1906 pro·

352 1908 497 1981 simorum,
517 1930 586 1981 quos
604 1915 706 1971 habent
723 1916 762 1971 illi
780 1916 807 1970 ln
826 1918 913 1986 primo
931 1924 1018 1987 motu,
1038 1934 1092 1973 non
1110 1931 1172 1974 esse
1189 1930 1272 1975 sensu
1291 1914 1493 1988 perceptibilem
1511 1913 1701 1971 diversitatem.

442 2008 516 2063 Nota
532 2010 565 2065 V.
601 2011 774 2068 Ptolemaeus
792 2029 827 2067 ne
844 2014 982 2070 zodiacum
1005 2015 1114 2085 quidem
1137 2016 1183 2071 bic
1200 2015 1334 2084 intuetur,
1361 2009 1434 2083 qnod
1459 2018 1550 2067 tamen
1568 2016 1596 2065 et
1612 2010 1702 2081 ipsum

351 2083 434 2139 vilius
453 2092 535 2153 esset,
555 2088 603 2143 sed
621 2088 673 2145 hoo
690 2090 771 2145 etiem
790 2092 932 2161 capitead
949 2099 1053 2148 motum
1063 2095 1188 2163 primum
1205 2092 1276 2150 redit
1293 2091 1473 2159 adsciscitque
1489 2089 1657 2145 horizontem
1674 2097 1704 2147 et

350 2163 435 2229 polos
454 2163 555 2235 muudi,
574 2169 751 2237 conspicuum
769 2172 877 2239 quidem
896 2174 1048 2230 attribuens
1067 2174 1139 2231 tonis
1158 2172 1255 2241 acutia,
1273 2172 1308 2227 ad
1325 2184 1447 2225 normam
1465 2167 1563 2237 capitis
1582 2169 1622 2231 10,
1640 2185 1702 2237 gra·

352 2241 434 2297 vibus
453 2242 538 2299 latera
556 2246 612 2313 poli
629 2248 797 2318 inconspioui
815 2257 843 2307 et
859 2254 911 2309 snb
929 2252 1096 2309 horizontem
1115 2253 1246 2319 demersi3
1265 2248 1410 2318 cumquei
1428 2253 1509 2302 tonos
1526 2245 1659 2300 invenerit
1675 2246 1704 2301 in

352 2319 407 2373 hoc
427 2337 527 2393 opere,
553 2326 570 2381 'i
588 2325 621 2379 iis
639 2326 786 2396 parallelos
803 2344 853 2399 per
868 2329 946 2385 initia
963 2330 1100 2399 signorum
1120 2329 1217 2386 ductos
1235 2327 1420 2384 accommodat
1436 2342 1491 2382 non
1509 2326 1592 2395 paulo
1609 2326 1704 2397 pulch·

352 2398 420 2454 riori
439 2418 581 2473 successu,
609 2422 689 2475 quam
706 2408 782 2477 prius
800 2416 855 2464 tros
872 2409 1075 2477 intervallorum
1093 2409 1200 2480 species
1221 2408 1309 2464 tribus
1327 2413 1423 2463 cantus
1440 2407 1591 2475 generibus
1628 2406 1705 2475 Quae

353 2477 447 2534 omnia
466 2481 505 2537 sic
523 2498 573 2551 ego
590 2486 732 2555 praedico,
759 2494 791 2542 ιιι
808 2487 870 2557 plus
888 2488 951 2544 inde
968 2489 1091 2547 videatur
1108 2487 1238 2544 accedere
1255 2486 1406 2542 nobilitatis
1423 2484 1530 2553 ingemo
1548 2484 1705 2557 Ptolemaei,

352 2554 425 2611 haec
443 2566 499 2614 tam
517 2568 580 2631 apte
599 2565 824 2621 comminiscentis
843 2574 871 2621 ιι
889 2583 922 2621 ex
942 2582 988 2637 eo,
1015 2567 1089 2637 quud
1107 2568 1175 2623 nihil
1193 2571 1252 2636 est,
1270 2563 1373 2634 aliquid
1390 2562 1541 2633 efficientis,
1560 2569 1641 2633 qnam
1660 2579 1705 2619 na·

353 2640 435 2690 turae
454 2638 538 2706 coeli,
565 2642 609 2697 cui
626 2643 694 2699 baec
712 2653 785 2700 certe
804 2646 979 2715 congruentia
998 2655 1041 2701 est
1058 2645 1180 2701 fortuita.
1215 2645 1338 2715 Apparet
1356 2658 1421 2699 sane
1440 2657 1474 2696 ex
1492 2640 1615 2698 omnibus
1634 2660 1705 2700 com·

352 2714 559 2790 putationibus,
577 2720 733 2779 Ptolemaeo
751 2724 887 2795 placuisse
905 2740 1045 2795 numeros,
1064 2723 1219 2793 ubicunque
1237 2723 1346 2777 eosdem
1363 2722 1490 2790 utrinqne
1507 2721 1598 2790 potuit
1615 2728 1705 2777 osten·

353 2788 429 2846 dere.
465 2795 501 2850 At
518 2797 638 2855 absurda
663 2810 706 2856 est
729 2819 901 2870 numerorum
923 2804 951 2859 in
969 2804 1167 2874 quantitatibus
1191 2801 1371 2871 comparatio,
1398 2801 1422 2854 si
1439 2800 1573 2855 unitatum
1591 2813 1647 2854 nnn
1664 2804 1707 2854 ιιι

354 2870 453 2926 eadem
473 2876 617 2947 utrobique
633 2881 716 2951 ratio,
744 2884 839 2939 eadem
857 2884 1002 2940 distinctio.
1039 2885 1100 2939 Jam
1125 2898 1189 2939 vero
1213 2881 1383 2951 septenarius
1406 2886 1533 2935 tonorum
1550 2879 1671 2936 oritura
1688 2882 1705 2935 7

353 2954 497 3009 consuetis
514 2955 663 3013 intervallis
682 2960 763 3015 nnius
782 2968 907 3032 οιιιιιιι,
925 2969 955 3017 ιι
973 2962 1143 3031 septenarius
1160 2959 1350 3031 parallelorum
1367 2958 1488 3015 oritura
1505 2957 1540 3012 12
1557 2957 1642 3025 signis
1659 2973 1705 3013 zo·

354 3030 428 3085 diam
445 3040 542 3101 estque
559 3044 695 3105 potestate
714 3041 896 3098 duodenarius
913 3040 1013 3111 potius.
1048 3040 1201 3110 Praeterea,
1221 3039 1287 3108 quid
1305 3037 1392 3095 simile
1410 3043 1452 3092 eat
1469 3034 1569 3104 speciei
1586 3036 1652 3104 toni,
1671 3052 1705 3092 ex

354 3108 439 3163 variis
456 3110 604 3171 intervallis
622 3117 716 3175 ordine
734 3128 809 3176 certo
836 3119 986 3190 compositi,
1005 3136 1066 3174 cum
1085 3120 1218 3189 parallelo
1246 3118 1315 3175 coeli
1339 3115 1553 3186 simplicissimo,
1581 3120 1631 3169 aut
1647 3114 1706 3169 toni

354 3185 495 3243 altitudini
514 3207 575 3247 cum
592 3194 733 3254 altitudine
751 3200 874 3269 paralleli
889 3199 999 3268 generis
1017 3199 1201 3267 diversissimi,
1220 3204 1249 3255 ιι
1265 3198 1382 3269 positiva
1398 3202 1504 3251 tantum
1521 3201 1550 3249 et
1566 3208 1628 3248 oum
1644 3193 1706 3263 ipsa

354 3264 478 3322 locorum
496 3272 626 3331 varietate
644 3279 736 3333 varia?
772 3281 843 3335 Dato
861 3294 939 3345 vero,
965 3276 1125 3347 quadratio
1144 3275 1386 3347 comparandorum
1404 3272 1531 3345 utrinqne
1548 3271 1585 3326 sit
1602 3270 1705 3339 eadem

354 3344 379 3397 si
398 3354 493 3401 tamon
510 3349 538 3405 id
557 3361 599 3410 est
616 3354 684 3410 citra
701 3373 800 3413 causae
819 3366 846 3414 et
864 3358 977 3413 effectus
995 3357 1205 3426 connexionem,
1231 3364 1262 3412 nt
1279 3362 1353 3412 certe
1371 3360 1414 3410 ιιι
1430 3354 1483 3407 hoc
1499 3350 1575 3419 loco,
1597 3366 1705 3422 compa·

354 3425 428 3480 ratio
446 3428 529 3495 vulgo
546 3430 638 3499 potins
655 3435 830 3492 accomodata
848 3443 891 3491 est
908 3434 1080 3492 fortuitorum
1099 3434 1241 3503 captatori,
1260 3450 1340 3503 quam
1358 3430 1530 3504 philosopho.
1795 3491 1798 3500 ‚

445 3507 542 3577 Longe
561 3525 611 3579 ego
630 3515 852 3581 praestantiorem
863 3515 970 3569 invenio
982 3521 1108 3569 tonorum
1121 3512 1322 3584 expressionem
1341 3528 1390 3567 seu
1400 3508 1576 3565 imitationem
1592 3506 1621 3562 in
1638 3507 1707 3580 ipsis

353 3581 529 3651 planetarum
548 3592 717 3659 superiorum
735 3592 816 3647 trium
833 3594 951 3649 motibus
978 3594 1108 3664 propriis,
1137 3601 1168 3649 ιιι
1185 3594 1205 3647 ii
1223 3608 1257 3647 ex
1275 3592 1338 3649 Sole
1365 3594 1510 3659 apparent,
1538 3585 1585 3641 ubi
1611 3601 1707 3655 graves

354 3662 414 3715 toni
432 3663 470 3716 ab
488 3664 638 3734 hypodorio
657 3684 706 3741 per
723 3670 910 3726 Saturniorum
928 3681 1049 3728 motuum
1067 3670 1240 3728 intervallum
1258 3669 1443 3728 harmonicum
1461 3672 1489 3721 et
1506 3680 1556 3735 per
1574 3665 1708 3755 condnna

354 3740 549 3798 intercidentia
565 3753 760 3817 monstrantur,
781 3748 872 3805 dorius
892 3758 920 3805 et
939 3750 1147 3806 circumstantes
1165 3749 1336 3820 periculos,
1354 3743 1516 3815 mixolydius
1535 3743 1708 3799 mouerimus

355 3816 502 3875 aMartiis
519 3824 644 3881 motibus.
679 3826 751 3885 Nam
766 3828 792 3884 si
810 3828 919 3885 Saturni
936 3834 1026 3885 motus
1044 3828 1169 3898 aphelins
1194 3827 1258 3883 iacit
1274 3828 1353 3885 basin
1376 3821 1530 3895 systematis
1548 3820 1707 3876 universalis

356 3908 384 3957 et
402 3902 491 3955 imum
509 3901 638 3972 diapason
657 3906 774 3961 sonitum
793 3916 986 3977 repraesentat,
1005 3907 1081 3962 Jovis
1099 3915 1189 3961 motus
1207 3907 1332 3976 aphelins
1344 3922 1361 3960 a
1373 3918 1440 3959 sono
1456 3922 1483 3975 p,
1501 3900 1598 3956 Martis
1610 3915 1627 3955 a
1639 3916 1706 3956 sono

353 3982 375 4051 f,
393 3988 512 4036 octavae
531 3992 667 4055 supremo,
686 3989 836 4057 consurgit,
868 3987 964 4056 Itaque
982 3983 1170 4056 Ptolemaeus,
1190 3986 1311 4056 allegans
1329 3993 1433 4041 motum
1450 3982 1578 4052 primum,
1596 3980 1707 4071 terrico:

355 4058 444 4112 larum
463 4060 651 4132 phantasiam,
679 4064 846 4122 Terrestrem
872 4068 960 4124 solnm
987 4066 1072 4122 uadit
1087 4065 1231 4133 ιιιιιιὶιιιιι,
1259 4081 1310 4136 ego
1328 4064 1461 4120 Solarem:
1488 4059 1534 4114 ille
1552 4064 1708 4116 necessitato

355 4138 555 4205 quantitativae
572 4143 716 4200 continuae
734 4147 901 4217 immersam,
928 4162 977 4216 ego
996 4152 1168 4217 procuratam
1187 4161 1204 4199 a
1221 4151 1342 4200 creatore
1360 4150 1388 4198 et
1405 4138 1576 4197 distinctione
1598 4152 1707 4207 separa·

356 4220 490 4287 tinneqne
508 4214 705 4279 omnimoda'in
723 4223 784 4283 luce
802 4225 925 4283 locatam.
962 4224 1031 4281 Vide
1048 4224 1101 4280 moi
1115 4222 1177 4279 libri
1195 4223 1227 4280 V.
1246 4237 1305 4292 cap.
1324 4224 1349 4278 6.

916 4448 1057 4520 CAPUT
1083 4447 1164 4518 Xlll.

361 4578 425 4645 'De
443 4590 678 4665 proportione,
697 4608 791 4662 quom
808 4588 1330 4731 habentmilnntesroslootftraehorda
1347 4594 1381 4643 et
1397 4583 1689 4655 configurationes

450 4803 583 4866 Residua
606 4800 757 4884 dispositio
779 4806 1029 4869 tebaobordorum
1052 4813 1081 4867 et
1104 4813 1238 4865 tonorum
1260 4804 1290 4863 in
1311 4807 1470 4880 systemata
1485 4800 1612 4879 perlecto
1634 4800 1708 4860 resi-

361 4891 441 4952 duae
464 4908 583 4968 qooqne
606 4892 789 4972 dispositioni
812 4894 1073 4970 configurationum
1096 4908 1162 4951 cnm
1176 4890 1246 4951 Solo
1267 4889 1371 4950 similis
1392 4888 1545 4966 apparebit
1557 4885 1600 4968 Π).
1631 4886 1708 4948 Nam

361 4982 426 5039 toni
450 4979 619 5055 disiunctivi
642 4979 786 5057 quadrant
807 4978 844 5041 ad
867 4982 940 5040 situs
962 4980 1089 5039 siderum
1111 4980 1149 5037 ab
1173 4976 1416 5038 occultationibua
1439 4994 1532 5053 usque
1553 4975 1592 5036 ad
1612 4992 1708 5053 appa·

360 5068 486 5129 titiones
499 5062 563 5146 ¹¹1),
596 5077 628 5128 at
660 5072 744 5143 soni,
778 5072 830 5147 qui
856 5073 1032 5131 connectunt
1062 5066 1136 5127 duaa
1159 5064 1407 5127 mnacbordorum
1429 5064 1566 5146 copulas,
1596 5061 1709 5126 sulcet

417 5176 513 5229 noum
526 5175 642 5229 optas.
1511 5168 1552 5231 ab
