4467 6192
532 599 595 659 230
945 593 988 647 De
1007 590 1272 663 Continuationibne
1291 594 1470 649 Harmonieis.

533 789 623 833 unum
651 771 699 833 sel
730 773 828 833 omnia
850 778 931 833 moto
963 770 1091 849 quodam
1113 771 1332 849 ‚longitudinem
1358 772 1402 837 rei
1423 782 1590 851 percurrant
1618 778 1794 854 terminique
1815 777 1883 837 nant

530 861 658 939 partium
678 853 886 939 longitudinis,
920 862 994 919 inter
1024 878 1098 935 quas
1121 860 1160 919 eit
1181 862 1348 937 proportio,
1376 868 1409 927 ct
1431 860 1488 920 boc
1516 861 1553 921 ad
1577 866 1737 923 minimum.
1786 864 1881 940 Atque

533 948 563 1007 id
584 948 618 1007 fit
640 966 676 1008 ex
697 955 781 1024 parte
805 950 834 1007 in
858 948 1150 1025 configurationibus,
1174 948 1262 1024 hujus
1285 947 1335 1009 lib.
1352 946 1407 1010 IV.
1430 952 1546 1025 proprio
1564 951 1707 1026 subjecto.
1754 951 1830 1011 Nam
1854 944 1884 1010 ut

532 1036 643 1106 dicetur
665 1038 761 1112 capite
784 1037 927 1111 sequenti,
950 1035 1119 1095 barmoniae
1143 1034 1259 1111 quidem
1283 1038 1313 1093 in
1337 1036 1469 1111 angulis,
1499 1054 1574 1113 quoa
1596 1042 1712 1098 metitur
1734 1038 1882 1113 zodiacus,

533 1124 752 1184 considerantur
773 1125 836 1182 sina
859 1130 954 1196 motu,
983 1122 1083 1199 anguli
1106 1130 1204 1182 tamen
1227 1124 1284 1199 ipsi
1306 1123 1358 1183 alii
1381 1141 1417 1183 ex
1439 1122 1510 1185 aliis
1528 1130 1682 1202 corporum
1704 1126 1882 1187 radiantium

533 1219 615 1272 motu
636 1228 689 1288 per
710 1210 863 1271 zodiacum
886 1212 1111 1271 constituuntur.
1158 1209 1233 1269 Sunt
1255 1217 1353 1271 tamen
1375 1212 1454 1271 modi
1477 1215 1719 1289 praestantiores,
1750 1213 1790 1274 ad
1812 1232 1885 1275 eun·

534 1300 599 1359 dem
620 1297 707 1357 finem
729 1298 896 1371 tendentes,
919 1304 953 1357 ut
976 1315 1040 1359 curn
1063 1315 1194 1375 corpora,
1218 1314 1294 1374 quae
1316 1299 1427 1359 babent
1448 1298 1668 1376 longitudinem,
1693 1305 1757 1379 ipse
1779 1310 1810 1361 et
1833 1302 1884 1361 de-

533 1388 723 1465 terminantur
745 1385 853 1446 talibus
875 1387 977 1461 signis,
999 1403 1113 1447 sorsum
1137 1385 1273 1445 deorsum
1296 1388 1472 1460 errantibus,
1497 1396 1527 1447 et
1549 1391 1640 1449 trtmci
1664 1389 1798 1465 qnalibet
1823 1392 1885 1449 vice

532 1474 684 1550 intercepti
706 1473 792 1533 simul
815 1481 983 1550 merentum
1017 1474 1114 1532 ut'ita
1137 1490 1201 1533 non,
1214 1474 1277 1549 jam
1301 1490 1436 1553 corpora,
1459 1474 1512 1536 sad
1534 1484 1630 1535 motus
1653 1478 1709 1553 ipsi
1733 1494 1886 1555 corporum

534 1579 624 1623 cansa
646 1561 836 1637 longitudinis
859 1569 888 1621 et
910 1562 1063 1621 brevitatis
1085 1578 1144 1621 non
1168 1562 1336 1639 temporalis
1366 1559 1418 1623 sed
1441 1560 1597 1638 corporeae
1621 1561 1746 1645 (quippe
1772 1568 1886 1643 species

533 1657 667 1711 moinum
688 1650 946 1726 induperatorum,
970 1667 1022 1708 eeu
1045 1666 1199 1726 corporum
1228 1650 1256 1707 in
1280 1656 1361 1709 motu
1385 1646 1623 1732 constitutorum)
1648 1655 1722 1711 inter
1743 1670 1782 1711 ee
1806 1669 1886 1711 com-

533 1744 680 1817 parentur.
726 1734 980 1811 Quemadmodum
1009 1754 1040 1796 se
1068 1753 1115 1795 ree
1144 1734 1234 1797 habet
1260 1750 1326 1797 cnm
1354 1739 1451 1797 sonis:
1484 1756 1552 1798 nem
1581 1756 1671 1798 sonus
1701 1748 1747 1801 eat
1774 1742 1886 1817 species

534 1826 641 1887 emisse
664 1840 680 1883 e
702 1841 838 1901 corpore,
862 1831 891 1883 ct
913 1832 946 1883 ut
967 1831 1109 1901 quantum
1131 1823 1220 1896 illud,
1252 1832 1281 1883 et
1304 1830 1337 1882 ut
1357 1824 1514 1901 figuratum
1543 1825 1770 1902 quadamtenus,
1804 1835 1835 1886 et
1857 1835 1888 1886 ut

535 1916 564 1973 in
587 1919 668 1974 motu
692 1914 882 1973 constitutum
906 1920 967 1987 est,
996 1913 1066 1988 quia
1087 1911 1327 1988 proaptitudine
1350 1911 1460 1989 figura
1491 1922 1536 1974 est
1558 1922 1588 1973 at
1609 1922 1705 1973 motus
1733 1922 1765 1974 et
1788 1932 1887 1973 sonus

622 1999 721 2079 Atque
751 1999 824 2060 baec
843 2000 910 2075 jam
938 1999 1031 2059 altera
1059 2001 1153 2073 magis
1184 1998 1304 2059 evidens
1334 2016 1425 2059 causa
1456 2007 1514 2075 est,
1535 2019 1600 2062 ,ιιι
1628 2012 1733 2062 natura
1761 2002 1888 2061 bominis

534 2104 672 2149 sonorum
694 2089 880 2164 potissimum
902 2087 1140 2165 proportionibus
1162 2087 1337 2147 harmonicis
1359 2090 1398 2148 eit
1421 2086 1541 2148 dedito.¹
1572 2086 1621 2148 Fit
1642 2107 1671 2149 n.
1694 2089 1752 2149 boc
1773 2108 1888 2149 rursum

536 2179 575 2237 ob
599 2176 858 2236 conternationem
889 2177 937 2233 sui
958 2176 1112 2253 corporis,
1144 2176 1172 2231 in
1196 2191 1255 2249 quo
1283 2182 1384 2251 guttur
1412 2174 1484 2235 illud
1509 2192 1614 2253 corpus
1643 2185 1702 2250 est,
1733 2177 1815 2253 quod
1838 2194 1889 2254 pro

534 2258 692 2341 superioris
715 2262 761 2320 vel
786 2263 928 2321 interioris
952 2262 1051 2322 circuli
1074 2262 1255 2337 cartilaginei
1278 2264 1308 2321 in
1330 2278 1435 2339 aspera
1457 2264 1563 2323 arteria
1585 2268 1790 2327 constrictione
1813 2282 1891 2324 nunc

534 2352 656 2427 longum
684 2366 759 2408 nunc
782 2350 870 2409 breve
893 2358 938 2408 est
961 2349 1098 2426 qtrodqne
1121 2350 1280 2427 impulsum
1301 2352 1405 2428 spiritu
1433 2368 1469 2411 ex
1495 2350 1665 2429 pulmonum
1692 2351 1815 2413 tottibns
1838 2370 1891 2413 ex·

456 2463 462 2481 ι
536 2455 638 2515 presso
667 2438 796 2498 caritate
818 2455 884 2500 ,ιιι
912 2435 1018 2517 (figura
1044 2434 1160 2516 nempe)
1191 2446 1302 2496 motum
1332 2437 1393 2497 edit
1423 2438 1561 2513 similem,
1600 2440 1684 2516 cujus
1715 2448 1745 2499 et
1775 2442 1892 2518 species

536 2524 645 2587 accidit
667 2524 803 2597 auribus,
833 2531 863 2585 ei
883 2527 982 2584 sensio
1006 2521 1140 2603 (arteriae
1163 2525 1271 2600 ipsius,
1301 2532 1334 2584 nt
1356 2531 1400 2585 est
1423 2528 1452 2584 in
1474 2535 1556 2585 motu
1579 2525 1749 2606 constituta)
1771 2530 1892 2589 animae

536 2615 674 2674 sentienti
700 2618 817 2695 praesto
841 2618 902 2687 est;
930 2614 1038 2690 quippe
1067 2612 1123 2671 boc
1151 2614 1297 2671 communi
1320 2629 1408 2672 sensu
1430 2616 1536 2674 sentire
1567 2624 1626 2689 cst,
1656 2615 1711 2673 irui
1733 2617 1893 2691 speciebus

537 2703 731 2761 membrorum
763 2700 905 2777 corporis,
935 2706 967 2758 ut
995 2708 1063 2757 sunt
1091 2698 1144 2759 illa
1173 2700 1393 2775 rariieaffe'cte
1422 2708 1450 2760 ei
1481 2703 1566 2778 quasi
1596 2703 1721 2763 formata
1743 2704 1892 2777 motibus3

537 2805 614 2866 quac
636 2789 758 2865 species,
781 2795 815 2846 ιιι
836 2789 865 2874 in
882 2787 1042 2863 Dioptrieie
1063 2786 1219 2863 explicari,¹
1241 2789 1394 2863 spirituum
1412 2789 1604 2849 continuitate
1618 2790 1749 2853 teruntur
1764 2809 1784 2849 a
1797 2809 1894 2851 meur·

536 2878 597 2936 brie
620 2875 759 2953 eorporis,
784 2876 872 2934 etiam
894 2877 1022 2947 remotis,
1045 2873 1083 2935 ad
1105 2873 1204 2935 sedern
1226 2893 1329 2937 sensus
1353 2872 1545 2937 communis.‘
1568 2878 1616 2935 Fit
1640 2880 1740 2953 igitur,
1763 2882 1895 2954 niquis

504 2964 507 2968 ’
536 2962 625 3023 bomo
660 2964 762 3022 crebra
792 2963 928 3022 sensione
962 2979 1084 3039 asperae
1107 2979 1179 3022 auae
1211 2964 1335 3023 arteriae
1368 2966 1397 3022 in
1412 2996 1414 3005 ν
1428 2973 1510 3024 motu
1542 2967 1718 3025 constitutae
1750 2967 1896 3025 combibit

536 3051 635 3112 ideam
658 3048 805 3127 quandam
829 3050 1068 3126 conformationis
1091 3066 1244 3127 corporum
1267 3050 1489 3126 quomodolibet
1508 3054 1683 3133 sonantium,
1707 3052 1786 3113 idem
1810 3062 1895 3113 tanto

537 3138 653 3199 facilins
675 3145 817 3214 agnoscat
847 3144 877 3197 ιι
897 3136 1041 3212 dijudicet
1062 3139 1147 3213 quasi
1178 3138 1421 3199 conformationes
1445 3154 1597 3215 corporum
1628 3148 1709 3199 extra
1730 3159 1763 3201 se
1793 3150 1895 3202 moto-

539 3244 604 3285 rum
640 3242 734 3302 aoqua
763 3234 847 3285 motu
875 3226 988 3284 sonitus
1019 3226 1226 3291 emittentium,
1245 3242 1354 3304 eosque
1385 3229 1459 3287 inter
1481 3244 1513 3286 se
1536 3236 1736 3321 comparatos¹
1751 3228 1790 3287 ad
1812 3229 1897 3307 leges

538 3312 772 3375 harmonicamm
793 3314 1014 3390 proportionum
1036 3315 1190 3377 examinat

1000 3568 1007 3597 ι
1103 3545 1245 3617 CAPUT
1272 3546 1324 3619 lV.

541 3691 629 3762 Quid
654 3691 875 3749 discriminis
902 3694 950 3750 sit
975 3694 1073 3749 inter
1097 3693 1300 3747 harmonias
1325 3700 1464 3762 quarto,
1496 3699 1530 3748 et
1561 3676 1652 3750 inter
1678 3693 1759 3751 illas
1787 3698 1895 3751 tertio

1031 3780 1123 3849 libssro
1148 3779 1400 3835 consideratas.

630 3915 739 3998 Quanti
761 3942 806 3986 res
828 3928 967 3986 momenti
988 3927 1028 3985 sit
1047 3922 1087 3985 ad
1109 3925 1185 3985 bene
1201 3923 1477 4003 philosophandum,
1501 3925 1680 4003 distinguere
1698 3944 1794 3987 rernm
1811 3928 1894 4001 linea

542 4015 620 4073 inter
642 4028 674 4071 se
697 4020 821 4089 cognata
841 4014 985 4087 conferre,
1013 4031 1050 4073 ne
1073 4030 1125 4091 pro
1148 4012 1252 4072 iisdem
1275 4013 1447 4087 habeantur,
1475 4018 1612 4092 opposita
1633 4017 1831 4090 committere,
1862 4024 1897 4076 nt

546 4100 736 4173 illustrentur,
768 4099 797 4158 id
813 4101 891 4159 ,nibil
913 4105 1017 4161 attinet
1038 4101 1164 4177 longiori
1186 4118 1318 4161 sermone
1340 4101 1476 4177 praefert·
1520 4100 1617 4177 Quare
1642 4107 1900 4180 operaepretium
1970 4102 1971 4105 ’

475 4234 480 4240 .
543 4188 640 4261 tuerit,
664 4187 771 4261 omnia,
795 4203 870 4263 quae
889 4189 1032 4249 hactenus
1054 4187 1093 4247 ad
1114 4188 1172 4249 boo
1193 4188 1280 4269 utilia
1303 4188 1349 4249 rel
1365 4190 1486 4267 sparsim
1503 4188 1552 4249 vel
1568 4192 1719 4251 obscurius
1733 4192 1782 4250 rel
1800 4188 1898 4254 obiter

543 4276 720 4349 dictasunt,
743 4275 798 4334 sub
821 4292 911 4336 unum
931 4284 1082 4353 aspectum
1104 4292 1265 4354 proponere
1288 4285 1318 4337 et
1339 4277 1432 4336 sicubi
1454 4294 1527 4354 opus
1542 4285 1587 4337 est
1609 4279 1734 4355 amplius
1748 4278 1897 4340 iilustrare

542 4363 644 4439 adque·
662 4363 871 4440 praescriptum
895 4366 998 4438 capitis
1013 4362 1118 4424 lemma
1133 4381 1168 4423 er
1185 4364 1316 4441 professo
1330 4363 1560 4423 accommodare.
1605 4363 1786 4443 Quintuplex
1808 4370 1897 4443 igitur

544 4450 697 4511 discrimen
726 4457 771 4509 est
800 4452 874 4511 inter
901 4448 989 4524 bujne
1018 4458 1048 4512 et
1074 4450 1276 4529 praecedentis
1308 4450 1376 4511 libri
1405 4452 1665 4529 contemplationes
1692 4453 1895 4514 harmonicas:

546 4540 689 4609 nnumin
711 4554 742 4596 re
764 4539 829 4615 ipae
850 4536 1027 4611 barmoniae,
1043 4556 1140 4617 ‘cauea
1161 4556 1233 4599 snae
1256 4538 1465 4616 amplitudinis,
1489 4538 1611 4603 alterurn
1635 4541 1663 4598 in
1683 4544 1815 4603 terminis
1831 4543 1897 4617 eius
1933 4556 1937 4561 ·

545 4624 712 4700 sensilibus,
736 4627 852 4687 tertium
875 4626 904 4681 in
928 4640 1026 4698 cansa
1049 4643 1124 4701 qnae
1148 4625 1285 4687 conciliat
1306 4626 1474 4687 humaniue
1498 4644 1580 4687 suam
1604 4618 1776 4702 essentiam,
1806 4646 1898 4706 qnar-

546 4720 608 4773 tom
629 4714 660 4770 in
681 4712 769 4774 modo
792 4710 953 4785 inessendi,
982 4712 1117 4788 quintum
1138 4716 1168 4773 in
1191 4712 1293 4774 ordine
1314 4731 1484 4796 causarum,
1507 4732 1583 4790 qnae
1605 4716 1731 4776 formant
1752 4718 1897 4777 terminos

545 4800 739 4880 proportionis
760 4800 971 4862 harmonicae·
1516 4844 1518 4855 ,
1541 4864 1543 4871 Α

632 4886 657 4946 Ι.
680 4884 767 4961 Quod
789 4904 848 4947 rem
871 4890 969 4972 ipsam
988 4886 1100 4957 attinet,
1123 4903 1200 4963 quae
1221 4887 1391 4947 harmonica
1412 4890 1561 4965 proportio
1585 4888 1702 4963 dieitur,
1726 4888 1796 4950 illae
1818 4889 1896 4951 libro

546 4976 633 5035 tertio
655 4976 779 5051 primurn
801 4982 882 5035 ortae
904 4993 922 5034 a
943 4975 1122 5035 sectionibus
1145 4974 1243 5034 circuli
1270 4993 1321 5052 per
1342 4974 1450 5053 figuras
1472 4976 1620 5052 regulares
1643 4977 1745 5054 planas
1770 4978 1895 5038 demon·

546 5061 692 5147 ¹etrtebiles,
715 5076 785 5145 mox·
805 5060 844 5139 ad
865 5070 958 5124 rectae
980 5060 1074 5127 lineas
1096 5062 1256 5125 nmelatae
1270 5065 1404 5140 interque
1418 5081 1451 5126 aa
1467 5066 1639 5139 meruisses
1660 5072 1689 5128 et
1705 5065 1894 5144 conjugatae,
