<?xml version="1.0" encoding="UTF-8"?>
<!DOCTYPE html PUBLIC "-//W3C//DTD XHTML 1.0 Transitional//EN"
    "http://www.w3.org/TR/xhtml1/DTD/xhtml1-transitional.dtd">
<html xmlns="http://www.w3.org/1999/xhtml" xml:lang="en" lang="en">
 <head>
  <title>
</title>
<meta http-equiv="Content-Type" content="text/html;charset=utf-8" />
  <meta name='ocr-system' content='tesseract 3.04.00' />
  <meta name='ocr-capabilities' content='ocr_page ocr_carea ocr_par ocr_line ocrx_word'/>
</head>
<body>
  <div class='ocr_page' id='page_1' title='image "./joanniskepleria19frisgoog_0293.png"; bbox 0 0 4467 6192; ppageno 0'>
   <div class='ocr_carea' id='block_1_1' title="bbox 875 682 1703 765">
    <p class='ocr_par' dir='ltr' id='par_1_1' title="bbox 875 682 1703 765">
     <span class='ocr_line' id='line_1_1' title="bbox 875 682 1703 765; baseline 0.012 -12"><span class='ocrx_word' id='word_1_1' title='bbox 875 682 959 753; x_wconf 71' lang='lat' dir='ltr'><strong>itus</strong></span> <span class='ocrx_word' id='word_1_2' title='bbox 975 696 1008 751; x_wconf 83' lang='lat' dir='ltr'><strong>v.</strong></span> <span class='ocrx_word' id='word_1_3' title='bbox 1029 696 1117 765; x_wconf 76' lang='lat' dir='ltr'><strong>eaput</strong></span> <span class='ocrx_word' id='word_1_4' title='bbox 1135 688 1185 752; x_wconf 87' lang='grc' dir='ltr'>ιιι.</span> <span class='ocrx_word' id='word_1_5' title='bbox 1640 693 1703 763; x_wconf 84' lang='grc' dir='ltr'><strong>ιιι</strong></span> 
     </span>
    </p>
   </div>
   <div class='ocr_carea' id='block_1_2' title="bbox 342 872 1774 4889">
    <p class='ocr_par' dir='ltr' id='par_1_2' title="bbox 346 872 1705 1038">
     <span class='ocr_line' id='line_1_2' title="bbox 347 872 1705 954; baseline 0.003 -21"><span class='ocrx_word' id='word_1_6' title='bbox 347 876 446 933; x_wconf 85' lang='grc' dir='ltr'>ιιιιιιιιι</span> <span class='ocrx_word' id='word_1_7' title='bbox 469 872 649 949; x_wconf 81' lang='lat' dir='ltr'><strong>ejiciendas3</strong></span> <span class='ocrx_word' id='word_1_8' title='bbox 680 892 738 934; x_wconf 90' lang='lat' dir='ltr'><strong>noa</strong></span> <span class='ocrx_word' id='word_1_9' title='bbox 761 873 879 935; x_wconf 87' lang='lat' dir='ltr'><strong>tradunt</strong></span> <span class='ocrx_word' id='word_1_10' title='bbox 901 885 1027 951; x_wconf 85' lang='lat' dir='ltr'><strong>namque</strong></span> <span class='ocrx_word' id='word_1_11' title='bbox 1051 893 1151 935; x_wconf 89' lang='lat' dir='ltr'><strong>veram</strong></span> <span class='ocrx_word' id='word_1_12' title='bbox 1180 882 1209 935; x_wconf 88' lang='lat' dir='ltr'><strong>et</strong></span> <span class='ocrx_word' id='word_1_13' title='bbox 1233 892 1386 952; x_wconf 88' lang='lat' dir='ltr'><strong>corporum</strong></span> <span class='ocrx_word' id='word_1_14' title='bbox 1409 875 1510 935; x_wconf 91' lang='lat' dir='ltr'><strong>mnndi</strong></span> <span class='ocrx_word' id='word_1_15' title='bbox 1532 875 1705 954; x_wconf 88' lang='lat' dir='ltr'><strong>dispositio-</strong></span> 
     </span>
     <span class='ocr_line' id='line_1_3' title="bbox 346 961 794 1038; baseline 0.009 -19"><span class='ocrx_word' id='word_1_16' title='bbox 346 979 416 1020; x_wconf 99' lang='lat' dir='ltr'><strong>nem</strong></span> <span class='ocrx_word' id='word_1_17' title='bbox 439 969 471 1019; x_wconf 91' lang='lat' dir='ltr'><strong>et</strong></span> <span class='ocrx_word' id='word_1_18' title='bbox 492 969 628 1019; x_wconf 88' lang='lat' dir='ltr'><strong>motuum</strong></span> <span class='ocrx_word' id='word_1_19' title='bbox 650 961 794 1038; x_wconf 88' lang='lat' dir='ltr'><strong>politiam.</strong></span> 
     </span>
    </p>

    <p class='ocr_par' dir='ltr' id='par_1_3' title="bbox 344 1047 1774 4014">
     <span class='ocr_line' id='line_1_4' title="bbox 432 1047 1702 1128; baseline 0.002 -21"><span class='ocrx_word' id='word_1_20' title='bbox 432 1047 469 1107; x_wconf 91' lang='lat' dir='ltr'><strong>lu</strong></span> <span class='ocrx_word' id='word_1_21' title='bbox 494 1065 596 1116; x_wconf 86' lang='lat' dir='ltr'><strong>earnm</strong></span> <span class='ocrx_word' id='word_1_22' title='bbox 617 1048 723 1121; x_wconf 90' lang='lat' dir='ltr'><strong>lecum,</strong></span> <span class='ocrx_word' id='word_1_23' title='bbox 747 1051 802 1109; x_wconf 86' lang='lat' dir='ltr'><strong>etsi</strong></span> <span class='ocrx_word' id='word_1_24' title='bbox 825 1048 922 1109; x_wconf 87' lang='lat' dir='ltr'><strong>iacere</strong></span> <span class='ocrx_word' id='word_1_25' title='bbox 943 1049 1027 1109; x_wconf 89' lang='lat' dir='ltr'><strong>aliter</strong></span> <span class='ocrx_word' id='word_1_26' title='bbox 1050 1065 1109 1107; x_wconf 92' lang='lat' dir='ltr'><strong>non</strong></span> <span class='ocrx_word' id='word_1_27' title='bbox 1125 1066 1254 1128; x_wconf 90' lang='lat' dir='ltr'><strong>possum,</strong></span> <span class='ocrx_word' id='word_1_28' title='bbox 1278 1049 1347 1125; x_wconf 91' lang='lat' dir='ltr'><strong>quin</strong></span> <span class='ocrx_word' id='word_1_29' title='bbox 1368 1048 1526 1125; x_wconf 82' lang='lat' dir='ltr'><strong>Cupernioi</strong></span> <span class='ocrx_word' id='word_1_30' title='bbox 1542 1048 1578 1109; x_wconf 90' lang='lat' dir='ltr'><strong>de</strong></span> <span class='ocrx_word' id='word_1_31' title='bbox 1594 1049 1702 1109; x_wconf 91' lang='lat' dir='ltr'><strong>mundo</strong></span> 
     </span>
     <span class='ocr_line' id='line_1_5' title="bbox 348 1135 1703 1215; baseline 0.001 -20"><span class='ocrx_word' id='word_1_32' title='bbox 348 1135 531 1195; x_wconf 84' lang='lat' dir='ltr'><strong>senteutiam</strong></span> <span class='ocrx_word' id='word_1_33' title='bbox 551 1138 638 1195; x_wconf 91' lang='lat' dir='ltr'><strong>unice</strong></span> <span class='ocrx_word' id='word_1_34' title='bbox 662 1145 700 1195; x_wconf 41' lang='lat' dir='ltr'><strong>et,</strong></span> <span class='ocrx_word' id='word_1_35' title='bbox 714 1136 890 1197; x_wconf 73' lang='lat' dir='ltr'><strong>substituam</strong></span> <span class='ocrx_word' id='word_1_36' title='bbox 913 1144 943 1197; x_wconf 88' lang='lat' dir='ltr'><strong>et</strong></span> <span class='ocrx_word' id='word_1_37' title='bbox 964 1139 990 1195; x_wconf 88' lang='lat' dir='ltr'><strong>si</strong></span> <span class='ocrx_word' id='word_1_38' title='bbox 1013 1137 1153 1212; x_wconf 89' lang='lat' dir='ltr'><strong>possibile</strong></span> <span class='ocrx_word' id='word_1_39' title='bbox 1176 1144 1254 1195; x_wconf 88' lang='lat' dir='ltr'><strong>esset</strong></span> <span class='ocrx_word' id='word_1_40' title='bbox 1277 1138 1412 1196; x_wconf 88' lang='lat' dir='ltr'><strong>omnibns</strong></span> <span class='ocrx_word' id='word_1_41' title='bbox 1437 1137 1648 1215; x_wconf 83' lang='lat' dir='ltr'><strong>persuadeam,</strong></span> <span class='ocrx_word' id='word_1_42' title='bbox 1672 1144 1703 1197; x_wconf 91' lang='lat' dir='ltr'><strong>at</strong></span> 
     </span>
     <span class='ocr_line' id='line_1_6' title="bbox 346 1224 1704 1303; baseline 0.002 -22"><span class='ocrx_word' id='word_1_43' title='bbox 346 1226 417 1299; x_wconf 89' lang='lat' dir='ltr'><strong>qnia</strong></span> <span class='ocrx_word' id='word_1_44' title='bbox 441 1242 489 1283; x_wconf 89' lang='lat' dir='ltr'><strong>res</strong></span> <span class='ocrx_word' id='word_1_45' title='bbox 511 1224 591 1299; x_wconf 90' lang='lat' dir='ltr'><strong>apud</strong></span> <span class='ocrx_word' id='word_1_46' title='bbox 614 1224 721 1300; x_wconf 78' lang='lat' dir='ltr'><strong>vulgus</strong></span> <span class='ocrx_word' id='word_1_47' title='bbox 743 1224 941 1284; x_wconf 88' lang='lat' dir='ltr'><strong>studiosorum</strong></span> <span class='ocrx_word' id='word_1_48' title='bbox 963 1226 1123 1284; x_wconf 76' lang='lat' dir='ltr'><strong>etiamnum</strong></span> <span class='ocrx_word' id='word_1_49' title='bbox 1151 1240 1230 1282; x_wconf 87' lang='lat' dir='ltr'><strong>nova</strong></span> <span class='ocrx_word' id='word_1_50' title='bbox 1252 1232 1296 1283; x_wconf 89' lang='lat' dir='ltr'><strong>eat</strong></span> <span class='ocrx_word' id='word_1_51' title='bbox 1324 1234 1356 1283; x_wconf 91' lang='lat' dir='ltr'><strong>et</strong></span> <span class='ocrx_word' id='word_1_52' title='bbox 1376 1224 1483 1303; x_wconf 79' lang='lat' dir='ltr'><strong>dogma</strong></span> <span class='ocrx_word' id='word_1_53' title='bbox 1504 1225 1608 1284; x_wconf 90' lang='lat' dir='ltr'><strong>auditu</strong></span> <span class='ocrx_word' id='word_1_54' title='bbox 1638 1225 1704 1303; x_wconf 85' lang='lat' dir='ltr'><strong>ple·</strong></span> 
     </span>
     <span class='ocr_line' id='line_1_7' title="bbox 349 1310 1704 1388; baseline 0.002 -20"><span class='ocrx_word' id='word_1_55' title='bbox 349 1314 452 1386; x_wconf 86' lang='lat' dir='ltr'><strong>risque</strong></span> <span class='ocrx_word' id='word_1_56' title='bbox 482 1310 740 1384; x_wconf 85' lang='lat' dir='ltr'><strong>absurdissimum,</strong></span> <span class='ocrx_word' id='word_1_57' title='bbox 772 1311 892 1371; x_wconf 83' lang='lat' dir='ltr'><strong>Terram</strong></span> <span class='ocrx_word' id='word_1_58' title='bbox 923 1328 960 1371; x_wconf 77' lang='lat' dir='ltr'><strong>cu</strong></span> <span class='ocrx_word' id='word_1_59' title='bbox 990 1312 1116 1388; x_wconf 85' lang='lat' dir='ltr'><strong>planetis</strong></span> <span class='ocrx_word' id='word_1_60' title='bbox 1144 1328 1234 1371; x_wconf 90' lang='lat' dir='ltr'><strong>unum</strong></span> <span class='ocrx_word' id='word_1_61' title='bbox 1257 1328 1322 1371; x_wconf 87' lang='lat' dir='ltr'><strong>esse</strong></span> <span class='ocrx_word' id='word_1_62' title='bbox 1352 1312 1485 1388; x_wconf 89' lang='lat' dir='ltr'><strong>interque</strong></span> <span class='ocrx_word' id='word_1_63' title='bbox 1515 1313 1613 1372; x_wconf 86' lang='lat' dir='ltr'><strong>sidere</strong></span> <span class='ocrx_word' id='word_1_64' title='bbox 1636 1314 1704 1372; x_wconf 90' lang='lat' dir='ltr'><strong>ierri</strong></span> 
     </span>
     <span class='ocr_line' id='line_1_8' title="bbox 346 1397 1706 1477; baseline 0.001 -20"><span class='ocrx_word' id='word_1_65' title='bbox 346 1401 428 1464; x_wconf 83' lang='lat' dir='ltr'><strong>circa</strong></span> <span class='ocrx_word' id='word_1_66' title='bbox 448 1397 550 1460; x_wconf 89' lang='lat' dir='ltr'><strong>Solem</strong></span> <span class='ocrx_word' id='word_1_67' title='bbox 568 1401 770 1470; x_wconf 77' lang='lat' dir='ltr'><strong>immobilem:</strong></span> <span class='ocrx_word' id='word_1_68' title='bbox 797 1402 892 1459; x_wconf 81' lang='lat' dir='ltr'><strong>seiam</strong></span> <span class='ocrx_word' id='word_1_69' title='bbox 913 1400 1017 1474; x_wconf 76' lang='lat' dir='ltr'><strong>igitur,</strong></span> <span class='ocrx_word' id='word_1_70' title='bbox 1049 1403 1099 1477; x_wconf 94' lang='lat' dir='ltr'><strong>qui</strong></span> <span class='ocrx_word' id='word_1_71' title='bbox 1123 1398 1210 1474; x_wconf 90' lang='lat' dir='ltr'><strong>hujus</strong></span> <span class='ocrx_word' id='word_1_72' title='bbox 1233 1400 1395 1459; x_wconf 88' lang='lat' dir='ltr'><strong>sententiae</strong></span> <span class='ocrx_word' id='word_1_73' title='bbox 1425 1399 1583 1459; x_wconf 86' lang='lat' dir='ltr'><strong>insolentia</strong></span> <span class='ocrx_word' id='word_1_74' title='bbox 1612 1401 1706 1477; x_wconf 46' lang='lat' dir='ltr'><strong>effen,-</strong></span> 
     </span>
     <span class='ocr_line' id='line_1_9' title="bbox 345 1485 1706 1563; baseline 0.001 -18"><span class='ocrx_word' id='word_1_75' title='bbox 345 1485 465 1560; x_wconf 88' lang='lat' dir='ltr'><strong>dnntur,</strong></span> <span class='ocrx_word' id='word_1_76' title='bbox 489 1485 706 1562; x_wconf 77' lang='lat' dir='ltr'><strong>speculationes</strong></span> <span class='ocrx_word' id='word_1_77' title='bbox 729 1488 784 1545; x_wconf 89' lang='lat' dir='ltr'><strong>has</strong></span> <span class='ocrx_word' id='word_1_78' title='bbox 807 1486 992 1546; x_wconf 87' lang='lat' dir='ltr'><strong>barmoaicas</strong></span> <span class='ocrx_word' id='word_1_79' title='bbox 1013 1491 1103 1547; x_wconf 90' lang='lat' dir='ltr'><strong>etiam</strong></span> <span class='ocrx_word' id='word_1_80' title='bbox 1126 1489 1155 1543; x_wconf 89' lang='lat' dir='ltr'><strong>in</strong></span> <span class='ocrx_word' id='word_1_81' title='bbox 1178 1486 1393 1562; x_wconf 82' lang='lat' dir='ltr'><strong>hypothesibus</strong></span> <span class='ocrx_word' id='word_1_82' title='bbox 1426 1486 1570 1563; x_wconf 68' lang='lat' dir='ltr'><strong>Tychome</strong></span> <span class='ocrx_word' id='word_1_83' title='bbox 1590 1487 1706 1547; x_wconf 82' lang='lat' dir='ltr'><strong>Broltci</strong></span> 
     </span>
     <span class='ocr_line' id='line_1_10' title="bbox 346 1569 1705 1651; baseline 0.002 -20"><span class='ocrx_word' id='word_1_84' title='bbox 346 1573 449 1633; x_wconf 89' lang='lat' dir='ltr'><strong>locum</strong></span> <span class='ocrx_word' id='word_1_85' title='bbox 473 1575 619 1649; x_wconf 88' lang='lat' dir='ltr'><strong>obtinere,</strong></span> <span class='ocrx_word' id='word_1_86' title='bbox 642 1583 797 1651; x_wconf 90' lang='lat' dir='ltr'><strong>prepterea</strong></span> <span class='ocrx_word' id='word_1_87' title='bbox 819 1574 905 1650; x_wconf 86' lang='lat' dir='ltr'><strong>qnod</strong></span> <span class='ocrx_word' id='word_1_88' title='bbox 920 1583 1023 1638; x_wconf 84' lang='lat' dir='ltr'><strong>auctor</strong></span> <span class='ocrx_word' id='word_1_89' title='bbox 1045 1575 1094 1633; x_wconf 90' lang='lat' dir='ltr'><strong>ille</strong></span> <span class='ocrx_word' id='word_1_90' title='bbox 1119 1581 1215 1633; x_wconf 89' lang='lat' dir='ltr'><strong>cetera</strong></span> <span class='ocrx_word' id='word_1_91' title='bbox 1238 1577 1351 1647; x_wconf 88' lang='lat' dir='ltr'><strong>omnia,</strong></span> <span class='ocrx_word' id='word_1_92' title='bbox 1382 1590 1458 1650; x_wconf 86' lang='lat' dir='ltr'><strong>quae</strong></span> <span class='ocrx_word' id='word_1_93' title='bbox 1483 1569 1705 1650; x_wconf 85' lang='lat' dir='ltr'><strong>dispositionem</strong></span> 
     </span>
     <span class='ocr_line' id='line_1_11' title="bbox 347 1661 1707 1747; baseline 0 -27"><span class='ocrx_word' id='word_1_94' title='bbox 347 1678 506 1737; x_wconf 89' lang='lat' dir='ltr'><strong>corporum</strong></span> <span class='ocrx_word' id='word_1_95' title='bbox 528 1670 559 1720; x_wconf 89' lang='lat' dir='ltr'><strong>et</strong></span> <span class='ocrx_word' id='word_1_96' title='bbox 580 1664 878 1737; x_wconf 82' lang='lat' dir='ltr'><strong>contemperationem</strong></span> <span class='ocrx_word' id='word_1_97' title='bbox 900 1670 1033 1721; x_wconf 88' lang='lat' dir='ltr'><strong>motuum</strong></span> <span class='ocrx_word' id='word_1_98' title='bbox 1055 1665 1197 1734; x_wconf 80' lang='lat' dir='ltr'><strong>attinent,</strong></span> <span class='ocrx_word' id='word_1_99' title='bbox 1229 1677 1295 1719; x_wconf 90' lang='lat' dir='ltr'><strong>enm</strong></span> <span class='ocrx_word' id='word_1_100' title='bbox 1319 1661 1481 1739; x_wconf 83' lang='lat' dir='ltr'><strong>copernico</strong></span> <span class='ocrx_word' id='word_1_101' title='bbox 1512 1661 1602 1747; x_wconf 76' lang='grc' dir='ltr'>ιιιιιιι</span> <span class='ocrx_word' id='word_1_102' title='bbox 1625 1679 1707 1721; x_wconf 89' lang='lat' dir='ltr'><strong>eom·</strong></span> 
     </span>
     <span class='ocr_line' id='line_1_12' title="bbox 346 1749 1706 1851; baseline 0.001 -44"><span class='ocrx_word' id='word_1_103' title='bbox 346 1752 466 1822; x_wconf 90' lang='lat' dir='ltr'><strong>munia,</strong></span> <span class='ocrx_word' id='word_1_104' title='bbox 498 1749 595 1810; x_wconf 85' lang='lat' dir='ltr'><strong>solun</strong></span> <span class='ocrx_word' id='word_1_105' title='bbox 617 1750 724 1809; x_wconf 89' lang='lat' dir='ltr'><strong>Terrae</strong></span> <span class='ocrx_word' id='word_1_106' title='bbox 746 1759 859 1809; x_wconf 86' lang='lat' dir='ltr'><strong>motum</strong></span> <span class='ocrx_word' id='word_1_107' title='bbox 880 1763 1010 1831; x_wconf 85' lang='lat' dir='ltr'><strong>aunuum</strong></span> <span class='ocrx_word' id='word_1_108' title='bbox 1032 1749 1265 1851; x_wconf 79' lang='lat' dir='ltr'><strong>Capernieannm</strong></span> <span class='ocrx_word' id='word_1_109' title='bbox 1293 1751 1465 1809; x_wconf 78' lang='lat' dir='ltr'><strong>transfert</strong></span> <span class='ocrx_word' id='word_1_110' title='bbox 1457 1766 1519 1827; x_wconf 91' lang='lat' dir='ltr'><strong>rpse</strong></span> <span class='ocrx_word' id='word_1_111' title='bbox 1550 1750 1581 1807; x_wconf 93' lang='lat' dir='ltr'><strong>in</strong></span> <span class='ocrx_word' id='word_1_112' title='bbox 1611 1756 1706 1809; x_wconf 89' lang='lat' dir='ltr'><strong>totum</strong></span> 
     </span>
     <span class='ocr_line' id='line_1_13' title="bbox 346 1836 1756 1921; baseline 0.001 -26"><span class='ocrx_word' id='word_1_113' title='bbox 346 1844 482 1915; x_wconf 80' lang='lat' dir='ltr'><strong>systema</strong></span> <span class='ocrx_word' id='word_1_114' title='bbox 505 1838 619 1895; x_wconf 90' lang='lat' dir='ltr'><strong>orbium</strong></span> <span class='ocrx_word' id='word_1_115' title='bbox 642 1836 900 1915; x_wconf 81' lang='lat' dir='ltr'><strong>planetariorum</strong></span> <span class='ocrx_word' id='word_1_116' title='bbox 892 1854 981 1913; x_wconf 87' lang='lat' dir='ltr'><strong>reque</strong></span> <span class='ocrx_word' id='word_1_117' title='bbox 1002 1836 1116 1909; x_wconf 88' lang='lat' dir='ltr'><strong>Solem,</strong></span> <span class='ocrx_word' id='word_1_118' title='bbox 1149 1838 1200 1912; x_wconf 90' lang='lat' dir='ltr'><strong>qui</strong></span> <span class='ocrx_word' id='word_1_119' title='bbox 1231 1838 1295 1912; x_wconf 89' lang='lat' dir='ltr'><strong>ejus</strong></span> <span class='ocrx_word' id='word_1_120' title='bbox 1317 1836 1445 1896; x_wconf 88' lang='lat' dir='ltr'><strong>medium</strong></span> <span class='ocrx_word' id='word_1_121' title='bbox 1474 1838 1601 1911; x_wconf 89' lang='lat' dir='ltr'><strong>obtinet,</strong></span> <span class='ocrx_word' id='word_1_122' title='bbox 1633 1854 1706 1897; x_wconf 87' lang='lat' dir='ltr'><strong>eoo·</strong></span> <span class='ocrx_word' id='word_1_123' title='bbox 1753 1909 1756 1921; x_wconf 24' lang='lat'>⁵</span> 
     </span>
     <span class='ocr_line' id='line_1_14' title="bbox 346 1924 1708 2001; baseline 0.001 -18"><span class='ocrx_word' id='word_1_124' title='bbox 346 1942 440 1983; x_wconf 87' lang='lat' dir='ltr'><strong>aenan</strong></span> <span class='ocrx_word' id='word_1_125' title='bbox 461 1927 590 1983; x_wconf 88' lang='lat' dir='ltr'><strong>auctoris</strong></span> <span class='ocrx_word' id='word_1_126' title='bbox 614 1928 777 2001; x_wconf 62' lang='lat' dir='ltr'><strong>utiusque</strong></span> <span class='ocrx_word' id='word_1_127' title='bbox 819 1924 896 1983; x_wconf 84' lang='lat' dir='ltr'><strong>Nam</strong></span> <span class='ocrx_word' id='word_1_128' title='bbox 918 1938 955 1983; x_wconf 82' lang='lat' dir='ltr'><strong>ex</strong></span> <span class='ocrx_word' id='word_1_129' title='bbox 973 1925 1029 1984; x_wconf 87' lang='lat' dir='ltr'><strong>hac</strong></span> <span class='ocrx_word' id='word_1_130' title='bbox 1053 1924 1245 1984; x_wconf 83' lang='lat' dir='ltr'><strong>translatione</strong></span> <span class='ocrx_word' id='word_1_131' title='bbox 1267 1932 1365 1983; x_wconf 88' lang='lat' dir='ltr'><strong>motus</strong></span> <span class='ocrx_word' id='word_1_132' title='bbox 1387 1925 1420 1985; x_wconf 89' lang='lat' dir='ltr'><strong>lit</strong></span> <span class='ocrx_word' id='word_1_133' title='bbox 1442 1924 1647 1999; x_wconf 90' lang='lat' dir='ltr'><strong>nihilominus,</strong></span> <span class='ocrx_word' id='word_1_134' title='bbox 1675 1933 1708 1985; x_wconf 92' lang='lat' dir='ltr'><strong>ut</strong></span> 
     </span>
     <span class='ocr_line' id='line_1_15' title="bbox 347 2010 1707 2089; baseline 0.001 -20"><span class='ocrx_word' id='word_1_135' title='bbox 347 2010 451 2083; x_wconf 84' lang='lat' dir='ltr'><strong>Terra,</strong></span> <span class='ocrx_word' id='word_1_136' title='bbox 475 2014 501 2070; x_wconf 91' lang='lat' dir='ltr'><strong>si</strong></span> <span class='ocrx_word' id='word_1_137' title='bbox 523 2029 583 2071; x_wconf 91' lang='lat' dir='ltr'><strong>nen</strong></span> <span class='ocrx_word' id='word_1_138' title='bbox 605 2015 635 2069; x_wconf 93' lang='lat' dir='ltr'><strong>in</strong></span> <span class='ocrx_word' id='word_1_139' title='bbox 660 2014 826 2075; x_wconf 82' lang='lat' dir='ltr'><strong>vastissimo</strong></span> <span class='ocrx_word' id='word_1_140' title='bbox 850 2010 902 2071; x_wconf 91' lang='lat' dir='ltr'><strong>illo</strong></span> <span class='ocrx_word' id='word_1_141' title='bbox 925 2020 955 2071; x_wconf 91' lang='lat' dir='ltr'><strong>et</strong></span> <span class='ocrx_word' id='word_1_142' title='bbox 977 2016 1119 2071; x_wconf 84' lang='lat' dir='ltr'><strong>immenso</strong></span> <span class='ocrx_word' id='word_1_143' title='bbox 1142 2012 1238 2089; x_wconf 89' lang='lat' dir='ltr'><strong>spatio</strong></span> <span class='ocrx_word' id='word_1_144' title='bbox 1261 2010 1405 2088; x_wconf 84' lang='lat' dir='ltr'><strong>sphaerae</strong></span> <span class='ocrx_word' id='word_1_145' title='bbox 1428 2010 1566 2087; x_wconf 86' lang='lat' dir='ltr'><strong>fixarum,</strong></span> <span class='ocrx_word' id='word_1_146' title='bbox 1589 2020 1621 2071; x_wconf 91' lang='lat' dir='ltr'><strong>at</strong></span> <span class='ocrx_word' id='word_1_147' title='bbox 1643 2013 1707 2085; x_wconf 47' lang='lat' dir='ltr'><strong>sel?</strong></span> 
     </span>
     <span class='ocr_line' id='line_1_16' title="bbox 346 2096 1705 2178; baseline 0.001 -20"><span class='ocrx_word' id='word_1_148' title='bbox 346 2110 409 2158; x_wconf 87' lang='lat' dir='ltr'><strong>tem</strong></span> <span class='ocrx_word' id='word_1_149' title='bbox 438 2101 468 2158; x_wconf 90' lang='lat' dir='ltr'><strong>in</strong></span> <span class='ocrx_word' id='word_1_150' title='bbox 497 2110 656 2176; x_wconf 74' lang='lat' dir='ltr'><strong>systemate</strong></span> <span class='ocrx_word' id='word_1_151' title='bbox 686 2099 787 2163; x_wconf 89' lang='lat' dir='ltr'><strong>mundi</strong></span> <span class='ocrx_word' id='word_1_152' title='bbox 819 2100 974 2175; x_wconf 79' lang='lat' dir='ltr'><strong>planetarii</strong></span> <span class='ocrx_word' id='word_1_153' title='bbox 1003 2101 1100 2159; x_wconf 87' lang='lat' dir='ltr'><strong>locum</strong></span> <span class='ocrx_word' id='word_1_154' title='bbox 1131 2101 1263 2158; x_wconf 88' lang='lat' dir='ltr'><strong>obtineat</strong></span> <span class='ocrx_word' id='word_1_155' title='bbox 1280 2096 1400 2175; x_wconf 84' lang='lat' dir='ltr'><strong>&#39;quevis</strong></span> <span class='ocrx_word' id='word_1_156' title='bbox 1423 2106 1553 2178; x_wconf 90' lang='lat' dir='ltr'><strong>tempore</strong></span> <span class='ocrx_word' id='word_1_157' title='bbox 1580 2100 1705 2169; x_wconf 87' lang='lat' dir='ltr'><strong>eundern</strong></span> 
     </span>
     <span class='ocr_line' id='line_1_17' title="bbox 346 2185 1726 2267; baseline 0.001 -22"><span class='ocrx_word' id='word_1_158' title='bbox 346 2185 430 2265; x_wconf 87' lang='lat' dir='ltr'><strong>apud</strong></span> <span class='ocrx_word' id='word_1_159' title='bbox 454 2185 617 2261; x_wconf 86' lang='lat' dir='ltr'><strong>Brabeum,</strong></span> <span class='ocrx_word' id='word_1_160' title='bbox 649 2205 736 2263; x_wconf 90' lang='lat' dir='ltr'><strong>quem</strong></span> <span class='ocrx_word' id='word_1_161' title='bbox 765 2190 792 2247; x_wconf 89' lang='lat' dir='ltr'><strong>ai</strong></span> <span class='ocrx_word' id='word_1_162' title='bbox 821 2186 1090 2263; x_wconf 80' lang='lat' dir='ltr'><strong>datilopsrniens,</strong></span> <span class='ocrx_word' id='word_1_163' title='bbox 1123 2187 1270 2262; x_wconf 85' lang='lat' dir='ltr'><strong>adeoque,</strong></span> <span class='ocrx_word' id='word_1_164' title='bbox 1302 2190 1378 2247; x_wconf 84' lang='lat' dir='ltr'><strong>siout</strong></span> <span class='ocrx_word' id='word_1_165' title='bbox 1406 2186 1570 2267; x_wconf 82' lang='lat' dir='ltr'><strong>quisuper</strong></span> <span class='ocrx_word' id='word_1_166' title='bbox 1593 2204 1726 2266; x_wconf 88' lang='lat' dir='ltr'><strong>papyro·</strong></span> 
     </span>
     <span class='ocr_line' id='line_1_18' title="bbox 348 2270 1707 2353; baseline 0 -20"><span class='ocrx_word' id='word_1_167' title='bbox 348 2272 494 2333; x_wconf 85' lang='lat' dir='ltr'><strong>cirerrlum</strong></span> <span class='ocrx_word' id='word_1_168' title='bbox 518 2277 636 2349; x_wconf 85' lang='lat' dir='ltr'><strong>scribit,</strong></span> <span class='ocrx_word' id='word_1_169' title='bbox 664 2278 689 2333; x_wconf 88' lang='lat' dir='ltr'><strong>is</strong></span> <span class='ocrx_word' id='word_1_170' title='bbox 711 2274 816 2353; x_wconf 86' lang='lat' dir='ltr'><strong>pedem</strong></span> <span class='ocrx_word' id='word_1_171' title='bbox 847 2272 957 2334; x_wconf 88' lang='lat' dir='ltr'><strong>cir&#39;cini·</strong></span> <span class='ocrx_word' id='word_1_172' title='bbox 969 2278 1154 2352; x_wconf 87' lang='lat' dir='ltr'><strong>scriptorium</strong></span> <span class='ocrx_word' id='word_1_173' title='bbox 1174 2276 1355 2348; x_wconf 81' lang='lat' dir='ltr'><strong>chettmiert,</strong></span> <span class='ocrx_word' id='word_1_174' title='bbox 1390 2276 1440 2350; x_wconf 90' lang='lat' dir='ltr'><strong>qui</strong></span> <span class='ocrx_word' id='word_1_175' title='bbox 1464 2270 1533 2335; x_wconf 82' lang='lat' dir='ltr'><strong>vere</strong></span> <span class='ocrx_word' id='word_1_176' title='bbox 1563 2293 1707 2353; x_wconf 85' lang='lat' dir='ltr'><strong>papyrum</strong></span> 
     </span>
     <span class='ocr_line' id='line_1_19' title="bbox 344 2359 1706 2438; baseline 0.001 -17"><span class='ocrx_word' id='word_1_177' title='bbox 344 2378 402 2421; x_wconf 89' lang='lat' dir='ltr'><strong>seu</strong></span> <span class='ocrx_word' id='word_1_178' title='bbox 426 2359 560 2421; x_wconf 86' lang='lat' dir='ltr'><strong>tabulam</strong></span> <span class='ocrx_word' id='word_1_179' title='bbox 582 2362 678 2437; x_wconf 82' lang='lat' dir='ltr'><strong>alligit</strong></span> <span class='ocrx_word' id='word_1_180' title='bbox 700 2369 784 2421; x_wconf 89' lang='lat' dir='ltr'><strong>torno</strong></span> <span class='ocrx_word' id='word_1_181' title='bbox 808 2362 949 2436; x_wconf 85' lang='lat' dir='ltr'><strong>volubili,</strong></span> <span class='ocrx_word' id='word_1_182' title='bbox 972 2363 998 2421; x_wconf 91' lang='lat' dir='ltr'><strong>is</strong></span> <span class='ocrx_word' id='word_1_183' title='bbox 1020 2365 1141 2422; x_wconf 91' lang='lat' dir='ltr'><strong>immeto</strong></span> <span class='ocrx_word' id='word_1_184' title='bbox 1163 2361 1240 2438; x_wconf 89' lang='lat' dir='ltr'><strong>pede</strong></span> <span class='ocrx_word' id='word_1_185' title='bbox 1264 2364 1362 2423; x_wconf 90' lang='lat' dir='ltr'><strong>circini</strong></span> <span class='ocrx_word' id='word_1_186' title='bbox 1392 2380 1443 2421; x_wconf 88' lang='lat' dir='ltr'><strong>seu</strong></span> <span class='ocrx_word' id='word_1_187' title='bbox 1467 2361 1535 2421; x_wconf 87' lang='lat' dir='ltr'><strong>stilo</strong></span> <span class='ocrx_word' id='word_1_188' title='bbox 1566 2362 1706 2423; x_wconf 86' lang='lat' dir='ltr'><strong>circulum</strong></span> 
     </span>
     <span class='ocr_line' id='line_1_20' title="bbox 348 2448 1707 2527; baseline 0.002 -20"><span class='ocrx_word' id='word_1_189' title='bbox 348 2448 494 2507; x_wconf 90' lang='lat' dir='ltr'><strong>describit</strong></span> <span class='ocrx_word' id='word_1_190' title='bbox 520 2449 646 2513; x_wconf 89' lang='lat' dir='ltr'><strong>eundem</strong></span> <span class='ocrx_word' id='word_1_191' title='bbox 675 2467 764 2527; x_wconf 88' lang='lat' dir='ltr'><strong>snper</strong></span> <span class='ocrx_word' id='word_1_192' title='bbox 786 2449 957 2510; x_wconf 85' lang='lat' dir='ltr'><strong>decurrente</strong></span> <span class='ocrx_word' id='word_1_193' title='bbox 984 2450 1101 2518; x_wconf 83' lang='lat' dir='ltr'><strong>tabula</strong></span> <span class='ocrx_word' id='word_1_194' title='bbox 1121 2452 1175 2516; x_wconf 83' lang='lat' dir='ltr'><strong>sie</strong></span> <span class='ocrx_word' id='word_1_195' title='bbox 1204 2452 1293 2507; x_wconf 87' lang='lat' dir='ltr'><strong>etiam</strong></span> <span class='ocrx_word' id='word_1_196' title='bbox 1323 2449 1370 2508; x_wconf 90' lang='lat' dir='ltr'><strong>hic</strong></span> <span class='ocrx_word' id='word_1_197' title='bbox 1394 2449 1707 2527; x_wconf 78' lang='lat' dir='ltr'><strong>(lopernicoquidem</strong></span> 
     </span>
     <span class='ocr_line' id='line_1_21' title="bbox 346 2534 1707 2613; baseline 0.003 -20"><span class='ocrx_word' id='word_1_198' title='bbox 346 2534 455 2595; x_wconf 90' lang='lat' dir='ltr'><strong>Tellus</strong></span> <span class='ocrx_word' id='word_1_199' title='bbox 486 2537 626 2597; x_wconf 88' lang='lat' dir='ltr'><strong>circulum</strong></span> <span class='ocrx_word' id='word_1_200' title='bbox 658 2546 784 2596; x_wconf 87' lang='lat' dir='ltr'><strong>metatur</strong></span> <span class='ocrx_word' id='word_1_201' title='bbox 806 2544 890 2597; x_wconf 82' lang='lat' dir='ltr'><strong>metu</strong></span> <span class='ocrx_word' id='word_1_202' title='bbox 919 2539 980 2596; x_wconf 90' lang='lat' dir='ltr'><strong>sni</strong></span> <span class='ocrx_word' id='word_1_203' title='bbox 989 2539 1117 2613; x_wconf 89' lang='lat' dir='ltr'><strong>corporis</strong></span> <span class='ocrx_word' id='word_1_204' title='bbox 1141 2536 1236 2609; x_wconf 84' lang='lat' dir='ltr'><strong>reali,</strong></span> <span class='ocrx_word' id='word_1_205' title='bbox 1261 2536 1393 2596; x_wconf 88' lang='lat' dir='ltr'><strong>medium</strong></span> <span class='ocrx_word' id='word_1_206' title='bbox 1417 2537 1599 2596; x_wconf 87' lang='lat' dir='ltr'><strong>incedentem</strong></span> <span class='ocrx_word' id='word_1_207' title='bbox 1631 2540 1707 2597; x_wconf 88' lang='lat' dir='ltr'><strong>inter</strong></span> 
     </span>
     <span class='ocr_line' id='line_1_22' title="bbox 347 2622 1707 2702; baseline 0.002 -20"><span class='ocrx_word' id='word_1_208' title='bbox 347 2622 479 2682; x_wconf 89' lang='lat' dir='ltr'><strong>circulos</strong></span> <span class='ocrx_word' id='word_1_209' title='bbox 505 2623 611 2685; x_wconf 85' lang='lat' dir='ltr'><strong>Martis</strong></span> <span class='ocrx_word' id='word_1_210' title='bbox 640 2628 812 2685; x_wconf 82' lang='lat' dir='ltr'><strong>exteriorem</strong></span> <span class='ocrx_word' id='word_1_211' title='bbox 841 2634 871 2684; x_wconf 91' lang='lat' dir='ltr'><strong>et</strong></span> <span class='ocrx_word' id='word_1_212' title='bbox 901 2624 1027 2690; x_wconf 88' lang='lat' dir='ltr'><strong>Veneris</strong></span> <span class='ocrx_word' id='word_1_213' title='bbox 1053 2626 1234 2697; x_wconf 81' lang='lat' dir='ltr'><strong>interiorem3</strong></span> <span class='ocrx_word' id='word_1_214' title='bbox 1267 2632 1298 2682; x_wconf 93' lang='lat' dir='ltr'><strong>at</strong></span> <span class='ocrx_word' id='word_1_215' title='bbox 1327 2622 1461 2702; x_wconf 86' lang='lat' dir='ltr'><strong>Tyclreni</strong></span> <span class='ocrx_word' id='word_1_216' title='bbox 1485 2624 1581 2684; x_wconf 87' lang='lat' dir='ltr'><strong>Brahe</strong></span> <span class='ocrx_word' id='word_1_217' title='bbox 1612 2633 1707 2685; x_wconf 88' lang='lat' dir='ltr'><strong>totum</strong></span> 
     </span>
     <span class='ocr_line' id='line_1_23' title="bbox 347 2708 1707 2794; baseline 0 -25"><span class='ocrx_word' id='word_1_218' title='bbox 347 2719 484 2787; x_wconf 84' lang='lat' dir='ltr'><strong>systema</strong></span> <span class='ocrx_word' id='word_1_219' title='bbox 506 2712 701 2789; x_wconf 83' lang='lat' dir='ltr'><strong>planetarium</strong></span> <span class='ocrx_word' id='word_1_220' title='bbox 724 2708 770 2794; x_wconf 90' lang='lat' dir='ltr'><strong>(in</strong></span> <span class='ocrx_word' id='word_1_221' title='bbox 792 2728 852 2788; x_wconf 81' lang='lat' dir='ltr'><strong>qno</strong></span> <span class='ocrx_word' id='word_1_222' title='bbox 883 2714 959 2771; x_wconf 90' lang='lat' dir='ltr'><strong>inter</strong></span> <span class='ocrx_word' id='word_1_223' title='bbox 981 2721 1092 2772; x_wconf 67' lang='lat' dir='ltr'><strong>ceoeros</strong></span> <span class='ocrx_word' id='word_1_224' title='bbox 1115 2720 1192 2771; x_wconf 89' lang='lat' dir='ltr'><strong>sunt</strong></span> <span class='ocrx_word' id='word_1_225' title='bbox 1206 2712 1293 2771; x_wconf 88' lang='lat' dir='ltr'><strong>etiarn</strong></span> <span class='ocrx_word' id='word_1_226' title='bbox 1317 2710 1420 2771; x_wconf 85' lang='lat' dir='ltr'><strong>Martis</strong></span> <span class='ocrx_word' id='word_1_227' title='bbox 1449 2718 1478 2770; x_wconf 90' lang='lat' dir='ltr'><strong>et</strong></span> <span class='ocrx_word' id='word_1_228' title='bbox 1500 2712 1624 2777; x_wconf 87' lang='lat' dir='ltr'><strong>Veneris</strong></span> <span class='ocrx_word' id='word_1_229' title='bbox 1648 2714 1707 2771; x_wconf 88' lang='lat' dir='ltr'><strong>cir·</strong></span> 
     </span>
     <span class='ocr_line' id='line_1_24' title="bbox 348 2793 1706 2891; baseline 0.001 -34"><span class='ocrx_word' id='word_1_230' title='bbox 348 2793 429 2879; x_wconf 87' lang='lat' dir='ltr'><strong>eali)</strong></span> <span class='ocrx_word' id='word_1_231' title='bbox 452 2801 632 2859; x_wconf 70' lang='lat' dir='ltr'><strong>concutitur</strong></span> <span class='ocrx_word' id='word_1_232' title='bbox 648 2800 738 2859; x_wconf 80' lang='lat' dir='ltr'><strong>velut</strong></span> <span class='ocrx_word' id='word_1_233' title='bbox 758 2799 891 2861; x_wconf 87' lang='lat' dir='ltr'><strong>tabula</strong></span> <span class='ocrx_word' id='word_1_234' title='bbox 883 2816 913 2866; x_wconf 87' lang='grc' dir='ltr'><strong>ιιι</strong></span> <span class='ocrx_word' id='word_1_235' title='bbox 937 2806 1036 2871; x_wconf 78' lang='lat' dir='ltr'><strong>tomo,</strong></span> <span class='ocrx_word' id='word_1_236' title='bbox 1069 2800 1220 2876; x_wconf 87' lang='lat' dir='ltr'><strong>applicans</strong></span> <span class='ocrx_word' id='word_1_237' title='bbox 1244 2798 1282 2857; x_wconf 86' lang='lat' dir='ltr'><strong>ad</strong></span> <span class='ocrx_word' id='word_1_238' title='bbox 1306 2798 1425 2858; x_wconf 83' lang='lat' dir='ltr'><strong>Terram</strong></span> <span class='ocrx_word' id='word_1_239' title='bbox 1449 2798 1636 2891; x_wconf 72' lang='lat' dir='ltr'><strong>impolitam</strong></span> <span class='ocrx_word' id='word_1_240' title='bbox 1651 2816 1706 2859; x_wconf 88' lang='lat' dir='ltr'><strong>ceu</strong></span> 
     </span>
     <span class='ocr_line' id='line_1_25' title="bbox 349 2866 1707 2963; baseline 0.001 -20"><span class='ocrx_word' id='word_1_241' title='bbox 349 2884 390 2943; x_wconf 88' lang='lat' dir='ltr'><strong>ad</strong></span> <span class='ocrx_word' id='word_1_242' title='bbox 415 2885 518 2944; x_wconf 92' lang='lat' dir='ltr'><strong>stilum</strong></span> <span class='ocrx_word' id='word_1_243' title='bbox 540 2890 698 2946; x_wconf 87' lang='lat' dir='ltr'><strong>tornatoris</strong></span> <span class='ocrx_word' id='word_1_244' title='bbox 720 2883 908 2946; x_wconf 82' lang='lat' dir='ltr'><strong>interstitium</strong></span> <span class='ocrx_word' id='word_1_245' title='bbox 936 2890 1011 2948; x_wconf 89' lang='lat' dir='ltr'><strong>iuter</strong></span> <span class='ocrx_word' id='word_1_246' title='bbox 1032 2886 1138 2947; x_wconf 86' lang='lat' dir='ltr'><strong>Martis</strong></span> <span class='ocrx_word' id='word_1_247' title='bbox 1169 2894 1197 2946; x_wconf 93' lang='lat' dir='ltr'><strong>et</strong></span> <span class='ocrx_word' id='word_1_248' title='bbox 1221 2880 1343 2945; x_wconf 74' lang='lat' dir='ltr'><strong>Veneris</strong></span> <span class='ocrx_word' id='word_1_249' title='bbox 1366 2866 1505 2958; x_wconf 86' lang='lat' dir='ltr'><strong>circulos,</strong></span> <span class='ocrx_word' id='word_1_250' title='bbox 1537 2876 1627 2963; x_wconf 85' lang='lat' dir='ltr'><strong>litque</strong></span> <span class='ocrx_word' id='word_1_251' title='bbox 1651 2886 1707 2945; x_wconf 89' lang='lat' dir='ltr'><strong>hoc</strong></span> 
     </span>
     <span class='ocr_line' id='line_1_26' title="bbox 349 2972 1707 3053; baseline 0.001 -23"><span class='ocrx_word' id='word_1_252' title='bbox 349 2976 525 3050; x_wconf 88' lang='lat' dir='ltr'><strong>systematis</strong></span> <span class='ocrx_word' id='word_1_253' title='bbox 547 2983 643 3053; x_wconf 86' lang='lat' dir='ltr'><strong>motu,</strong></span> <span class='ocrx_word' id='word_1_254' title='bbox 660 2982 697 3033; x_wconf 90' lang='grc' dir='ltr'><strong>ιιι</strong></span> <span class='ocrx_word' id='word_1_255' title='bbox 719 2974 850 3035; x_wconf 87' lang='lat' dir='ltr'><strong>Tellus</strong></span> <span class='ocrx_word' id='word_1_256' title='bbox 844 2992 873 3033; x_wconf 90' lang='grc' dir='ltr'><strong>ιιι</strong></span> <span class='ocrx_word' id='word_1_257' title='bbox 897 2990 932 3033; x_wconf 91' lang='lat' dir='ltr'><strong>eo</strong></span> <span class='ocrx_word' id='word_1_258' title='bbox 955 2976 1051 3050; x_wconf 86' lang='lat' dir='ltr'><strong>signet</strong></span> <span class='ocrx_word' id='word_1_259' title='bbox 1074 2973 1198 3033; x_wconf 88' lang='lat' dir='ltr'><strong>eandem</strong></span> <span class='ocrx_word' id='word_1_260' title='bbox 1221 2973 1361 3032; x_wconf 87' lang='lat' dir='ltr'><strong>circulum</strong></span> <span class='ocrx_word' id='word_1_261' title='bbox 1384 2976 1468 3032; x_wconf 88' lang='lat' dir='ltr'><strong>eirca.</strong></span> <span class='ocrx_word' id='word_1_262' title='bbox 1475 2972 1583 3045; x_wconf 87' lang='lat' dir='ltr'><strong>Solem,</strong></span> <span class='ocrx_word' id='word_1_263' title='bbox 1607 2972 1707 3032; x_wconf 87' lang='lat' dir='ltr'><strong>Martii</strong></span> 
     </span>
     <span class='ocr_line' id='line_1_27' title="bbox 349 3060 1706 3141; baseline -0.001 -22"><span class='ocrx_word' id='word_1_264' title='bbox 349 3069 382 3119; x_wconf 94' lang='lat' dir='ltr'><strong>et</strong></span> <span class='ocrx_word' id='word_1_265' title='bbox 405 3060 528 3129; x_wconf 87' lang='lat' dir='ltr'><strong>Venerii</strong></span> <span class='ocrx_word' id='word_1_266' title='bbox 552 3061 802 3134; x_wconf 89' lang='lat' dir='ltr'><strong>intermedium,&#39;</strong></span> <span class='ocrx_word' id='word_1_267' title='bbox 794 3080 859 3141; x_wconf 87' lang='lat' dir='ltr'><strong>rpsa</strong></span> <span class='ocrx_word' id='word_1_268' title='bbox 881 3068 1016 3140; x_wconf 87' lang='lat' dir='ltr'><strong>perstans</strong></span> <span class='ocrx_word' id='word_1_269' title='bbox 1037 3061 1207 3127; x_wconf 89' lang='lat' dir='ltr'><strong>immobilis,</strong></span> <span class='ocrx_word' id='word_1_270' title='bbox 1233 3078 1320 3137; x_wconf 91' lang='lat' dir='ltr'><strong>quem</strong></span> <span class='ocrx_word' id='word_1_271' title='bbox 1342 3063 1440 3137; x_wconf 73' lang='lat' dir='ltr'><strong>signat</strong></span> <span class='ocrx_word' id='word_1_272' title='bbox 1461 3060 1540 3137; x_wconf 90' lang='lat' dir='ltr'><strong>apud</strong></span> <span class='ocrx_word' id='word_1_273' title='bbox 1564 3061 1706 3139; x_wconf 81' lang='lat' dir='ltr'><strong>Ceperni-</strong></span> 
     </span>
     <span class='ocr_line' id='line_1_28' title="bbox 352 3147 1707 3227; baseline 0.001 -20"><span class='ocrx_word' id='word_1_274' title='bbox 352 3165 422 3207; x_wconf 90' lang='lat' dir='ltr'><strong>cnm</strong></span> <span class='ocrx_word' id='word_1_275' title='bbox 455 3157 539 3207; x_wconf 90' lang='lat' dir='ltr'><strong>motu</strong></span> <span class='ocrx_word' id='word_1_276' title='bbox 562 3167 632 3209; x_wconf 82' lang='lat' dir='ltr'><strong>vero</strong></span> <span class='ocrx_word' id='word_1_277' title='bbox 653 3153 706 3209; x_wconf 81' lang='lat' dir='ltr'><strong>aui</strong></span> <span class='ocrx_word' id='word_1_278' title='bbox 735 3150 882 3226; x_wconf 90' lang='lat' dir='ltr'><strong>corporis,</strong></span> <span class='ocrx_word' id='word_1_279' title='bbox 912 3150 1081 3225; x_wconf 85' lang='lat' dir='ltr'><strong>quiescente</strong></span> <span class='ocrx_word' id='word_1_280' title='bbox 1111 3158 1280 3226; x_wconf 88' lang='lat' dir='ltr'><strong>systemate.</strong></span> <span class='ocrx_word' id='word_1_281' title='bbox 1326 3148 1398 3207; x_wconf 87' lang='lat' dir='ltr'><strong>Cum</strong></span> <span class='ocrx_word' id='word_1_282' title='bbox 1428 3150 1516 3227; x_wconf 81' lang='lat' dir='ltr'><strong>igitur</strong></span> <span class='ocrx_word' id='word_1_283' title='bbox 1538 3147 1707 3209; x_wconf 86' lang='lat' dir='ltr'><strong>harmonica</strong></span> 
     </span>
     <span class='ocr_line' id='line_1_29' title="bbox 350 3234 1705 3313; baseline 0 -18"><span class='ocrx_word' id='word_1_284' title='bbox 350 3235 567 3313; x_wconf 81' lang='lat' dir='ltr'><strong>contemplatio</strong></span> <span class='ocrx_word' id='word_1_285' title='bbox 595 3237 759 3300; x_wconf 86' lang='lat' dir='ltr'><strong>consideret</strong></span> <span class='ocrx_word' id='word_1_286' title='bbox 788 3237 1098 3313; x_wconf 84' lang='lat' dir='ltr'><strong>matus-planetarum</strong></span> <span class='ocrx_word' id='word_1_287' title='bbox 1128 3238 1321 3310; x_wconf 82' lang='lat' dir='ltr'><strong>eccentrioos,</strong></span> <span class='ocrx_word' id='word_1_288' title='bbox 1353 3236 1434 3295; x_wconf 83' lang='lat' dir='ltr'><strong>velut</strong></span> <span class='ocrx_word' id='word_1_289' title='bbox 1453 3252 1500 3295; x_wconf 79' lang='lat' dir='ltr'><strong>ex</strong></span> <span class='ocrx_word' id='word_1_290' title='bbox 1523 3234 1592 3297; x_wconf 82' lang='lat' dir='ltr'><strong>Sole</strong></span> <span class='ocrx_word' id='word_1_291' title='bbox 1615 3236 1705 3309; x_wconf 87' lang='lat' dir='ltr'><strong>vises,</strong></span> 
     </span>
     <span class='ocr_line' id='line_1_30' title="bbox 350 3315 1722 3402; baseline 0.001 -22"><span class='ocrx_word' id='word_1_292' title='bbox 350 3322 443 3381; x_wconf 86' lang='lat' dir='ltr'><strong>iacile</strong></span> <span class='ocrx_word' id='word_1_293' title='bbox 466 3324 553 3382; x_wconf 89' lang='lat' dir='ltr'><strong>datur</strong></span> <span class='ocrx_word' id='word_1_294' title='bbox 574 3324 714 3399; x_wconf 84' lang='lat' dir='ltr'><strong>intelligi,</strong></span> <span class='ocrx_word' id='word_1_295' title='bbox 745 3327 769 3383; x_wconf 90' lang='lat' dir='ltr'><strong>si</strong></span> <span class='ocrx_word' id='word_1_296' title='bbox 792 3326 859 3400; x_wconf 90' lang='lat' dir='ltr'><strong>quis</strong></span> <span class='ocrx_word' id='word_1_297' title='bbox 882 3315 1147 3402; x_wconf 76' lang='lat' dir='ltr'><strong>contemplatoria</strong></span> <span class='ocrx_word' id='word_1_298' title='bbox 1170 3322 1238 3383; x_wconf 86' lang='lat' dir='ltr'><strong>Sele</strong></span> <span class='ocrx_word' id='word_1_299' title='bbox 1262 3331 1352 3397; x_wconf 90' lang='lat' dir='ltr'><strong>esset,</strong></span> <span class='ocrx_word' id='word_1_300' title='bbox 1385 3324 1573 3399; x_wconf 87' lang='lat' dir='ltr'><strong>quantumvis</strong></span> <span class='ocrx_word' id='word_1_301' title='bbox 1595 3323 1722 3397; x_wconf 85' lang='lat' dir='ltr'><strong>mobili,¹</strong></span> 
     </span>
     <span class='ocr_line' id='line_1_31' title="bbox 350 3407 1705 3491; baseline 0.002 -23"><span class='ocrx_word' id='word_1_302' title='bbox 350 3409 478 3469; x_wconf 88' lang='lat' dir='ltr'><strong>Terram</strong></span> <span class='ocrx_word' id='word_1_303' title='bbox 499 3410 557 3489; x_wconf 89' lang='lat' dir='ltr'><strong>illi,</strong></span> <span class='ocrx_word' id='word_1_304' title='bbox 580 3416 718 3487; x_wconf 74' lang='lat' dir='ltr'><strong>quamuis</strong></span> <span class='ocrx_word' id='word_1_305' title='bbox 730 3415 934 3487; x_wconf 80' lang='lat' dir='ltr'><strong>quiescentem</strong></span> <span class='ocrx_word' id='word_1_306' title='bbox 951 3412 996 3491; x_wconf 73' lang='lat' dir='ltr'><strong>(nt</strong></span> <span class='ocrx_word' id='word_1_307' title='bbox 1016 3413 1072 3471; x_wconf 90' lang='lat' dir='ltr'><strong>hoc</strong></span> <span class='ocrx_word' id='word_1_308' title='bbox 1090 3410 1341 3486; x_wconf 81' lang='lat' dir='ltr'><strong>jamuoneedatnr</strong></span> <span class='ocrx_word' id='word_1_309' title='bbox 1357 3407 1493 3489; x_wconf 88' lang='lat' dir='ltr'><strong>Brahee),</strong></span> <span class='ocrx_word' id='word_1_310' title='bbox 1516 3410 1705 3471; x_wconf 86' lang='lat' dir='ltr'><strong>nihilomiuus</strong></span> 
     </span>
     <span class='ocr_line' id='line_1_32' title="bbox 350 3498 1774 3577; baseline 0.004 -22"><span class='ocrx_word' id='word_1_311' title='bbox 350 3501 454 3557; x_wconf 74' lang='lat' dir='ltr'><strong>rhum</strong></span> <span class='ocrx_word' id='word_1_312' title='bbox 478 3500 513 3556; x_wconf 89' lang='lat' dir='ltr'><strong>iri</strong></span> <span class='ocrx_word' id='word_1_313' title='bbox 536 3498 686 3569; x_wconf 78' lang='lat' dir='ltr'><strong>decurrere</strong></span> <span class='ocrx_word' id='word_1_314' title='bbox 709 3499 848 3559; x_wconf 85' lang='lat' dir='ltr'><strong>circulum</strong></span> <span class='ocrx_word' id='word_1_315' title='bbox 870 3515 1013 3573; x_wconf 87' lang='lat' dir='ltr'><strong>annuum,</strong></span> <span class='ocrx_word' id='word_1_316' title='bbox 1043 3498 1171 3558; x_wconf 89' lang='lat' dir='ltr'><strong>medium</strong></span> <span class='ocrx_word' id='word_1_317' title='bbox 1195 3501 1269 3557; x_wconf 89' lang='lat' dir='ltr'><strong>inter</strong></span> <span class='ocrx_word' id='word_1_318' title='bbox 1291 3498 1433 3577; x_wconf 68' lang='lat' dir='ltr'><strong>planetas,</strong></span> <span class='ocrx_word' id='word_1_319' title='bbox 1457 3500 1593 3575; x_wconf 87' lang='lat' dir='ltr'><strong>temperis</strong></span> <span class='ocrx_word' id='word_1_320' title='bbox 1617 3499 1705 3558; x_wconf 89' lang='lat' dir='ltr'><strong>etiam</strong></span> <span class='ocrx_word' id='word_1_321' title='bbox 1770 3552 1774 3561; x_wconf 94' lang='lat'>.</span> 
     </span>
     <span class='ocr_line' id='line_1_33' title="bbox 352 3582 1706 3663; baseline 0.003 -22"><span class='ocrx_word' id='word_1_322' title='bbox 352 3584 531 3653; x_wconf 85' lang='lat' dir='ltr'><strong>intermedio</strong></span> <span class='ocrx_word' id='word_1_323' title='bbox 566 3589 672 3663; x_wconf 83' lang='lat' dir='ltr'><strong>spatio.</strong></span> <span class='ocrx_word' id='word_1_324' title='bbox 718 3584 815 3660; x_wconf 87' lang='lat' dir='ltr'><strong>Quare</strong></span> <span class='ocrx_word' id='word_1_325' title='bbox 846 3589 902 3645; x_wconf 90' lang='lat' dir='ltr'><strong>etei</strong></span> <span class='ocrx_word' id='word_1_326' title='bbox 931 3582 998 3662; x_wconf 89' lang='lat' dir='ltr'><strong>quis</strong></span> <span class='ocrx_word' id='word_1_327' title='bbox 1024 3595 1072 3647; x_wconf 89' lang='lat' dir='ltr'><strong>est</strong></span> <span class='ocrx_word' id='word_1_328' title='bbox 1103 3586 1256 3646; x_wconf 89' lang='lat' dir='ltr'><strong>imbecillis</strong></span> <span class='ocrx_word' id='word_1_329' title='bbox 1284 3586 1350 3645; x_wconf 87' lang='lat' dir='ltr'><strong>ildei</strong></span> <span class='ocrx_word' id='word_1_330' title='bbox 1380 3586 1484 3658; x_wconf 91' lang='lat' dir='ltr'><strong>homo,</strong></span> <span class='ocrx_word' id='word_1_331' title='bbox 1516 3587 1566 3661; x_wconf 93' lang='lat' dir='ltr'><strong>qui</strong></span> <span class='ocrx_word' id='word_1_332' title='bbox 1594 3593 1706 3645; x_wconf 90' lang='lat' dir='ltr'><strong>motum</strong></span> 
     </span>
     <span class='ocr_line' id='line_1_34' title="bbox 350 3671 1706 3751; baseline -0.001 -18"><span class='ocrx_word' id='word_1_333' title='bbox 350 3672 466 3733; x_wconf 78' lang='lat' dir='ltr'><strong>Terrae</strong></span> <span class='ocrx_word' id='word_1_334' title='bbox 491 3676 572 3732; x_wconf 76' lang='lat' dir='ltr'><strong>intes</strong></span> <span class='ocrx_word' id='word_1_335' title='bbox 586 3674 685 3733; x_wconf 87' lang='lat' dir='ltr'><strong>sidera</strong></span> <span class='ocrx_word' id='word_1_336' title='bbox 706 3690 809 3751; x_wconf 90' lang='lat' dir='ltr'><strong>capere</strong></span> <span class='ocrx_word' id='word_1_337' title='bbox 832 3690 890 3731; x_wconf 91' lang='lat' dir='ltr'><strong>non</strong></span> <span class='ocrx_word' id='word_1_338' title='bbox 913 3683 1018 3751; x_wconf 87' lang='lat' dir='ltr'><strong>potest,</strong></span> <span class='ocrx_word' id='word_1_339' title='bbox 1045 3678 1071 3734; x_wconf 89' lang='lat' dir='ltr'><strong>is</strong></span> <span class='ocrx_word' id='word_1_340' title='bbox 1094 3673 1280 3732; x_wconf 88' lang='lat' dir='ltr'><strong>nihilominus</strong></span> <span class='ocrx_word' id='word_1_341' title='bbox 1300 3672 1434 3751; x_wconf 77' lang='lat' dir='ltr'><strong>gaudere</strong></span> <span class='ocrx_word' id='word_1_342' title='bbox 1453 3674 1558 3749; x_wconf 90' lang='lat' dir='ltr'><strong>poterit</strong></span> <span class='ocrx_word' id='word_1_343' title='bbox 1581 3671 1706 3733; x_wconf 86' lang='lat' dir='ltr'><strong>divinis-</strong></span> 
     </span>
     <span class='ocr_line' id='line_1_35' title="bbox 349 3758 1707 3837; baseline 0 -18"><span class='ocrx_word' id='word_1_344' title='bbox 349 3763 420 3819; x_wconf 90' lang='lat' dir='ltr'><strong>simi</strong></span> <span class='ocrx_word' id='word_1_345' title='bbox 444 3760 536 3835; x_wconf 85' lang='lat' dir='ltr'><strong>huy&#39;us</strong></span> <span class='ocrx_word' id='word_1_346' title='bbox 559 3762 786 3820; x_wconf 87' lang='lat' dir='ltr'><strong>machinamenti</strong></span> <span class='ocrx_word' id='word_1_347' title='bbox 809 3761 1055 3837; x_wconf 85' lang='lat' dir='ltr'><strong>contemplatione</strong></span> <span class='ocrx_word' id='word_1_348' title='bbox 1078 3762 1338 3837; x_wconf 88' lang='lat' dir='ltr'><strong>praestantissima,</strong></span> <span class='ocrx_word' id='word_1_349' title='bbox 1361 3758 1395 3832; x_wconf 80' lang='lat' dir='ltr'><strong>si,</strong></span> <span class='ocrx_word' id='word_1_350' title='bbox 1419 3759 1559 3836; x_wconf 92' lang='lat' dir='ltr'><strong>quicquid</strong></span> <span class='ocrx_word' id='word_1_351' title='bbox 1583 3760 1618 3819; x_wconf 94' lang='lat' dir='ltr'><strong>de</strong></span> <span class='ocrx_word' id='word_1_352' title='bbox 1640 3777 1707 3820; x_wconf 91' lang='lat' dir='ltr'><strong>mo·</strong></span> 
     </span>
     <span class='ocr_line' id='line_1_36' title="bbox 351 3844 1706 3928; baseline 0 -22"><span class='ocrx_word' id='word_1_353' title='bbox 351 3850 436 3911; x_wconf 87' lang='lat' dir='ltr'><strong>tibns</strong></span> <span class='ocrx_word' id='word_1_354' title='bbox 470 3848 583 3909; x_wconf 88' lang='lat' dir='ltr'><strong>diurnis</strong></span> <span class='ocrx_word' id='word_1_355' title='bbox 605 3848 733 3909; x_wconf 83' lang='lat' dir='ltr'><strong>Telluris</strong></span> <span class='ocrx_word' id='word_1_356' title='bbox 761 3851 790 3906; x_wconf 90' lang='lat' dir='ltr'><strong>in</strong></span> <span class='ocrx_word' id='word_1_357' title='bbox 818 3866 872 3907; x_wconf 88' lang='lat' dir='ltr'><strong>suo</strong></span> <span class='ocrx_word' id='word_1_358' title='bbox 896 3852 1057 3910; x_wconf 85' lang='lat' dir='ltr'><strong>eccentrico</strong></span> <span class='ocrx_word' id='word_1_359' title='bbox 1082 3849 1178 3922; x_wconf 87' lang='lat' dir='ltr'><strong>audit,</strong></span> <span class='ocrx_word' id='word_1_360' title='bbox 1209 3848 1299 3928; x_wconf 72' lang='lat' dir='ltr'><strong>idad</strong></span> <span class='ocrx_word' id='word_1_361' title='bbox 1322 3844 1523 3925; x_wconf 82' lang='lat' dir='ltr'><strong>apparentiam</strong></span> <span class='ocrx_word' id='word_1_362' title='bbox 1554 3864 1654 3915; x_wconf 87' lang='lat' dir='ltr'><strong>eorum</strong></span> <span class='ocrx_word' id='word_1_363' title='bbox 1676 3850 1706 3907; x_wconf 92' lang='lat' dir='ltr'><strong>in</strong></span> 
     </span>
     <span class='ocr_line' id='line_1_37' title="bbox 348 3934 1705 4014; baseline 0.001 -19"><span class='ocrx_word' id='word_1_364' title='bbox 348 3934 423 3996; x_wconf 82' lang='lat' dir='ltr'><strong>Sole</strong></span> <span class='ocrx_word' id='word_1_365' title='bbox 439 3934 578 4014; x_wconf 84' lang='lat' dir='ltr'><strong>applicet,</strong></span> <span class='ocrx_word' id='word_1_366' title='bbox 600 3937 716 4011; x_wconf 86' lang='lat' dir='ltr'><strong>qualem</strong></span> <span class='ocrx_word' id='word_1_367' title='bbox 731 3939 932 4012; x_wconf 80' lang='lat' dir='ltr'><strong>apparentiam</strong></span> <span class='ocrx_word' id='word_1_368' title='bbox 947 3939 1034 3997; x_wconf 88' lang='lat' dir='ltr'><strong>etiem</strong></span> <span class='ocrx_word' id='word_1_369' title='bbox 1050 3936 1152 4013; x_wconf 86' lang='lat' dir='ltr'><strong>Tycha</strong></span> <span class='ocrx_word' id='word_1_370' title='bbox 1170 3936 1264 3995; x_wconf 78' lang='lat' dir='ltr'><strong>lira-he</strong></span> <span class='ocrx_word' id='word_1_371' title='bbox 1281 3936 1407 4007; x_wconf 87' lang='lat' dir='ltr'><strong>exhibet,</strong></span> <span class='ocrx_word' id='word_1_372' title='bbox 1424 3935 1514 4005; x_wconf 73' lang='lat' dir='ltr'><strong>Terta</strong></span> <span class='ocrx_word' id='word_1_373' title='bbox 1529 3936 1705 4011; x_wconf 87' lang='lat' dir='ltr'><strong>quiescente.</strong></span> 
     </span>
    </p>

    <p class='ocr_par' dir='ltr' id='par_1_4' title="bbox 346 4016 1709 4451">
     <span class='ocr_line' id='line_1_38' title="bbox 443 4016 1709 4101; baseline -0.002 -19"><span class='ocrx_word' id='word_1_374' title='bbox 443 4023 549 4099; x_wconf 88' lang='lat' dir='ltr'><strong>Neque</strong></span> <span class='ocrx_word' id='word_1_375' title='bbox 578 4033 675 4083; x_wconf 67' lang='lat' dir='ltr'><strong>umen</strong></span> <span class='ocrx_word' id='word_1_376' title='bbox 698 4041 817 4093; x_wconf 73' lang='lat' dir='ltr'><strong>mesum</strong></span> <span class='ocrx_word' id='word_1_377' title='bbox 847 4024 956 4083; x_wconf 89' lang='lat' dir='ltr'><strong>habeut</strong></span> <span class='ocrx_word' id='word_1_378' title='bbox 978 4025 1089 4101; x_wconf 77' lang='lat' dir='ltr'><strong>justam</strong></span> <span class='ocrx_word' id='word_1_379' title='bbox 1114 4026 1174 4083; x_wconf 90' lang='lat' dir='ltr'><strong>veri</strong></span> <span class='ocrx_word' id='word_1_380' title='bbox 1198 4024 1313 4082; x_wconf 74' lang='grc' dir='ltr'>διιιιιιιι</span> <span class='ocrx_word' id='word_1_381' title='bbox 1337 4020 1539 4099; x_wconf 79' lang='lat' dir='ltr'><strong>philosophiae</strong></span> <span class='ocrx_word' id='word_1_382' title='bbox 1570 4016 1709 4101; x_wconf 69' lang='lat' dir='ltr'><strong>cultores,</strong></span> 
     </span>
     <span class='ocr_line' id='line_1_39' title="bbox 349 4110 1707 4187; baseline 0 -18"><span class='ocrx_word' id='word_1_383' title='bbox 349 4110 509 4175; x_wconf 83' lang='lat' dir='ltr'><strong>invidendi</strong></span> <span class='ocrx_word' id='word_1_384' title='bbox 532 4111 642 4171; x_wconf 87' lang='lat' dir='ltr'><strong>talibus</strong></span> <span class='ocrx_word' id='word_1_385' title='bbox 665 4114 957 4171; x_wconf 84' lang='lat' dir='ltr'><strong>communicationem</strong></span> <span class='ocrx_word' id='word_1_386' title='bbox 976 4112 1056 4172; x_wconf 81' lang='lat' dir='ltr'><strong>harre</strong></span> <span class='ocrx_word' id='word_1_387' title='bbox 1079 4111 1312 4171; x_wconf 86' lang='lat' dir='ltr'><strong>delitiosissimae</strong></span> <span class='ocrx_word' id='word_1_388' title='bbox 1332 4110 1550 4187; x_wconf 85' lang='lat' dir='ltr'><strong>speculationis,</strong></span> <span class='ocrx_word' id='word_1_389' title='bbox 1575 4117 1608 4169; x_wconf 94' lang='lat' dir='ltr'><strong>nt</strong></span> <span class='ocrx_word' id='word_1_390' title='bbox 1630 4127 1707 4185; x_wconf 86' lang='lat' dir='ltr'><strong>qno·</strong></span> 
     </span>
     <span class='ocr_line' id='line_1_40' title="bbox 348 4194 1705 4302; baseline -0.001 -45"><span class='ocrx_word' id='word_1_391' title='bbox 348 4218 418 4257; x_wconf 86' lang='lat' dir='ltr'><strong>rum</strong></span> <span class='ocrx_word' id='word_1_392' title='bbox 450 4198 593 4275; x_wconf 77' lang='lat' dir='ltr'><strong>gaudium</strong></span> <span class='ocrx_word' id='word_1_393' title='bbox 623 4198 723 4258; x_wconf 89' lang='lat' dir='ltr'><strong>multis</strong></span> <span class='ocrx_word' id='word_1_394' title='bbox 755 4200 888 4302; x_wconf 85' lang='lat' dir='ltr'><strong>patlibus</strong></span> <span class='ocrx_word' id='word_1_395' title='bbox 916 4202 970 4263; x_wconf 86' lang='lat' dir='ltr'><strong>erit</strong></span> <span class='ocrx_word' id='word_1_396' title='bbox 996 4200 1167 4278; x_wconf 81' lang='lat' dir='ltr'><strong>perfectius,</strong></span> <span class='ocrx_word' id='word_1_397' title='bbox 1201 4200 1309 4275; x_wconf 89' lang='lat' dir='ltr'><strong>quippe</strong></span> <span class='ocrx_word' id='word_1_398' title='bbox 1341 4214 1378 4257; x_wconf 88' lang='lat' dir='ltr'><strong>err</strong></span> <span class='ocrx_word' id='word_1_399' title='bbox 1399 4194 1609 4277; x_wconf 72' lang='lat' dir='ltr'><strong>speculationis</strong></span> <span class='ocrx_word' id='word_1_400' title='bbox 1634 4214 1705 4256; x_wconf 90' lang='lat' dir='ltr'><strong>cen-</strong></span> 
     </span>
     <span class='ocr_line' id='line_1_41' title="bbox 346 4285 1705 4376; baseline -0.002 -31"><span class='ocrx_word' id='word_1_401' title='bbox 346 4295 503 4345; x_wconf 84' lang='lat' dir='ltr'><strong>snmmata</strong></span> <span class='ocrx_word' id='word_1_402' title='bbox 524 4287 717 4365; x_wconf 78' lang='lat' dir='ltr'><strong>perfectione,</strong></span> <span class='ocrx_word' id='word_1_403' title='bbox 746 4289 772 4345; x_wconf 90' lang='lat' dir='ltr'><strong>si</strong></span> <span class='ocrx_word' id='word_1_404' title='bbox 794 4288 885 4347; x_wconf 88' lang='lat' dir='ltr'><strong>etiarn</strong></span> <span class='ocrx_word' id='word_1_405' title='bbox 907 4285 985 4345; x_wconf 85' lang='lat' dir='ltr'><strong>Solis</strong></span> <span class='ocrx_word' id='word_1_406' title='bbox 1008 4287 1258 4376; x_wconf 82' lang='lat' dir='ltr'><strong>immobilitatem,</strong></span> <span class='ocrx_word' id='word_1_407' title='bbox 1288 4285 1396 4345; x_wconf 81' lang='lat' dir='ltr'><strong>Tenea</strong></span> <span class='ocrx_word' id='word_1_408' title='bbox 1426 4300 1495 4347; x_wconf 84' lang='lat' dir='ltr'><strong>vero</strong></span> <span class='ocrx_word' id='word_1_409' title='bbox 1518 4292 1630 4369; x_wconf 83' lang='lat' dir='ltr'><strong>malurn</strong></span> <span class='ocrx_word' id='word_1_410' title='bbox 1652 4301 1705 4342; x_wconf 89' lang='lat' dir='ltr'><strong>ac-</strong></span> 
     </span>
     <span class='ocr_line' id='line_1_42' title="bbox 346 4376 982 4451; baseline 0.005 -18"><span class='ocrx_word' id='word_1_411' title='bbox 346 4376 548 4451; x_wconf 78' lang='lat' dir='ltr'><strong>captaverint.</strong></span> <span class='ocrx_word' id='word_1_412' title='bbox 914 4405 917 4410; x_wconf 59' lang='lat'>&lt;</span> <span class='ocrx_word' id='word_1_413' title='bbox 975 4407 982 4436; x_wconf 91' lang='lat' dir='ltr'><strong>t</strong></span> 
     </span>
    </p>

    <p class='ocr_par' dir='ltr' id='par_1_5' title="bbox 342 4452 1712 4887">
     <span class='ocr_line' id='line_1_43' title="bbox 445 4452 1705 4539; baseline -0.003 -18"><span class='ocrx_word' id='word_1_414' title='bbox 445 4460 576 4521; x_wconf 86' lang='lat' dir='ltr'><strong>Primum</strong></span> <span class='ocrx_word' id='word_1_415' title='bbox 598 4463 686 4536; x_wconf 79' lang='lat' dir='ltr'><strong>igitur</strong></span> <span class='ocrx_word' id='word_1_416' title='bbox 701 4460 765 4523; x_wconf 89' lang='lat' dir='ltr'><strong>hoe</strong></span> <span class='ocrx_word' id='word_1_417' title='bbox 787 4468 906 4521; x_wconf 80' lang='lat' dir='ltr'><strong>teneam</strong></span> <span class='ocrx_word' id='word_1_418' title='bbox 928 4454 1067 4539; x_wconf 71' lang='lat' dir='ltr'><strong>lectites,</strong></span> <span class='ocrx_word' id='word_1_419' title='bbox 1095 4478 1155 4519; x_wconf 88' lang='lat' dir='ltr'><strong>rem</strong></span> <span class='ocrx_word' id='word_1_420' title='bbox 1177 4460 1265 4519; x_wconf 92' lang='lat' dir='ltr'><strong>hodie</strong></span> <span class='ocrx_word' id='word_1_421' title='bbox 1288 4476 1377 4539; x_wconf 88' lang='lat' dir='ltr'><strong>penes</strong></span> <span class='ocrx_word' id='word_1_422' title='bbox 1400 4452 1582 4519; x_wconf 85' lang='lat' dir='ltr'><strong>astronom&#39;os</strong></span> <span class='ocrx_word' id='word_1_423' title='bbox 1605 4474 1705 4518; x_wconf 87' lang='lat' dir='ltr'><strong>omues</strong></span> 
     </span>
     <span class='ocr_line' id='line_1_44' title="bbox 345 4544 1705 4627; baseline -0.003 -18"><span class='ocrx_word' id='word_1_424' title='bbox 345 4566 419 4609; x_wconf 88' lang='lat' dir='ltr'><strong>esse</strong></span> <span class='ocrx_word' id='word_1_425' title='bbox 442 4551 642 4621; x_wconf 86' lang='lat' dir='ltr'><strong>certissimam,</strong></span> <span class='ocrx_word' id='word_1_426' title='bbox 665 4547 745 4623; x_wconf 85' lang='lat' dir='ltr'><strong>qaod</strong></span> <span class='ocrx_word' id='word_1_427' title='bbox 768 4565 869 4607; x_wconf 88' lang='lat' dir='ltr'><strong>omnes</strong></span> <span class='ocrx_word' id='word_1_428' title='bbox 891 4547 1026 4627; x_wconf 76' lang='lat' dir='ltr'><strong>planetae</strong></span> <span class='ocrx_word' id='word_1_429' title='bbox 1042 4547 1140 4607; x_wconf 87' lang='lat' dir='ltr'><strong>Solem</strong></span> <span class='ocrx_word' id='word_1_430' title='bbox 1164 4551 1348 4619; x_wconf 83' lang='lat' dir='ltr'><strong>circumeant,</strong></span> <span class='ocrx_word' id='word_1_431' title='bbox 1373 4554 1495 4622; x_wconf 68' lang='lat' dir='ltr'><strong>excepta</strong></span> <span class='ocrx_word' id='word_1_432' title='bbox 1511 4544 1603 4618; x_wconf 91' lang='lat' dir='ltr'><strong>Luna,</strong></span> <span class='ocrx_word' id='word_1_433' title='bbox 1628 4562 1705 4622; x_wconf 91' lang='lat' dir='ltr'><strong>quae</strong></span> 
     </span>
     <span class='ocr_line' id='line_1_45' title="bbox 344 4632 1712 4711; baseline -0.003 -16"><span class='ocrx_word' id='word_1_434' title='bbox 344 4636 419 4695; x_wconf 84' lang='lat' dir='ltr'><strong>sola</strong></span> <span class='ocrx_word' id='word_1_435' title='bbox 442 4636 564 4695; x_wconf 88' lang='lat' dir='ltr'><strong>Terram</strong></span> <span class='ocrx_word' id='word_1_436' title='bbox 586 4636 677 4695; x_wconf 87' lang='lat' dir='ltr'><strong>babet</strong></span> <span class='ocrx_word' id='word_1_437' title='bbox 696 4648 751 4711; x_wconf 90' lang='lat' dir='ltr'><strong>pro</strong></span> <span class='ocrx_word' id='word_1_438' title='bbox 766 4632 892 4709; x_wconf 57' lang='lat' dir='ltr'><strong>‘etenum</strong></span> <span class='ocrx_word' id='word_1_439' title='bbox 915 4637 1000 4710; x_wconf 84' lang='lat' dir='ltr'><strong>eujus</strong></span> <span class='ocrx_word' id='word_1_440' title='bbox 1022 4634 1140 4710; x_wconf 90' lang='lat' dir='ltr'><strong>quidem</strong></span> <span class='ocrx_word' id='word_1_441' title='bbox 1157 4636 1234 4693; x_wconf 91' lang='lat' dir='ltr'><strong>orbis</strong></span> <span class='ocrx_word' id='word_1_442' title='bbox 1255 4652 1307 4693; x_wconf 88' lang='lat' dir='ltr'><strong>seu</strong></span> <span class='ocrx_word' id='word_1_443' title='bbox 1325 4633 1458 4692; x_wconf 88' lang='lat' dir='ltr'><strong>curriculi</strong></span> <span class='ocrx_word' id='word_1_444' title='bbox 1475 4633 1623 4707; x_wconf 86' lang='lat' dir='ltr'><strong>quantitas</strong></span> <span class='ocrx_word' id='word_1_445' title='bbox 1646 4650 1712 4693; x_wconf 88' lang='lat' dir='ltr'><strong>nen·</strong></span> 
     </span>
     <span class='ocr_line' id='line_1_46' title="bbox 345 4678 1705 4809; baseline -0.002 -26"><span class='ocrx_word' id='word_1_446' title='bbox 345 4733 399 4783; x_wconf 83' lang='lat' dir='ltr'><strong>eat</strong></span> <span class='ocrx_word' id='word_1_447' title='bbox 421 4730 522 4795; x_wconf 74' lang='lat' dir='ltr'><strong>muta,</strong></span> <span class='ocrx_word' id='word_1_448' title='bbox 551 4730 584 4781; x_wconf 89' lang='lat' dir='ltr'><strong>ut</strong></span> <span class='ocrx_word' id='word_1_449' title='bbox 606 4726 635 4781; x_wconf 91' lang='lat' dir='ltr'><strong>in</strong></span> <span class='ocrx_word' id='word_1_450' title='bbox 658 4722 714 4782; x_wconf 89' lang='lat' dir='ltr'><strong>hae</strong></span> <span class='ocrx_word' id='word_1_451' title='bbox 745 4722 845 4781; x_wconf 88' lang='lat' dir='ltr'><strong>charta</strong></span> <span class='ocrx_word' id='word_1_452' title='bbox 875 4678 1015 4782; x_wconf 75' lang='lat' dir='ltr'><strong>delineari</strong></span> <span class='ocrx_word' id='word_1_453' title='bbox 1037 4724 1131 4798; x_wconf 88' lang='lat' dir='ltr'><strong>possit</strong></span> <span class='ocrx_word' id='word_1_454' title='bbox 1153 4723 1180 4778; x_wconf 90' lang='lat' dir='ltr'><strong>in</strong></span> <span class='ocrx_word' id='word_1_455' title='bbox 1205 4722 1286 4796; x_wconf 77' lang='lat' dir='ltr'><strong>justa</strong></span> <span class='ocrx_word' id='word_1_456' title='bbox 1309 4710 1493 4809; x_wconf 78' lang='lat' dir='ltr'><strong>proportione</strong></span> <span class='ocrx_word' id='word_1_457' title='bbox 1522 4718 1571 4777; x_wconf 88' lang='lat' dir='ltr'><strong>ad</strong></span> <span class='ocrx_word' id='word_1_458' title='bbox 1583 4728 1705 4781; x_wconf 89' lang='lat' dir='ltr'><strong>eeteros.</strong></span> 
     </span>
     <span class='ocr_line' id='line_1_47' title="bbox 342 4802 1706 4889; baseline -0.004 -18"><span class='ocrx_word' id='word_1_459' title='bbox 342 4811 500 4871; x_wconf 87' lang='lat' dir='ltr'><strong>Accedit</strong></span> <span class='ocrx_word' id='word_1_460' title='bbox 510 4813 602 4886; x_wconf 79' lang='lat' dir='ltr'><strong>igitur</strong></span> <span class='ocrx_word' id='word_1_461' title='bbox 629 4813 758 4887; x_wconf 88' lang='lat' dir='ltr'><strong>quinque</strong></span> <span class='ocrx_word' id='word_1_462' title='bbox 788 4811 908 4886; x_wconf 84' lang='lat' dir='ltr'><strong>reliquis</strong></span> <span class='ocrx_word' id='word_1_463' title='bbox 938 4802 1022 4869; x_wconf 69' lang='lat' dir='ltr'><strong>terta</strong></span> <span class='ocrx_word' id='word_1_464' title='bbox 1049 4809 1153 4881; x_wconf 87' lang='lat' dir='ltr'><strong>Tetra,</strong></span> <span class='ocrx_word' id='word_1_465' title='bbox 1188 4826 1265 4884; x_wconf 89' lang='lat' dir='ltr'><strong>qnae</strong></span> <span class='ocrx_word' id='word_1_466' title='bbox 1296 4825 1348 4866; x_wconf 89' lang='lat' dir='ltr'><strong>seu</strong></span> <span class='ocrx_word' id='word_1_467' title='bbox 1377 4824 1432 4866; x_wconf 89' lang='lat' dir='ltr'><strong>sno</strong></span> <span class='ocrx_word' id='word_1_468' title='bbox 1461 4810 1579 4883; x_wconf 90' lang='lat' dir='ltr'><strong>proprio</strong></span> <span class='ocrx_word' id='word_1_469' title='bbox 1613 4816 1706 4889; x_wconf 82' lang='lat' dir='ltr'><strong>motu,</strong></span> 
     </span>
    </p>
   </div>
   <div class='ocr_carea' id='block_1_3' title="bbox 343 4893 1806 4976">
    <p class='ocr_par' dir='ltr' id='par_1_6' title="bbox 343 4893 1806 4976">
     <span class='ocr_line' id='line_1_48' title="bbox 343 4893 1806 4976; baseline -0.003 -19"><span class='ocrx_word' id='word_1_470' title='bbox 343 4901 527 4976; x_wconf 86' lang='lat' dir='ltr'><strong>quiescente</strong></span> <span class='ocrx_word' id='word_1_471' title='bbox 549 4896 704 4971; x_wconf 70' lang='lat' dir='ltr'><strong>Selenen</strong></span> <span class='ocrx_word' id='word_1_472' title='bbox 726 4900 846 4957; x_wconf 91' lang='lat' dir='ltr'><strong>immota</strong></span> <span class='ocrx_word' id='word_1_473' title='bbox 868 4900 934 4973; x_wconf 87' lang='lat' dir='ltr'><strong>ipse</strong></span> <span class='ocrx_word' id='word_1_474' title='bbox 955 4903 985 4957; x_wconf 91' lang='lat' dir='ltr'><strong>et</strong></span> <span class='ocrx_word' id='word_1_475' title='bbox 1007 4911 1149 4954; x_wconf 78' lang='lat' dir='ltr'><strong>converso</strong></span> <span class='ocrx_word' id='word_1_476' title='bbox 1172 4904 1234 4954; x_wconf 91' lang='lat' dir='ltr'><strong>toto</strong></span> <span class='ocrx_word' id='word_1_477' title='bbox 1256 4893 1438 4970; x_wconf 81' lang='lat' dir='ltr'><strong>planetarum</strong></span> <span class='ocrx_word' id='word_1_478' title='bbox 1454 4904 1614 4973; x_wconf 88' lang='lat' dir='ltr'><strong>systemate</strong></span> <span class='ocrx_word' id='word_1_479' title='bbox 1636 4914 1705 4955; x_wconf 86' lang='lat' dir='ltr'><strong>ser·</strong></span> <span class='ocrx_word' id='word_1_480' title='bbox 1801 4942 1806 4952; x_wconf 91' lang='lat'>.</span> 
     </span>
    </p>
   </div>
   <div class='ocr_carea' id='block_1_4' title="bbox 341 4982 1738 5235">
    <p class='ocr_par' dir='ltr' id='par_1_7' title="bbox 341 4982 1738 5235">
     <span class='ocr_line' id='line_1_49' title="bbox 344 4982 1738 5064; baseline -0.011 -17"><span class='ocrx_word' id='word_1_481' title='bbox 344 5000 418 5047; x_wconf 89' lang='lat' dir='ltr'><strong>tum</strong></span> <span class='ocrx_word' id='word_1_482' title='bbox 442 4995 472 5045; x_wconf 91' lang='lat' dir='ltr'><strong>et</strong></span> <span class='ocrx_word' id='word_1_483' title='bbox 495 4988 563 5063; x_wconf 91' lang='lat' dir='ltr'><strong>ipsa</strong></span> <span class='ocrx_word' id='word_1_484' title='bbox 586 4984 727 5046; x_wconf 88' lang='lat' dir='ltr'><strong>circulum</strong></span> <span class='ocrx_word' id='word_1_485' title='bbox 750 4987 826 5043; x_wconf 89' lang='lat' dir='ltr'><strong>circa</strong></span> <span class='ocrx_word' id='word_1_486' title='bbox 847 4984 946 5064; x_wconf 68' lang='lat' dir='ltr'><strong>§olem</strong></span> <span class='ocrx_word' id='word_1_487' title='bbox 970 4982 1112 5056; x_wconf 76' lang='lat' dir='ltr'><strong>designat.</strong></span> <span class='ocrx_word' id='word_1_488' title='bbox 1735 5036 1738 5046; x_wconf 56' lang='grc'><strong>,</strong></span> 
     </span>
     <span class='ocr_line' id='line_1_50' title="bbox 443 5069 1705 5146; baseline -0.005 -12"><span class='ocrx_word' id='word_1_489' title='bbox 443 5072 580 5133; x_wconf 86' lang='lat' dir='ltr'><strong>Secundo</strong></span> <span class='ocrx_word' id='word_1_490' title='bbox 604 5081 714 5132; x_wconf 91' lang='lat' dir='ltr'><strong>certum</strong></span> <span class='ocrx_word' id='word_1_491' title='bbox 738 5083 767 5132; x_wconf 91' lang='lat' dir='ltr'><strong>et</strong></span> <span class='ocrx_word' id='word_1_492' title='bbox 788 5072 845 5131; x_wconf 90' lang='lat' dir='ltr'><strong>hoc</strong></span> <span class='ocrx_word' id='word_1_493' title='bbox 867 5082 920 5144; x_wconf 89' lang='lat' dir='ltr'><strong>est,</strong></span> <span class='ocrx_word' id='word_1_494' title='bbox 943 5070 1077 5146; x_wconf 86' lang='lat' dir='ltr'><strong>planetas</strong></span> <span class='ocrx_word' id='word_1_495' title='bbox 1099 5086 1200 5129; x_wconf 88' lang='lat' dir='ltr'><strong>ornnes</strong></span> <span class='ocrx_word' id='word_1_496' title='bbox 1222 5069 1284 5129; x_wconf 91' lang='lat' dir='ltr'><strong>lieri</strong></span> <span class='ocrx_word' id='word_1_497' title='bbox 1307 5072 1496 5141; x_wconf 87' lang='lat' dir='ltr'><strong>ecoentrlcos,</strong></span> <span class='ocrx_word' id='word_1_498' title='bbox 1520 5070 1551 5128; x_wconf 90' lang='lat' dir='ltr'><strong>ld</strong></span> <span class='ocrx_word' id='word_1_499' title='bbox 1574 5074 1619 5128; x_wconf 85' lang='lat' dir='ltr'><strong>est</strong></span> <span class='ocrx_word' id='word_1_500' title='bbox 1638 5088 1705 5129; x_wconf 89' lang='lat' dir='ltr'><strong>mu·</strong></span> 
     </span>
     <span class='ocr_line' id='line_1_51' title="bbox 341 5158 1706 5235; baseline -0.006 -10"><span class='ocrx_word' id='word_1_501' title='bbox 341 5172 417 5225; x_wconf 78' lang='lat' dir='ltr'><strong>tare</strong></span> <span class='ocrx_word' id='word_1_502' title='bbox 441 5160 598 5221; x_wconf 85' lang='lat' dir='ltr'><strong>intervalla</strong></span> <span class='ocrx_word' id='word_1_503' title='bbox 620 5178 676 5219; x_wconf 87' lang='lat' dir='ltr'><strong>arta</strong></span> <span class='ocrx_word' id='word_1_504' title='bbox 697 5180 717 5219; x_wconf 92' lang='lat' dir='ltr'><strong>a</strong></span> <span class='ocrx_word' id='word_1_505' title='bbox 739 5160 826 5233; x_wconf 90' lang='lat' dir='ltr'><strong>Sole,</strong></span> <span class='ocrx_word' id='word_1_506' title='bbox 853 5160 896 5219; x_wconf 87' lang='lat' dir='ltr'><strong>sic</strong></span> <span class='ocrx_word' id='word_1_507' title='bbox 917 5166 951 5217; x_wconf 90' lang='lat' dir='ltr'><strong>ut</strong></span> <span class='ocrx_word' id='word_1_508' title='bbox 972 5160 1002 5217; x_wconf 93' lang='lat' dir='ltr'><strong>in</strong></span> <span class='ocrx_word' id='word_1_509' title='bbox 1024 5176 1085 5217; x_wconf 90' lang='lat' dir='ltr'><strong>una</strong></span> <span class='ocrx_word' id='word_1_510' title='bbox 1106 5166 1189 5235; x_wconf 89' lang='lat' dir='ltr'><strong>pnrte</strong></span> <span class='ocrx_word' id='word_1_511' title='bbox 1212 5158 1313 5219; x_wconf 90' lang='lat' dir='ltr'><strong>circuli</strong></span> <span class='ocrx_word' id='word_1_512' title='bbox 1341 5159 1413 5219; x_wconf 87' lang='lat' dir='ltr'><strong>liant</strong></span> <span class='ocrx_word' id='word_1_513' title='bbox 1439 5178 1457 5217; x_wconf 88' lang='lat' dir='ltr'><strong>a</strong></span> <span class='ocrx_word' id='word_1_514' title='bbox 1479 5158 1548 5217; x_wconf 86' lang='lat' dir='ltr'><strong>Sole</strong></span> <span class='ocrx_word' id='word_1_515' title='bbox 1570 5160 1706 5217; x_wconf 87' lang='lat' dir='ltr'><strong>remotis-</strong></span> 
     </span>
    </p>
   </div>
   <div class='ocr_carea' id='block_1_5' title="bbox 1488 5262 1551 5319">
    <p class='ocr_par' dir='ltr' id='par_1_8' title="bbox 1488 5262 1551 5319">
     <span class='ocr_line' id='line_1_52' title="bbox 1488 5262 1551 5319; baseline -0.032 0"><span class='ocrx_word' id='word_1_516' title='bbox 1488 5262 1551 5319; x_wconf 71' lang='lat'><strong>18*</strong></span> 
     </span>
    </p>
   </div>
   <div class='ocr_carea' id='block_1_6' title="bbox 0 0 2238 6192">
    <p class='ocr_par' dir='ltr' id='par_1_9' title="bbox 0 0 2238 6192">
     <span class='ocr_line' id='line_1_53' title="bbox 0 0 2238 6192; baseline 0 0"><span class='ocrx_word' id='word_1_517' title='bbox 0 0 2238 6192; x_wconf 95' lang='lat' dir='ltr'><strong> </strong></span> 
     </span>
    </p>
   </div>
  </div>
 </body>
</html>
