4467 6192
552 664 615 727 880
1067 662 1216 721 Ptolemaei
1233 662 1386 721 limonia

553 838 642 895 solute
657 838 847 895 constaretur
865 838 926 907 (uisi
951 840 1034 909 iubs,
1062 842 1108 895 uhi
1134 841 1169 896 da
1193 840 1570 911 singulis-aptam'phaetis,
1592 840 1655 912 ipsa
1676 837 1799 896 hundo
1814 846 1895 895 ustas

552 918 695 988 cujusque)
719 918 917 989 comparandus
943 926 986 975 est
1010 920 1176 977 successioni
1199 936 1341 989 sonem,
1365 917 1608 990 primurnquidesn
1632 928 1661 977 st
1676 923 1791 992 proprie
1815 922 1849 976 ab
1862 925 1896 979 ie

552 998 629 1055 anim
651 997 774 1055 acumine
797 1013 904 1068 semper
922 1014 1017 1059 uersus
1040 1000 1165 1068 grauiora
1186 1016 1274 1070 usquc
1290 999 1325 1056 ad
1347 999 1548 1069 miluinam,
1570 999 1732 1066 quanm
1754 1016 1822 1055 mun
1838 1017 1897 1061 asne

552 1078 636 1135 sotim
655 1076 775 1135 chordae
793 1076 876 1133 iaciat
894 1078 1026 1149 diapason
1045 1078 1140 1137 nersr'u
1159 1087 1282 1148 acutum,
1302 1078 1369 1136 inda
1383 1079 1481 1134 iterum
1496 1092 1592 1135 semus
1608 1086 1690 1134 acuta
1706 1079 1736 1133 in
1754 1080 1896 1150 induam

553 1161 582 1210 st
600 1154 653 1211 hoe
672 1155 779 1225 quidem
800 1156 1011 1226 comparandum
1030 1167 1169 1229 sequente
1188 1159 1283 1215 circuli
1300 1176 1318 1218 a
1335 1158 1441 1215 duabus
1460 1157 1548 1213 stellis
1564 1157 1723 1234 intercepti,
1738 1160 1819 1229 qnod
1835 1175 1897 1215 crea

552 1235 590 1290 cit
608 1252 625 1291 a
642 1234 752 1293 minimo
770 1236 805 1291 ad
824 1236 984 1293 semicirculi
1003 1240 1215 1307 magnitudinem
1233 1239 1314 1307 inque
1333 1237 1459 1307 opposita
1476 1235 1567 1291 cuculi
1585 1244 1664 1306 parte
1680 1237 1781 1294 iterum
1799 1239 1897 1295 auuilc'-

551 1314 637 1384 latur3
664 1314 762 1371 deiude
781 1330 844 1369 vero
863 1325 892 1370 et
909 1317 932 1369 si
950 1320 1024 1371 totus
1042 1316 1159 1373 circulus
1177 1331 1284 1372 narsum
1303 1322 1474 1385 comparetur
1491 1330 1558 1368 sono
1575 1315 1749 1383 manamine,
1767 1334 1899 1387 comparu-

552 1394 627 1449 hitur
643 1394 696 1450 ists
714 1395 849 1464 separatio
868 1396 993 1464 planetae
1013 1398 1092 1452 lunius
1110 1397 1145 1453 ab
1169 1394 1221 1452 alio
1240 1412 1293 1450 nou
1313 1401 1438 1466 respectu
1457 1394 1589 1461 segmenti
1610 1394 1767 1467 intercepti,
1797 1396 1847 1451 sed
1862 1413 1898 1452 re

552 1480 646 1543 speetu
665 1472 766 1529 residui
784 1475 811 1529 iu
831 1475 939 1545 circulo,
959 1478 1044 1533 motui
1063 1478 1136 1533 vocis
1155 1494 1171 1532 a
1190 1476 1347 1546 pravissima
1371 1488 1464 1527 versus
1483 1472 1631 1528 mutierem
1651 1474 1794 1544 usquead
1814 1475 1898 1547 diaps-

552 1568 613 1623 son,
641 1552 703 1609 inde
721 1553 817 1609 iterum
837 1568 930 1611 versus
949 1556 1071 1623 manera
1089 1570 1177 1625 usque
1195 1555 1228 1611 ad
1249 1567 1341 1609 vocem
1359 1552 1502 1615 iaidalem,
1527 1552 1591 1621 qnia
1609 1566 1670 1606 cum
1692 1552 1825 1623 planetae
1843 1564 1899 1610 sunt

547 1634 648 1702 juncti,
675 1648 738 1702 pars
755 1636 910 1702 intercepta
936 1633 1028 1689 risurli
1055 1644 1098 1688 est
1120 1632 1201 1706 nihil,
1226 1649 1291 1705 pars
1309 1632 1418 1688 residua
1439 1639 1482 1687 eat
1497 1632 1559 1701 ipse
1574 1638 1650 1687 tutus
1672 1630 1807 1695 menius,
1834 1650 1898 1704 quae

552 1713 681 1783 paulatim
701 1721 858 1769 attenuatur
876 1730 963 1784 usque
991 1717 1024 1769 ad
1043 1714 1196 1783 dimidium
1220 1723 1285 1769 tune
1305 1713 1376 1767 enirn
1398 1712 1517 1781 planatis
1543 1713 1580 1767 ab
1598 1710 1772 1780 emodu'one
1789 1714 1899 1769 udae

551 1791 624 1847 tibus
639 1791 676 1847 ad
696 1792 928 1861 conjunctionem.
948 1809 1010 1862 pars
1028 1792 1139 1849 residua
1156 1795 1253 1864 migrat
1272 1793 1300 1847 iu
1315 1792 1474 1861 oppositum
1491 1790 1646 1858 iterumque
1662 1797 1794 1861 augme,
1819 1806 1899 1861 aqna

551 1870 616 1927 duas
633 1870 682 1927 ilat
699 1877 773 1926 tutus
792 1870 916 1955 uiqerrlua
956 1872 1048 1927 Sexto.
1084 1872 1147 1927 Jam
1164 1870 1306 1933 discrimen
1326 1884 1374 1925 sen
1386 1866 1570 1937 discrepantia
1581 1866 1750 1943 indisuetup·
1759 1870 1900 1939 Murem

550 1957 723 2020 comparatae
747 1949 787 2005 rei
804 1949 871 2018 ista,
900 1950 972 2020 qnod
997 1953 1133 2020 separatio
1159 1951 1327 2020 planetarum
1346 1950 1380 2003 ab
1400 1946 1513 2003 brueem
1530 1946 1617 2017 (inira
1639 1948 1722 2021 etiam
1739 1949 1862 2005 intensio
1875 1962 1899 2003 cs

550 2028 672 2087 remissio
690 2035 779 2083 notus
797 2027 979 2099 singulorum]
998 2030 1034 2084 sit
1052 2030 1194 2097 couduua,
1219 2040 1314 2085 cantus
1334 2044 1396 2083 uero
1415 2026 1552 2083 saltuatim
1574 2026 1684 2081 incedat
1700 2041 1752 2095 per
1769 2026 1898 2083 damea

551 2123 647 2177 sonus,
674 2124 706 2162 ac
725 2108 747 2160 si
766 2106 808 2161 vel
827 2108 910 2161 sunus
929 2106 1072 2164 eliceretnr
1090 2126 1124 2162 er
1143 2108 1245 2163 chorda
1267 2107 1395 2161 sommae
1412 2104 1517 2159 miurus
1540 2102 1582 2157 uel
1602 2110 1695 2168 auem,
1721 2112 1754 2161 ut
1771 2104 1806 2160 tlt
1824 2107 1899 2162 iuter-

550 2187 614 2244 dum
635 2186 665 2242 in
689 2186 777 2240 neruis
800 2186 953 2255 pandurae,
981 2204 1041 2242 cum
1067 2188 1175 2242 sinister
1199 2188 1306 2256 digitus,
1325 2186 1452 2241 chordam
1477 2193 1592 2254 tangens
1617 2191 1741 2238 moretm
1774 2190 1805 2238 et
1828 2185 1900 2239 sind
1974 2235 1975 2250 ,

552 2264 651 2321 dextra
667 2278 763 2319 manus
781 2278 874 2319 mcum
893 2270 920 2318 et
938 2272 1024 2321 setam
1042 2281 1092 2334 per
1110 2267 1237 2321 chordam
1257 2247 1347 2329 trabit,
1367 2273 1414 2319 aut
1432 2272 1462 2318 nt
1473 2266 1514 2331 tit,
1532 2279 1593 2318 eum
1606 2262 1726 2318 chordae
1740 2263 1783 2317 vel
1797 2264 1901 2320 temne

550 2345 579 2401 in
601 2344 742 2400 contiuua,
755 2344 879 2399 tensione
902 2346 1055 2400 versantur.
1082 2345 1189 2401 iuterim
1207 2348 1324 2400 sonitum
1349 2345 1391 2399 sni
1409 2351 1541 2413 perpetuo
1560 2341 1716 2396 dissimilem
1737 2342 1840 2397 edunt.
1864 2344 1901 2397 rei

551 2440 583 2479 ac
602 2423 624 2479 si
643 2438 658 2485 e
676 2421 811 2477 contrario
830 2421 910 2491 plane
930 2440 946 2478 a
964 2424 1109 2478 seminante
1128 2424 1253 2478 tardioris
1272 2422 1398 2497 planetae
1417 2422 1507 2477 subito
1522 2422 1634 2479 saltaret
1653 2422 1687 2476 ad
1707 2421 1826 2478 decssem
1839 2424 1899 2491 ejus

446 2506 448 2513 ’
551 2501 666 2557 indeed
685 2498 821 2570 sextilem,
849 2510 902 2557 nou
922 2503 1033 2557 seruiens
1051 2504 1085 2557 ad
1105 2502 1205 2573 gradus
1224 2502 1410 2558 intermedius.
1438 2507 1486 2555 aut
1504 2518 1537 2556 ae
1556 2500 1578 2554 si
1596 2500 1738 2555 celerrimo
1757 2508 1837 2559 motu
1855 2513 1901 2559 trs

545 2580 643 2649 jiceret
667 2580 718 2634 hos
744 2595 824 2635 arcus
846 2581 1033 2637 Intermedius.
1069 2584 1096 2637 in
1123 2577 1190 2652 ipsis
1215 2597 1285 2655 uere*
1305 2578 1461 2647 aspectibus
1487 2576 1651 2647 aliquamdiu
1675 2580 1844 2639 subsisteret
1860 2584 1901 2639 ian

551 2657 666 2714 mobilis.
704 2658 806 2714 Similia
824 2660 858 2714 de
876 2661 1028 2716 intensione
1053 2669 1080 2713 et
1099 2662 1255 2717 remissione
1279 2658 1432 2729 rogitanda.
1470 2658 1605 2714 Sicorim
1629 2665 1656 2713 et
1674 2659 1749 2711 uocis
1773 2673 1902 2715 maenius

551 2731 585 2791 ab
603 2743 658 2792 ubo
677 2738 808 2793 cornuue
828 2739 861 2793 ad
881 2738 954 2794 allud
973 2740 999 2793 in
1018 2747 1154 2795 promente
1173 2740 1212 2807 iit,
1231 2757 1281 2794 unc
1303 2739 1349 2792 ille
1367 2746 1457 2793 motura
1476 2737 1592 2791 sonitum
1618 2736 1732 2804 emittit3
1758 2745 1788 2789 at
1807 2738 1856 2792 ubi
1872 2739 1901 2793 ad

513 2818 517 2827 '
552 2816 641 2872 locum
665 2816 825 2871 concinnum
849 2818 936 2887 teuit,
961 2817 1016 2885 jaru
1040 2820 1066 2872 iu
1092 2834 1124 2873 eo
1149 2827 1225 2873 tants
1250 2807 1375 2886 tempore'
1389 2817 1557 2871 immoratur.
1584 2814 1755 2883 aequabilem
1778 2818 1903 2871 emittens

554 2908 656 2957 ¹sorsum,
675 2904 805 2965 quantum
824 2897 947 2952 varietati
966 2906 994 2952 et
1011 2899 1161 2969 quantitati
1173 2896 1298 2953 not-auru
1323 2896 1489 2967 singularum
1511 2893 1673 2964 praescrihit
1690 2893 1841 2965 rhythmus
1859 2912 1902 2951 seu

551 2982 651 3027 tastris.
690 2971 813 3043 inferius,
833 2971 878 3028 ubi
898 2974 931 3031 de
950 2974 1162 3045 planetariorum
1181 2984 1301 3030 motuum
1319 2973 1516 3030 intensioribus
1538 2967 1569 3026 et‘
1584 2971 1790 3027 remissionibus
1810 2972 1902 3042 am‘tur,

436 3052 443 3063 ¹
551 3045 614 3098 loca
636 3043 791 3113 systematis
814 3046 946 3102 concinna
969 3046 1099 3101 definient
1117 3047 1242 3115 planetae
1260 3054 1381 3100 mutuans
1400 3052 1582 3100 extremorum
1601 3042 1781 3097 diuturnitate
1801 3052 1831 3099 et
1849 3060 1906 3099 rou·

550 3123 657 3187 amuda
676 3138 736 3178 curn
756 3124 928 3179 intermedius
948 3124 1074 3181 celeriter
1092 3126 1261 3192 pervolitant.
1300 3123 1431 3193 Septimo.
1461 3124 1536 3177 Sient
1548 3131 1640 3178 motus
1651 3121 1697 3175 ille
1711 3124 1794 3177 socia
1807 3124 1903 3179 sama

550 3201 584 3255 ab
603 3214 657 3256 uuo
676 3203 791 3257 amariae
809 3203 912 3257 circulo
929 3205 964 3259 ad
983 3204 1077 3271 alium,
1102 3212 1151 3258 aut
1170 3204 1268 3273 plectri
1286 3204 1506 3274 plectrummque
1525 3203 1551 3255 iu
1570 3201 1628 3270 lyra
1645 3210 1675 3257 et
1692 3204 1822 3270 organis,
1841 3204 1903 3273 diqi

550 3292 638 3337 turum
657 3284 684 3335 iu
702 3282 840 3337 testudine
858 3292 885 3337 et
902 3283 1026 3351 pandura
1045 3286 1080 3339 ab
1099 3298 1154 3335 uno
1172 3282 1230 3337 loeo
1249 3280 1367 3337 chordae
1384 3283 1418 3336 ad
1431 3280 1521 3335 alium.
1540 3282 1618 3349 sicut,
1637 3282 1757 3350 iuquam,
1775 3298 1810 3337 se
1824 3282 1904 3339 habat

550 3360 595 3415 hle
611 3368 702 3415 motus
720 3361 761 3413 vul
780 3360 866 3415 saltus
885 3360 919 3414 ad
938 3362 1154 3429 percussionem.
1181 3377 1253 3429 quae
1276 3361 1308 3415 lit
1324 3361 1441 3432 pleetro,
1460 3362 1494 3416 sd
1514 3362 1728 3429 asperationem,
1753 3376 1830 3428 quae
1848 3369 1904 3417 seta

558 3454 648 3509 arcus,
672 3450 699 3495 et
719 3441 757 3494 sie
781 3441 815 3495 sd
834 3442 1037 3508 expressionem
1060 3439 1206 3495 clariauni
1229 3442 1256 3493 in
1275 3439 1388 3508 siugulis
1413 3454 1527 3510 asperae
1544 3439 1661 3493 semdae
1677 3440 1788 3495 arealis
1813 3453 1863 3497 aut
1878 3443 1904 3496 ia

551 3517 664 3589 amanlis
691 3518 800 3574 chordis
825 3520 1024 3582 immorantem,
1058 3520 1096 3572 sic
1124 3534 1266 3587 possemus
1291 3520 1383 3574 dicere
1409 3533 1440 3572 ss
1465 3518 1566 3572 habere
1591 3517 1771 3572 cessationem
1802 3520 1905 3575 sfisaub

551 3596 640 3665 hujus.
659 3605 788 3665 quaeest
807 3598 856 3665 per
873 3606 946 3651 tetes
964 3611 1044 3652 arcus
1062 3596 1219 3665 aspectibus
1236 3597 1402 3666 interiectus,
1413 3598 1454 3653 'ad
1471 3598 1656 3666 operationem
1674 3611 1723 3651 seu
1743 3598 1904 3664 menen,

550 3688 620 3743 qaae
638 3675 772 3744 smaltru.
791 3675 902 3744 planeta
920 3676 946 3728 iu
966 3682 1106 3743 aspectum
1123 3674 1273 3731 incedente.
1924 3742 1932 3751 .

621 3754 759 3824 Denique,
788 3754 853 3821 quia
872 3753 934 3820 jam.
948 3754 1016 3808 haec
1034 3755 1203 3823 comparatio
1221 3754 1343 3809 inicitur.
1360 3755 1521 3811 addendum
1539 3761 1589 3823 est
1608 3753 1681 3824 quod
1700 3754 1838 3810 haetenus
1856 3758 1907 3812 init

552 3835 665 3891 ‹lilatnm
687 3842 715 3889 et
732 3836 780 3899 iis,
806 3850 876 3901 quae
903 3834 997 3888 ultimo
1025 3834 1098 3889 dieta
1122 3835 1268 3903 bierunt,
1296 3836 1442 3904 praecipue
1466 3836 1553 3890 tuceta
1582 3833 1676 3901 aren,
1703 3832 1778 3900 quod
1805 3834 1909 3891 scilieet

552 3922 610 3971 tcto
627 3930 727 3983 genere
746 3914 854 3970 differat
877 3929 973 3971 ames
991 3915 1166 3983 philosophia
1184 3917 1365 3970 Ptolemaeus.
1401 3916 1470 3970 liam
1493 3914 1539 3968 illa
1558 3920 1681 3968 vomatur
1703 3912 1731 3964 in
1751 3926 1805 3965 sua
1821 3912 1905 3983 hypo

551 3992 634 4055 thesi.
650 4001 818 4055 ostensurus
837 3994 911 4063 quud
929 3995 1087 4051 harmonica
1104 3995 1338 4063 comparationum
1356 3995 1451 4049 harum
1468 3993 1647 4049 fundamenta
1657 3996 1808 4062 propterea
1825 3992 1906 4051 insint

551 4071 641 4139 melo,
669 4073 733 4139 quia
750 4072 778 4127 id
803 4072 1063 4141 sitpraestautioris
1091 4082 1212 4129 naturae.
1250 4074 1310 4141 nne
1327 4088 1392 4128 nero
1408 4072 1484 4139 diso,
1510 4072 1666 4129 monica
1683 4071 1738 4125 ista
1760 4080 1906 4141 propterea

551 4150 738 4209 antummodo
764 4152 876 4221 reperiri
900 4152 927 4207 in
952 4152 1171 4222 separationibus
1194 4152 1365 4222 plassctarum
1389 4150 1570 4218 abinvicem,
1598 4150 1663 4221 quia
1679 4151 1751 4210 haec
1769 4154 1906 4219 cepnae

553 4238 643 4286 motem
661 4230 756 4287 localia
774 4238 817 4287 est
834 4230 998 4299 canicieque
1016 4238 1119 4287 cerum
1136 4230 1253 4299 aliquam
1273 4230 1481 4300 longitudinem,
1505 4237 1571 4299 puta
1588 4230 1683 4286 sirmii
1698 4232 1808 4289 nodinra‘
1824 4250 1906 4305 apps-

551 4318 651 4367 rcnter.
688 4309 747 4377 illc,
765 4310 788 4365 si
807 4317 895 4365 ortum
916 4308 1007 4364 mandi
1026 4308 1168 4379 receperit,
1186 4310 1341 4377 contendet,
1359 4308 1487 4376 meolam
1505 4306 1596 4363 studio
1608 4308 1782 4368 inundantes
1799 4316 1827 4369 in
1845 4328 1905 4367 en

552 4392 602 4447 hae
619 4391 819 4461 proportiones.
838 4404 889 4457 ego
908 4405 976 4457 nego
995 4388 1126 4458 possibile
1143 4388 1240 4451 inisse,
1263 4395 1294 4441 nt
1311 4386 1531 4446 excluderentur.
1548 4386 1612 4442 data
1630 4390 1715 4444 senet
1730 4391 1906 4462 nuntium

551 4468 721 4539 planetarum
746 4470 773 4525 iu
796 4468 916 4537 longum.
940 4466 1009 4522 adeo
1030 4474 1062 4521 ut
1085 4466 1271 4525 sintaoholes
1295 4466 1465 4523 necessitatis
1483 4465 1630 4522 mawriabs
1647 4466 1684 4533 (id
1706 4479 1751 4525 est
1774 4472 1828 4527 hoc
1846 4471 1907 4525 leco

551 4547 770 4616 qumanana,
791 4564 846 4601 uun
863 4545 977 4601 consilii.
1014 4544 1063 4601 lile
1083 4554 1171 4617 putat,
1189 4546 1257 4613 ipsis
1275 4546 1357 4603 etiam
1375 4546 1533 4602 coelestium
1546 4560 1695 4615 corporum
1711 4548 1812 4605 furnis
1828 4562 1905 4619 prns-

552 4624 657 4680 sidibus
674 4625 769 4681 insitas
789 4640 850 4681 esse
867 4624 1031 4695 harmonias,
1050 4626 1115 4695 quia
1133 4633 1249 4682 testatur
1266 4626 1448 4694 experientia,
1466 4624 1559 4680 radios
1576 4640 1670 4679 eomas
1688 4626 1767 4683 reiut
1784 4629 1860 4699 ipsos
1876 4644 1906 4681 ss

552 4704 618 4773 ipsis
643 4721 696 4762 uon
723 4703 803 4759 aliter
827 4703 954 4761 efficaces
979 4720 1053 4774 esse,
1077 4720 1160 4774 quam
1185 4703 1342 4761 harmonice
1358 4713 1552 4772 mugientem
1579 4720 1631 4771 eqo
1650 4721 1739 4775 nego,
1761 4714 1907 4777 propterea

551 4783 619 4853 ipsis
637 4784 797 4840 coelesh'nnr
817 4782 911 4839 lunaris
930 4784 1026 4839 insitas
1044 4782 1154 4852 probari
1173 4782 1340 4851 harmonias,
1359 4782 1425 4850 quia
1441 4782 1607 4851 operationis
1625 4782 1698 4853 ejus,
1715 4802 1789 4853 qaae
1805 4786 1906 4855 allega·

493 4918 497 4932 ,
552 4874 597 4918 tur
614 4863 650 4919 ab
666 4863 846 4932 exponentia,
865 4862 1000 4933 principia
1016 4862 1132 4917 ostendo
1150 4861 1221 4929 alis,
1245 4863 1348 4917 animas
1365 4860 1536 4930 sublunares,
1560 4863 1907 4933 commendatumque

552 4940 712 5011 cuuu’nguut
735 4940 762 4995 in
786 4940 856 4995 binis
880 4940 1049 5011 planetamru
1077 4940 1176 4999 radiis.
1203 4939 1401 4997 omermtrices
1424 4948 1452 4996 et
1468 4941 1666 5011 perceptriees,
1694 4940 1796 5010 quibus
1812 4943 1905 5007 etin,

552 5021 659 5091 quoties
677 5020 851 5089 oouduguut,
875 5020 903 5073 iu
921 5019 1049 5089 operibus
1067 5019 1124 5075 suis
1142 5018 1349 5087 sabinensibus,
1372 5018 1403 5074 iu
1418 5034 1531 5075 suumin
1552 5020 1663 5087 inquam
1686 5034 1830 5089 sospem
1848 5035 1905 5073 ne·
