4467 6192
536 609 601 668 280
762 614 770 626 “
932 603 974 658 De
990 601 1111 659 Motibus
1128 601 1302 657 Plauetarum
1319 599 1497 658 Hermonicis.
1549 639 1553 650 .

537 782 684 859 noneuplo
706 781 860 842 mediocris
883 780 1042 841 distantiae
1064 779 1191 840 Telluris
1220 778 1339 840 aSole.
1383 780 1480 856 Huius
1508 780 1696 842 theorematis
1720 797 1789 842 usos
1811 781 1879 842 inire

538 887 603 948 cap.
628 874 657 932 9.
680 873 863 930 necessarius
886 872 940 929 erit
961 867 1000 928 ad
1024 867 1299 929 demonstrationem
1324 871 1579 928 eccentrieitatum.

622 991 718 1052 Nono.
762 991 793 1050 Si
812 991 876 1067 jem
897 989 962 1066 ipsa
984 990 1138 1068 verissima
1154 990 1257 1049 itinera
1272 987 1375 1048 diurna
1390 990 1533 1068 cujusque
1553 981 1689 1066 planetae
1713 1008 1764 1067 per
1786 1009 1879 1050 surruu

536 1077 703 1139 aetheream
725 1077 827 1139 eadem
857 1077 949 1138 veluti
968 1075 1155 1156 decempeda
1178 1075 1305 1144 volueris
1334 1080 1435 1150 metiri,
1460 1077 1682 1154 conjungendae
1710 1086 1796 1138 crunt
1817 1097 1880 1156 pro-

536 1168 684 1242 portiones
707 1166 791 1240 duae,
816 1183 875 1226 una
897 1163 1064 1223 diunrorum
1087 1181 1205 1222 arcuum
1228 1159 1381 1222 eccentrici
1403 1182 1536 1224 verorum
1560 1160 1633 1246 (non
1657 1162 1880 1246 apperentium),

535 1251 627 1313 ultera
649 1253 869 1322 intervallorum
891 1253 1033 1328 cujusque
1055 1271 1074 1310 a
1096 1251 1165 1311 Sole
1188 1249 1385 1325 mediocrium,
1410 1254 1480 1328 quia
1503 1251 1604 1312 cedern
1628 1263 1673 1312 est
1696 1262 1725 1312 et
1745 1251 1880 1330 amplitu-

536 1338 612 1398 dinis
636 1341 765 1414 orbium,
797 1339 853 1400 hoc
883 1347 943 1413 est,
974 1337 1297 1416 multiplicandus
1330 1339 1519 1415 cujusque
1549 1339 1731 1416 planetae
1765 1357 1879 1399 arcus

536 1443 648 1487 verus
676 1428 835 1487 diurnus
868 1430 906 1486 in
933 1427 993 1486 sui
1024 1426 1134 1485 orbis
1164 1425 1508 1486 semidiametrum:
1542 1423 1605 1504 quo'
1627 1428 1705 1486 lacto
1728 1426 1882 1503 prodibunt

537 1518 650 1574 numeri
676 1515 774 1574 idonei
808 1516 846 1575 ad
877 1513 1104 1590 exquirendum,
1121 1529 1207 1571 'uum
1241 1512 1293 1572 illa
1325 1516 1430 1573 itinera
1460 1515 1569 1576 saciant
1590 1517 1797 1591 proportiones
1819 1515 1883 1574 lter·

536 1603 676 1661 monioas.
717 1610 720 1617 '
1394 1607 1401 1622 ¹

622 1706 754 1766 Decimo.
799 1702 841 1765 Ut
855 1722 931 1765 ivero
954 1705 1074 1777 habena,
1097 1710 1238 1781 quantam
1261 1703 1414 1780 quodlibet
1436 1703 1540 1764 talium
1562 1703 1728 1766 diurnorum
1751 1708 1883 1766 itinerum

538 1793 629 1854 iaciat
651 1794 866 1871 apparentiam,
900 1793 985 1853 oculo
1013 1791 1095 1851 uelut
1122 1794 1151 1849 in
1174 1789 1243 1872 Sole
1277 1790 1436 1866 collocato,
1466 1794 1521 1850 etsi
1551 1792 1607 1852 hoc
1630 1793 1706 1853 idem
1730 1812 1768 1854 ex
1792 1802 1882 1854 muo-

536 1882 636 1953 nomia
657 1889 753 1959 potest
774 1879 941 1941 immediate
962 1882 1040 1958 peti,
1076 1888 1174 1938 tamen
1197 1880 1285 1936 etiam
1308 1881 1350 1942 sic
1372 1879 1499 1956 patebit,
1531 1882 1557 1937 si
1580 1879 1727 1940 addideris
1751 1883 1882 1941 itinerum

535 1969 714 2047 proportioni
736 1969 952 2045 proportionem
975 1984 1107 2027 aversam
1130 1965 1349 2026 intervallorum
1372 1983 1429 2024 non
1453 1965 1632 2042 mediorum,
1665 1965 1881 2040 sed'veroruru,

538 2072 615 2131 quae
637 2063 706 2118 sunt
728 2057 835 2130 quovis
857 2055 922 2114 loco
946 2056 1187 2126 eccentriourum,
1217 2051 1484 2131 multiplicato
1508 2055 1648 2116 itinere
1669 2059 1882 2133 superioris

536 2145 571 2202 in
594 2141 856 2207 intervallum
877 2143 1083 2202 inferioris
1105 2159 1124 2200 a
1146 2139 1235 2200 Sole
1259 2149 1292 2203 et
1313 2141 1488 2200 vicissim
1516 2143 1659 2204 itinere
1690 2143 1883 2203 inferioris

535 2232 578 2315 in¹
595 2229 849 2291 intervallum
872 2231 1089 2306 superioris
1111 2245 1131 2287 a
1153 2226 1249 2288 Sole.

622 2331 792 2395 Undecimo.
837 2332 899 2393 Nec
927 2336 1024 2393 minus
1057 2334 1146 2392 etiarn
1173 2349 1210 2390 er
1246 2331 1322 2390 datis
1349 2329 1476 2391 motibus
1508 2334 1732 2410 apparentibus,
1768 2334 1881 2412 aphelio
1965 2317 1966 2333 ¹

536 2421 623 2485 unius
645 2429 675 2480 et
697 2420 838 2498 perihelio
860 2418 997 2494 alterius,
1028 2419 1077 2480 vel
1099 2420 1228 2483 vicissim
1250 2418 1414 2493 alternisve,
1438 2423 1639 2498 proportiones
1662 2421 1819 2482 eliciuntur
1841 2425 1883 2480 in-

535 2507 723 2569 tervallorum
755 2507 864 2585 ephelii
896 2510 982 2567 unius
1011 2507 1049 2568 ed
1081 2506 1254 2585 perihelinm
1288 2505 1427 2582 alterius3
1461 2508 1511 2565 ubi
1533 2516 1631 2572 mmeo
1654 2508 1766 2568 medios
1790 2519 1883 2568 motos
1965 2521 1966 2537 ¹

536 2602 652 2674 oportet
672 2613 737 2656 esse
758 2598 976 2672 praecognitos,
1008 2613 1049 2654 ac.
1073 2594 1288 2672 proportionem
1316 2593 1527 2672 periodicorum
1556 2603 1719 2673 temporum
1743 2614 1884 2670 eversam,

538 2701 573 2743 ex
596 2683 703 2758 quibus
726 2682 838 2743 elicitur
860 2684 973 2742 orbium
995 2683 1152 2762 proportio,
1177 2699 1227 2758 per
1249 2697 1326 2740 num.
1342 2681 1425 2741 VIII.
1442 2684 1646 2758 praemissum:
1670 2692 1740 2745 tunc
1762 2693 1884 2744 sumto

536 2769 663 2830 medio
693 2769 986 2848 proportionali
1016 2772 1115 2828 inter
1147 2777 1292 2827 motum
1328 2767 1551 2828 alterutrum
1574 2779 1829 2848 apparentem
1852 2779 1884 2830 et

537 2872 640 2918 suum
670 2857 848 2932 medium,
876 2859 922 2916 iit
949 2864 989 2916 ut
1018 2856 1088 2916 hoc
1119 2855 1280 2916 medium
1313 2855 1602 2933 proportionale
1633 2857 1679 2917 ed
1701 2859 1884 2918 semidia-

539 2953 700 3006 metrum
722 2946 840 3017 orbis,
868 2945 930 3020 jam
952 2945 1148 3023 patefactam,
1181 2945 1241 3003 sic
1262 2943 1408 3002 medius
1431 2952 1553 3003 motus
1582 2943 1630 3016 ad
1659 2944 1885 3006 dissentiam

536 3033 596 3092 vel
618 3030 865 3093 intervallum
888 3034 1115 3109 quaesitum.
1144 3029 1212 3091 Sint
1234 3029 1356 3092 duorum
1379 3031 1561 3108 planetarum
1583 3031 1733 3111 periodica
1756 3043 1886 3113 tempora
1966 3103 1967 3116 ¹

537 3121 579 3179 tt
603 3121 693 3194 et,8,
724 3136 793 3196 ergo
816 3119 904 3180 medii
925 3127 1023 3182 motus
1052 3118 1147 3177 diurni
1181 3118 1259 3187 illips
1292 3117 1429 3177 adhunc
1452 3115 1587 3193 estilla,
1621 3137 1697 3196 quae
1727 3121 1745 3180 8
1774 3121 1812 3180 ad
1837 3125 1884 3194 27,
1966 3161 1967 3198 .

537 3224 626 3283 quare
650 3215 734 3267 erunt
755 3207 961 3267 semidiametri
991 3206 1104 3266 orbium
1136 3213 1169 3264 ut
1192 3207 1209 3264 9
1232 3203 1271 3266 ad
1295 3207 1323 3264 4.
1368 3204 1444 3264 Nam
1474 3205 1557 3266 radix
1588 3208 1691 3267 cubica
1723 3207 1763 3267 27
1790 3216 1835 3268 est
1859 3211 1885 3282 3,

536 3293 573 3355 de
597 3295 617 3352 8
640 3301 684 3354 est
706 3297 746 3367 2,
776 3293 880 3354 harum
904 3289 1033 3354 radicum
1056 3295 1075 3352 3
1099 3299 1128 3354 et
1152 3295 1170 3350 2
1195 3291 1338 3369 quadrata
1360 3301 1428 3352 sunt
1452 3295 1470 3352 9
1494 3301 1523 3352 et
1547 3297 1574 3354 4.
1620 3293 1685 3354 Sint
1704 3294 1767 3372 jam
1791 3303 1885 3356 motus
1966 3337 1967 3340 ,

514 3388 727 3469 ¹apparentes,
762 3381 896 3459 aphelius
920 3382 1005 3441 unius
1029 3383 1047 3438 2
1071 3388 1100 3442 et
1131 3380 1288 3457 perihelius
1317 3379 1437 3440 alterius
1462 3376 1554 3463 ³37³·
1599 3381 1700 3442 Medis
1722 3386 1886 3462 proportio·

535 3468 616 3528 nulia
638 3471 712 3528 inter
733 3476 830 3527 motus
851 3468 963 3529 medios
987 3471 1005 3526 8
1028 3475 1058 3528 et
1080 3469 1122 3526 27
1145 3474 1175 3526 et
1196 3468 1251 3527 hos
1273 3475 1446 3546 apparentes
1468 3477 1552 3528 emnt
1575 3471 1593 3526 4
1614 3477 1644 3528 et
1666 3471 1717 3530 30.
1763 3470 1794 3530 Si
1819 3488 1887 3546 ergo

535 3555 663 3616 medium
687 3558 707 3613 4
730 3553 782 3613 dat
802 3554 978 3616 mediocrem
1010 3553 1177 3614 distantiam
1207 3554 1343 3633 planetae
1368 3556 1401 3628 9,
1433 3564 1503 3616 tunc
1531 3555 1647 3626 medius,
1674 3565 1772 3617 motus
1796 3559 1814 3616 8
1840 3557 1887 3617 dat

537 3641 686 3720 aphelium
708 3642 895 3702 intervallum
913 3645 962 3716 18,
985 3641 1165 3720 respondens
1181 3644 1340 3720 vapparenti
1362 3645 1453 3702 motui
1468 3645 1504 3718 2;
1528 3650 1557 3704 et
1572 3645 1597 3702 si
1613 3643 1740 3704 medium
1763 3644 1886 3704 alterurn

537 3731 579 3790 80
602 3728 653 3788 dat
676 3729 851 3790 mediocrem
874 3728 1041 3790 distantiam
1062 3728 1182 3789 alterius
1205 3729 1340 3808 planctae
1355 3731 1383 3803 4,
1408 3737 1476 3793 tunc
1498 3729 1609 3790 medius
1632 3730 1710 3792 illius
1733 3741 1830 3792 motus
1847 3737 1884 3792 27

537 3817 588 3876 dat
610 3817 783 3895 perihelinm
807 3817 885 3877 illius
907 3817 1092 3876 intervallum
1116 3815 1185 3899 373.
1231 3817 1305 3877 Dico
1328 3817 1423 3892 igitur,
1448 3816 1614 3879 distantiam
1637 3817 1785 3896 epheliam
1808 3820 1885 3880 illius

538 3921 603 3964 esse
626 3904 665 3963 ad
687 3902 858 3981 periheliam
880 3905 977 3982 hujus,
1000 3912 1034 3964 ut
1059 3906 1097 3964 18
1121 3903 1157 3963 ad
1182 3900 1256 3988 3²75.
1302 3904 1343 3962 Ex
1368 3921 1426 3980 quo
1449 3913 1540 3982 petet,
1564 3906 1794 3982 quod-inventis
1817 3908 1885 3968 har-

515 3991 739 4050 'moniisinter
760 3999 856 4052 motus
878 4000 1023 4052 extremos
1050 3993 1184 4052 binorum
1208 4000 1237 4050 et
1266 3991 1419 4069 periodicis
1451 3993 1630 4070 temporibus
1662 3997 1777 4070 utrique
1801 4013 1885 4073 prae·

536 4081 667 4156 scriptis,
700 4082 910 4141 necessitentur
940 4079 1096 4140 intervalla
1129 4088 1258 4139 extrema
1286 4087 1315 4140 et
1344 4079 1514 4155 mediocria,
1546 4099 1639 4158 quare
1652 4137 1655 4144 ,
1669 4083 1759 4142 etium
1782 4101 1884 4144 eccen-

539 4167 688 4226 tricitates.

623 4268 814 4329 Duodecimn.
858 4269 953 4330 Datur
981 4273 1078 4346 etiam,
1110 4289 1147 4332 er
1178 4273 1265 4331 unius
1297 4277 1325 4330 et
1348 4270 1482 4347 ejusdem
1510 4271 1647 4350 planetae
1674 4273 1805 4333 motibus
1833 4291 1883 4333 ex·

419 4364 423 4373 ·
536 4359 635 4417 nemis
650 4356 773 4417 diversis
788 4359 918 4418 invenire
939 4366 1073 4418 motum
1096 4357 1258 4419 medium.
1281 4358 1340 4418 Hic
1354 4361 1431 4419 enim
1445 4377 1503 4417 non
1527 4361 1656 4437 praecise
1678 4369 1723 4419 ast
1745 4360 1883 4420 arithme-

538 4443 628 4503 ticum
642 4443 778 4505 medium
800 4447 876 4505 inter
896 4455 993 4506 motus
1015 4455 1175 4520 extremos,
1205 4463 1259 4505 uec
1278 4450 1410 4523 praecise
1433 4447 1560 4506 medium
1582 4451 1815 4524 geometricum„
1831 4447 1882 4508 sed
1965 4445 1967 4456 '

537 4538 619 4591 tanto
640 4535 734 4592 minor
756 4535 932 4609 geometrico
955 4533 1067 4608 medlo,
1100 4541 1209 4609 quanto
1232 4527 1360 4593 medium
1382 4537 1588 4610 geometricum
1610 4537 1706 4594 minus
1729 4544 1775 4595 est
1795 4553 1882 4611 quam

537 4617 664 4678 medium
696 4621 772 4679 inter
800 4627 965 4696 utrumque.
1010 4623 1075 4680 Sint
1104 4620 1162 4679 duo
1192 4628 1288 4680 motus
1316 4624 1435 4682 extremi
1460 4623 1478 4681 8
1501 4630 1529 4682 et
1554 4624 1612 4696 10,
1644 4623 1758 4682 medius
1787 4632 1882 4684 motus

538 4708 592 4764 erit
613 4707 707 4765 minor
729 4725 817 4783 quam
842 4709 877 4782 9,
901 4709 994 4768 minor
1014 4710 1102 4768 etiam
1126 4725 1214 4785 qnam
1237 4707 1319 4766 radix
1342 4708 1378 4768 de
1402 4710 1460 4787 80,
1483 4709 1603 4769 dimidio
1626 4711 1705 4786 ejus,
1737 4709 1815 4786 quod
1838 4717 1882 4770 est

537 4793 614 4851 iuter
641 4800 810 4869 unumque,
843 4796 861 4854 9
895 4803 926 4855 et
957 4796 1018 4857 rsd.
1050 4795 1086 4856 de
1110 4797 1162 4856 80.
1205 4795 1252 4854 Ita
1281 4797 1307 4856 si
1337 4799 1376 4856 sit
1402 4795 1535 4873 aphelius
1559 4799 1617 4867 20,
1648 4797 1808 4874 perihelius
1830 4800 1880 4871 24,

538 4888 635 4939 motus
656 4880 769 4940 medius
792 4883 846 4942 erit
867 4885 960 4942 minor
978 4901 1069 4970 ,qoem
1093 4885 1150 4958 22,
1182 4884 1276 4942 minor
1299 4887 1388 4946 etiam
1410 4901 1498 4959 quam
1521 4885 1603 4943 radix
1627 4885 1662 4944 de
1686 4887 1765 4959 480,
1796 4885 1880 4944 dimi-

540 4965 588 5027 dio
611 4967 690 5044 ejus,
723 4968 802 5044 quod
830 4978 875 5030 est
903 4973 978 5035 iuter
1005 4971 1082 5037 hene
1110 4969 1238 5034 radicem
1267 4977 1297 5032 et
1319 4975 1369 5032 22.
1414 4971 1512 5052 HuJus
1535 4972 1723 5034 theorematis
1746 4991 1814 5033 usus
1837 4979 1880 5033 est

538 5056 568 5115 iu
589 5057 733 5139 sequenti,
