4467 6192
942 642 1084 733 Apologia.
1350 694 1354 703 -
1386 691 1389 697 ·
1628 655 1691 751 449

420 834 492 920 'Age
514 858 655 919 namque,
677 842 883 904 'conditionem
906 842 960 901 tibi
982 840 1094 911 defero,
1118 840 1249 917 regulam
1270 841 1341 900 mihi
1371 846 1551 920 praescribe,
1574 864 1609 907 er
1633 866 1692 924 qna

333 948 497 1008 agnoscam
527 934 557 989 in
586 936 724 991 contiuuo
748 932 934 1007 perfectionis
957 946 1060 1005 opere,
1094 926 1212 1004 quan‘do
1235 927 1368 1001 tendent,
1403 948 1462 1007 quo
1483 933 1600 993 *indicio
1622 953 1692 1013 per·

333 1023 474 1080 veniatur
496 1018 534 1078 ad
557 1026 691 1078 exactum
714 1036 790 1095 aque
813 1018 934 1093 reliquis
950 1015 1117 1075 distinctum
1132 1014 1254 1092 padum
1269 1018 1469 1093 perfectionis.-
1513 1021 1689 1085 Demonstra
1740 1016 1744 1023 “

334 1111 428 1167 etiarn
450 1106 593 1183 medeam
616 1106 797 1183 singolorum
819 1103 1066 1181 aequipollentias
1088 1103 1242 1181 physicas,
1272 1103 1350 1163 uude
1371 1108 1480 1181 sciam,
1511 1110 1607 1169 inesse
1632 1111 1690 1171 illie

333 1195 487 1271 quandam
509 1197 650 1279 rationem
674 1193 868 1269 aequalitatis.
913 1192 962 1251 Sic
985 1193 1062 1249 enim
1089 1194 1120 1249 in
1144 1195 1303 1266 geometria
1331 1192 1419 1268 inque
1448 1197 1587 1254 contiuuo
1608 1197 1691 1259 fluxu

332 1286 438 1359 puncti
462 1282 499 1341 ad
523 1282 698 1357 gignendam
722 1284 828 1340 lineam
844 1280 1010 1339 demonstro
1025 1293 1090 1353 ego,
1114 1278 1233 1354 quaudo
1254 1296 1351 1355 quove
1375 1280 1482 1341 indicio
1502 1286 1692 1359 perveniatur

333 1370 375 1429 ad
401 1380 534 1429 exactam
556 1386 633 1445 aqrre
655 1369 769 1444 reliqua
790 1368 887 1427 lineae
910 1365 1092 1449 longitndine
1117 1368 1283 1425 distinctam
1305 1383 1485 1440 mensuram,
1511 1388 1587 1446 qnae
1611 1372 1690 1431 diri·

332 1460 451 1517 sionem
473 1460 501 1512 in
526 1457 664 1516 circulum
687 1457 790 1515 inferat
812 1455 1026 1527 harmonicam,
1050 1452 1219 1513 demonstro
1235 1457 1334 1527 etiam,
1356 1466 1456 1531 partes
1479 1458 1588 1530 circuli,
1612 1478 1689 1536 qnae

291 1584 294 1593 .
332 1546 461 1621 singulis
485 1546 646 1603 unitatibus
669 1544 834 1615 afferuntur,
858 1560 922 1601 esse
945 1540 1291 1616 longitudiuaaequalos.
1336 1541 1421 1602 'l'nnc
1443 1544 1610 1619 concedam,
1634 1550 1689 1611 tibi

333 1650 395 1691 non
423 1634 519 1689 ruinas
549 1648 637 1707 quam
667 1631 737 1689 milri
766 1648 801 1691 ex
824 1630 950 1695 numeria
980 1630 1179 1687 sic'forrnatis
1201 1646 1296 1705 eoque
1321 1629 1506 1707 formalibus
1528 1643 1690 1695 concanae

333 1724 370 1779 ia
392 1722 510 1778 musico
532 1726 667 1779 constare
689 1726 716 1778 at
735 1712 770 1776 in‘
791 1720 829 1775 iis
846 1719 952 1790 jacere
970 1718 1061 1775 totins
1081 1716 1279 1776 harmonicae
1300 1722 1443 1777 amantiae
1464 1727 1618 1778 meremor.

338 1831 343 1843 ·
423 1807 487 1865 Etsi
510 1806 567 1865 boc
589 1808 643 1865 erit
665 1804 851 1865 liberalitatis
876 1820 969 1863 meae.
1013 1802 1091 1863 Nam
1112 1820 1229 1879 possem
1259 1803 1356 1865 adhuc
1378 1805 1513 1882 obloqui,
1549 1808 1689 1882 gradibus

334 1893 396 1953 illia
423 1894 631 1969 perfectionum
663 1895 691 1950 in
720 1901 826 1951 natura
855 1894 953 1967 potins
984 1906 1020 1951 ex
1052 1890 1097 1949 hls
1128 1892 1201 1950 meis
1230 1892 1454 1952 formationibus
1480 1898 1688 1971 quantitativis

334 1984 501 2041 accessisse
524 1981 780 2041 determinationes
802 1978 886 2043 illas.
910 1994 999 2053 quam
1023 1984 1054 2035 ut
1076 1979 1206 2039 musicae
1227 1988 1346 2039 nostrae
1369 1988 1563 2041 concentuum
1586 1986 1709 2043 stratei-¹

334 2067 382 2127 tas
408 2071 506 2127 veniat
528 2084 564 2127 ex
586 2068 644 2126 illis
667 2068 805 2144 gradibus
828 2066 1031 2143 perfectionis,
1054 2075 1217 2142 propterea,
1241 2068 1312 2144 qnia
1328 2070 1516 2143 quantitates
1537 2072 1568 2128 iu
1590 2080 1688 2131 mente

333 2164 406 2214 sunt
427 2154 625 2231 mundumque
655 2155 834 2232 praecedunt
855 2164 888 2212 ut
911 2154 1076 2233 archetypi,
1105 2161 1139 2212 at
1159 2155 1346 2230 perfectionis
1371 2156 1480 2231 gradus
1507 2166 1575 2216 sunt
1598 2174 1688 2234 opera

333 2242 438 2303 mundi
463 2244 521 2315 iam
544 2244 705 2302 constituti.
750 2240 816 2301 Non
839 2242 926 2316 igitur
948 2242 1105 2313 assentior,
1136 2258 1202 2300 cum
1224 2243 1282 2313 ais,
1305 2244 1368 2301 sine
1392 2246 1559 2319 cognitione
1581 2245 1686 2305 horum

333 2347 530 2402 numerorum,
554 2332 603 2413 qui
626 2328 778 2389 sciliceta
800 2328 939 2404 gradibus
961 2326 1149 2403 perfectionis
1163 2336 1285 2388 naturae
1308 2330 1478 2403 formantur,
1501 2334 1686 2409 impossibile

334 2434 417 2491 esse,
449 2417 484 2477 de
513 2420 625 2476 musica
650 2419 713 2476 sive
744 2414 892 2475 mundana
923 2417 986 2473 sive
1010 2414 1155 2474 artificiali
1181 2417 1237 2475 rita
1255 2415 1397 2492 judicare.
1443 2418 1519 2478 Nam
1549 2422 1574 2478 si
1597 2420 1686 2480 modo

333 2508 394 2563 sint
418 2508 540 2579 numeri,
563 2512 596 2563 ut
618 2512 713 2565 tecam
736 2504 850 2579 loquar,
873 2503 997 2574 formati,
1021 2503 1119 2561 verius
1132 2506 1259 2563 concreti
1280 2507 1496 2586 quantitatibus
1511 2510 1687 2567 mentalibus

333 2602 364 2651 et
378 2591 598 2670 archetypicie,
621 2593 781 2651 rectissime
805 2607 839 2649 ex
864 2592 899 2649 iis
922 2590 958 2663 de
982 2592 1060 2647 omni
1083 2591 1197 2649 nnrslca
1216 2590 1343 2665 judicari
1358 2597 1628 2671 potestatumque
1650 2594 1687 2656 de

333 2679 394 2739 illis
417 2682 488 2755 ipsis
510 2681 567 2739 tuis
590 2679 729 2755 gradibus
752 2676 961 2755 perfectionum
984 2684 1116 2738 natnraa.
1244 2675 1246 2678 ’

422 2767 500 2826 lllnd
523 2770 612 2826 etiam
634 2765 725 2843 paulo
748 2764 819 2824 mibi
842 2772 887 2824 est
907 2763 1095 2837 insolentius,
1119 2762 1208 2840 qnod,
1233 2780 1307 2838 quoe
1330 2784 1386 2843 ego
1409 2782 1545 2827 numeros
1568 2771 1687 2847 appello

332 2855 508 2927 abstractos,
532 2864 566 2923 ta
586 2853 751 2914 materiales
774 2861 805 2912 at
826 2852 948 2913 sensiles
971 2852 1113 2928 appellas.
1160 2849 1262 2910 Omnis
1284 2870 1438 2928 numerus,
1465 2863 1498 2914 ut
1519 2859 1560 2915 sit
1581 2875 1686 2917 uume-

332 2959 393 3013 rus,
418 2944 508 3001 meuti
532 2944 628 3002 inesse
652 2941 755 3014 debet,
779 2948 811 2999 ut
835 2940 921 3000 docet
943 2939 1131 3009 Aristotelem
1162 2940 1191 2995 in
1213 2941 1349 2999 sensibus
1375 2944 1463 3018 inque
1485 2946 1607 3003 materia
1629 2962 1687 3003 nu·
1722 2957 1725 2963 ·

334 3046 432 3088 merus
456 3046 512 3088 nou
535 3037 589 3102 eat,
612 3028 663 3089 scd
687 3031 814 3087 unitates
837 3028 994 3105 dispersae.
1041 3026 1157 3085 Videris
1180 3027 1268 3085 etiarn
1291 3028 1408 3087 titulum
1428 3030 1558 3089 formalis
1573 3035 1686 3092 numeri

332 3118 511 3177 eonitrndere
535 3134 601 3177 curn
616 3116 803 3177 distinctione
818 3114 869 3175 illa
886 3113 1082 3187 Aristotelica,
1104 3130 1172 3173 cnm
1198 3114 1411 3192 Pythagoricos
1441 3118 1483 3175 ait
1507 3134 1585 3177 nuuc
1603 3118 1685 3196 loqui

333 3205 370 3263 de
395 3207 523 3264 sumeris
544 3208 606 3263 suis
628 3212 662 3263 nt
683 3205 860 3275 numerosis,
882 3218 960 3262 nunc
982 3210 1014 3260 nt
1037 3201 1075 3261 de
1095 3200 1242 3274 formatis,
1266 3211 1299 3281 ut
1320 3205 1350 3261 iu
1374 3203 1494 3264 denario
1517 3206 1686 3273 considera-

332 3302 381 3351 tur
405 3292 450 3351 vel
474 3291 629 3351 multitudo
652 3293 796 3351 unitatum
820 3290 867 3349 vel
889 3290 994 3367 ligura.

420 3379 519 3455 Negas
550 3390 585 3439 te
615 3383 676 3439 vim
707 3378 922 3440 harmoniarum
955 3385 1071 3435 tuarum
1106 3392 1142 3435 ex
1175 3379 1303 3437 numeris
1337 3379 1493 3439 abstractis
1524 3383 1684 3459 accepisse.

330 3465 439 3541 Neque
461 3468 517 3525 boc
539 3484 594 3543 ego
617 3466 704 3544 plana
726 3467 767 3523 ita
780 3462 867 3537 -dirl,
898 3463 950 3524 sed
973 3480 1038 3523 cum
1053 3460 1214 3523 diatones
1237 3481 1285 3548 ex,
1295 3467 1459 3540 veteribus,
1483 3468 1559 3528 inter
1580 3484 1685 3529 uume-

329 3570 382 3611 ros
407 3556 435 3612 3·
451 3564 479 3612 et
503 3556 524 3611 t
545 3572 609 3614 esse
631 3556 848 3630 proportionem
870 3551 1083 3621 harmonicam,
1114 3567 1210 3625 neque
1240 3552 1443 3625 observasses,
1475 3554 1533 3614 illis
1557 3560 1685 3617 unitates

331 3658 437 3703 omnes
461 3645 489 3698 iu
512 3640 708 3718 applicatione
731 3640 820 3699 faisse
843 3639 983 3715 aequales
1005 3637 1187 3715 longitudine
1209 3639 1392 3714 chordarum,
1417 3642 1486 3716 diri,
1510 3652 1539 3702 te
1563 3644 1685 3706 dimissa

330 3727 515 3803 aequalitate
545 3730 741 3804 quantitative
771 3725 935 3805 applicasse
963 3726 1099 3785 numero's
1129 3728 1208 3802 ipsos
1232 3730 1267 3799 n,
1299 3730 1319 3786 4
1346 3746 1412 3789 cum
1435 3732 1598 3791 unitatibus
1621 3734 1683 3791 suis

330 3816 467 3891 partibus
490 3815 605 3890 mnudi,
638 3832 695 3874 nou
719 3814 845 3892 amplius
868 3817 942 3873 inter
963 3832 995 3873 se
1017 3812 1201 3888 aequalibus.
1246 3813 1316 3874 Jam
1345 3817 1417 3875 nibil
1441 3820 1575 3889 interest,
1604 3818 1683 3878 uude

330 3912 364 3961 tu
388 3906 452 3961 vim
474 3902 520 3962 hle
541 3906 668 3963 numeris
692 3902 910 3974 conciliaveris,
940 3918 1009 3959 num
1032 3916 1068 3959 ex
1091 3917 1127 3959 eo
1149 3900 1263 3975 solum,
1293 3904 1372 3980 quod
1403 3914 1473 3963 aunt
1494 3907 1620 3978 itamari,
1650 3908 1684 3965 ni

331 4000 459 4063 veteres,
483 4008 519 4049 au
543 4008 581 4051 ex
602 3988 660 4051 illis
683 3988 821 4067 gradibus
844 3988 1053 4067 perfectionum
1076 3987 1270 4065 naturalium
1293 3990 1414 4066 sufficit,
1438 3995 1623 4053 occasionem
1637 3992 1682 4052 ah

329 4079 405 4154 ipsis
429 4078 576 4137 veteribus
598 4087 627 4139 te
649 4080 769 4157 petiisse
795 4076 946 4137 deierandi
968 4076 1103 4135 sumeris.

421 4166 484 4241 ligo
506 4166 575 4237 tibi,
598 4168 639 4224 mi
659 4164 802 4236 lieberto,
826 4165 932 4238 fatam,
956 4164 1143 4239 enm-agitur
1162 4160 1199 4221 de
1220 4163 1393 4236 certitudine
1415 4155 1683 4243 comprehensionis

329 4268 444 4324 rerum,
468 4252 582 4311 elotum
603 4272 651 4313 ma
672 4270 731 4311 estc
753 4255 870 4310 omnino
892 4255 1034 4327 opinione
1055 4266 1114 4309 nou
1135 4266 1219 4324 mm,
1248 4250 1301 4309 sed
1323 4254 1470 4311 communi
1494 4255 1682 4313 mathemati·

329 4356 432 4399 corum
456 4342 600 4412 omnium,
630 4346 663 4397 ut
685 4356 877 4415 quaecunque
900 4346 932 4397 tu
955 4348 1063 4398 tractas
1086 4335 1292 4397 mathematica
1314 4357 1394 4399 more
1417 4340 1601 4412 Hermetioo,
1628 4358 1682 4400 seu

329 4429 477 4486 strictiora
500 4444 554 4487 seu
577 4428 751 4497 remissiora,
775 4428 804 4484 in
828 4435 974 4485 contemtu
998 4426 1134 4497 habeam,
1156 4424 1246 4500 idque
1268 4426 1419 4487 uon'odio
1442 4445 1537 4489 rerum
1551 4430 1680 4503 ipsarum

330 4514 565 4575 Hermeticarum
595 4531 647 4574 seu
669 4515 872 4591 mysteriorum
899 4522 1035 4587 naturate,
1066 4512 1119 4572 sed
1141 4514 1180 4571 ob
1202 4511 1232 4571 id
1259 4516 1370 4590 ipsum,
1401 4516 1472 4590 qnia
1500 4530 1555 4574 nec
1576 4530 1681 4591 capere

331 4601 539 4661 mathematica
569 4603 625 4661 nisi
653 4618 704 4679 per
732 4600 992 4661 demonstrationes
1023 4600 1260 4672 mathematicas,
1292 4618 1347 4660 uec
1375 4603 1404 4659 in
1432 4603 1606 4677 penetralia
1634 4606 1682 4661 toi

332 4690 482 4749 Hannone
504 4690 682 4765 opacissima
703 4688 796 4748 ouilia
817 4690 1034 4747 mathematicis
1055 4690 1200 4763 impiam
1220 4704 1348 4763 unquam
1369 4687 1467 4747 didici.
1504 4690 1580 4749 Nam
1595 4698 1681 4767 post·

330 4794 421 4855 quam
443 4778 541 4835 omnia
569 4784 620 4836 tna
641 4776 713 4835 mibi
736 4792 824 4851 qnam
847 4774 1067 4851 diligentissime
1095 4776 1215 4832 rimatus
1238 4792 1303 4833 esse
1333 4773 1450 4850 videor,
1481 4793 1601 4837 somnus
1624 4768 1680 4836 obss

330 4866 416 4943 repit,
440 4862 611 4937 obliviscor,
636 4878 710 4939 quas
732 4872 764 4922 tu
786 4862 978 4921 formalitates
1001 4861 1081 4921 dicas
1105 4862 1250 4920 unitatum
1272 4868 1403 4934 marum,
1421 4880 1524 4939 .qnem
1545 4865 1680 4942 spiritum

329 4950 504 5021 formalem,
530 4966 589 5026 quo
611 4950 693 5009 illam
717 4950 824 5024 ingenii
848 4950 1000 5007 conamine
1031 4964 1066 5007 aa
1090 4963 1149 5021 qna
1178 4951 1225 5005 rai
1246 4947 1336 5007 litera
1367 4950 1561 5013 eruendum„
1581 4952 1680 5027 Quare

328 5058 376 5100 me
399 5038 574 5115 recolligens
596 5038 634 5098 ab
658 5036 714 5098 boc
734 5050 836 5096 somno
859 5044 1020 5112 temperare
1042 5034 1112 5093 milri
1128 5049 1186 5093 non
1208 5052 1337 5113 possum,
1362 5040 1432 5114 quin
1460 5039 1604 5112 omnibns,
1628 5041 1679 5117 qui

328 5124 505 5191 aenitudiue
527 5124 657 5202 gaudent
685 5124 987 5202 comprehensionem,
1019 5131 1048 5184 et
1069 5120 1200 5200 lingnam
1226 5132 1258 5186 et
1283 5123 1386 5188 modos
1408 5104 1681 5189 matbemaiicorum

381 5244 479 5299 man
491 5244 566 5298 opas
577 5244 605 5289 v.
1304 5277 1309 5288 .
1481 5234 1523 5297 29
