4467 6192
928 742 963 800 de
979 742 1134 800 inmunis
1660 748 1700 807 67

362 917 501 968 mutin
519 919 615 983 ungit,
634 923 766 986 postquem
782 920 861 970 nudi
877 919 977 982 placide
993 926 1018 971 et
1034 922 1184 972 urhenttim.
1219 921 1326 971 Proinde
1344 921 1483 970 mirandum
1501 931 1551 969 nnn
1568 924 1618 984 eet,
1636 918 1659 967 si
1676 924 1702 967 et

362 989 482 1049 temporie
500 995 527 1037 et
543 990 638 1038 laboris
654 992 693 1038 rel
711 991 814 1040 insumi
831 991 957 1054 hucusque
975 994 1110 1042 autetiam
1128 991 1243 1053 deinceps
1260 990 1401 1041 insumendi
1422 993 1449 1040 in
1467 991 1533 1040 hune
1549 987 1701 1055 repelcyoe,

361 1056 519 1122 ιιιριῑιλιι
537 1074 567 1108 sc
585 1060 737 1110 cervicosum
754 1061 877 1114 hominem
894 1063 1030 1128 poenitent,
1054 1062 1099 1127 qni
1116 1061 1180 1110 nihil
1197 1066 1290 1111 rectum
1307 1066 1379 1124 putet
1396 1065 1420 1110 et
1437 1067 1536 1125 oerum,
1568 1059 1617 1106 nisi
1634 1058 1703 1123 qnod

362 1127 408 1176 seit
425 1129 494 1192 ipse,
514 1129 578 1194 imo,
597 1143 630 1178 ue
647 1131 764 1195 meatim,
782 1143 831 1183 uun
849 1130 902 1179 ecit.
1616 1146 1618 1149 ·

446 1197 572 1262 Equidem
591 1204 619 1246 nt
636 1200 675 1248 his
694 1200 791 1250 dnobus
808 1201 947 1248 molestiam
965 1200 1013 1249 tihi
1031 1213 1122 1262 cresm,
1144 1215 1195 1250 nou
1212 1206 1251 1251 eet
1272 1200 1415 1250 serendum.
1450 1201 1548 1248 Veritee
1565 1198 1627 1246 mihi
1644 1209 1700 1246 eco-
1733 1205 1741 1212 ·

361 1279 406 1328 pm
423 1271 471 1332 est,
490 1269 561 1334 omni
578 1268 740 1319 delectetione
757 1272 847 1334 potior,
866 1275 1082 1335 quenteucnnque
1099 1269 1245 1333 pollicentur
1261 1271 1361 1319 teudern
1372 1275 1512 1318 monstrosa
1522 1270 1634 1333 neritee3
1653 1269 1702 1316 im-

361 1337 446 1398 primis
476 1343 545 1388 totns
568 1339 665 1388 alinum
688 1353 743 1388 euru
767 1351 781 1388 a
803 1341 1005 1392 contentionibus
1030 1347 1055 1389 et
1073 1341 1246 1403 obstinatione.
1282 1340 1310 1389 Si
1327 1339 1463 1388 menendus
1484 1341 1588 1403 eliquia,
1614 1347 1702 1390 moneo

362 1407 469 1456 hreuter
487 1414 514 1456 et
532 1408 631 1473 hiando,
649 1416 741 1459 remote
759 1412 892 1460 acerbitate
911 1415 935 1458 et
952 1409 1103 1460 contumelia
1120 1412 1257 1475 verborum,
1276 1414 1398 1474 qnantum
1415 1413 1468 1470 ejus
1481 1410 1620 1471 perspicere
1629 1421 1703 1471 queo.

362 1475 403 1524 Sin
421 1489 475 1526 non
494 1478 593 1538 obedit,
619 1479 641 1526 si
658 1484 777 1542 repugnet
800 1486 825 1528 et
842 1493 920 1540 nugae
937 1481 1001 1542 egit,
1025 1483 1113 1530 omitto
1136 1482 1164 1530 in
1181 1486 1305 1542 posterum
1322 1482 1429 1541 penitus.
1463 1477 1535 1528 Ilaec
1551 1491 1634 1540 mens,
1661 1477 1703 1526 hic

363 1548 467 1596 animus
484 1548 556 1596 mihi.
569 1549 673 1597 —lem
691 1565 716 1598 se
730 1563 859 1616 excusus,
877 1549 945 1613 quod
962 1565 989 1598 ee
1006 1551 1168 1600 immiscuerit
1184 1549 1270 1599 litihus
1283 1547 1432 1614 lingelianie,
1450 1549 1544 1610 pergit:
1562 1548 1604 1598 Sic
1621 1553 1703 1596 mcum

361 1618 448 1681 notin,
466 1631 520 1682 quo
538 1619 649 1680 apertius
666 1619 824 1668 mendacium
841 1625 866 1668 et
883 1618 1009 1668 stoliditas
1026 1621 1163 1685 insignior,
1184 1621 1231 1668 hcc
1247 1621 1328 1680 megin
1344 1617 1505 1668 inclarescere
1522 1618 1661 1678 veritatem,
1679 1621 1704 1664 st

361 1685 453 1734 mmm
470 1689 617 1737 innccenter
634 1691 739 1751 appetiti
756 1691 806 1739 sihi
823 1691 873 1752 ipsi
890 1689 1014 1752 praesidio
1033 1691 1095 1740 lieri.
1131 1691 1198 1739 ilinc
1214 1702 1295 1754 neque
1312 1703 1356 1749 ego
1374 1690 1405 1737 de
1423 1689 1547 1748 dignitnts
1563 1693 1703 1735 nostrarum

361 1757 451 1806 ιιιιιιιι
468 1755 578 1806 mentum
594 1760 620 1806 in
639 1760 808 1809 adversarium
825 1759 949 1810 &undere
966 1761 1044 1810 volui,
1080 1761 1128 1810 det
1143 1763 1210 1810 enim
1227 1763 1318 1824 mejor,
1346 1772 1421 1823 quern
1439 1763 1468 1805 ut
1487 1770 1543 1805 eom
1560 1755 1600 1804 vel
1618 1759 1703 1805 conri-

363 1825 452 1874 ciandn
468 1825 623 1877 laheiectere
640 1830 711 1890 alter,
729 1835 774 1878 eut
791 1843 836 1890 ego
855 1829 1009 1879 defendendo
1022 1829 1175 1894 empllicare
1192 1843 1290 1894 queam.
1325 1829 1431 1890 lingent
1447 1829 1474 1876 in
1491 1827 1531 1874 his
1548 1827 1622 1876 rebus
1642 1827 1704 1874 satis
1770 1843 1773 1848 ⁴

362 1896 407 1942 eim
425 1895 558 1946 dissimilis
575 1897 684 1963 Roherti,
702 1899 800 1962 Negelii
817 1904 842 1948 et
859 1900 1039 1967 sociennernm,
1056 1906 1139 1950 tamen
1158 1905 1196 1949 est
1212 1899 1283 1948 aliud
1299 1899 1426 1963 quoddam
1438 1909 1567 1946 commuue
1585 1909 1640 1944 num
1658 1895 1704 1943 lie·

362 1963 416 2013 dem
433 1963 545 2030 (iaiehcr
561 1969 627 2016 en'lm
645 1974 670 2016 et
687 1981 726 2020 me
742 1975 822 2018 totum
839 1970 950 2032 aperiam
967 1971 1028 2032 tibl;
1050 1971 1107 2019 ride
1132 1977 1161 2020 ut
1182 1972 1230 2019 sim
1253 1968 1399 2034 candidus);
1425 1981 1454 2016 sc
1476 1978 1508 2014 ne
1526 1966 1659 2014 oileuderis
1677 1971 1702 2014 st

362 2047 400 2084 me
415 2049 531 2098 segnem
548 2051 566 2086 ι
583 2042 608 2086 ιι
624 2039 713 2086 iterum
731 2040 807 2088 stiam
823 2044 899 2104 etque
917 2041 993 2088 etiam
1010 2047 1100 2090 metuo.
1136 2040 1204 2102 Quid
1222 2053 1279 2088 vern
1295 2039 1376 2087 illudi
1411 2037 1545 2103 lmperitie,
1563 2037 1701 2099 puerilius,

363 2103 461 2153 inscitia
485 2109 514 2154 in
537 2108 577 2156 hie
600 2109 688 2171 retus,
714 2123 777 2174 ques
801 2111 918 2172 profiteor
940 2115 964 2158 et
986 2111 1074 2170 muro
1099 2116 1196 2175 inmen3
1223 2124 1261 2159 res
1287 2122 1318 2156 ea
1341 2121 1392 2157 ncu
1409 2120 1466 2154 rare
1487 2105 1589 2171 quidem
1612 2110 1637 2154 et
1660 2106 1701 2153 iu·

364 2173 483 2241 hqneus,
503 2174 623 2226 insolens·
634 2183 726 2243 temen,
744 2179 837 2243 eudem
855 2180 925 2230 mira
962 2177 1118 2229 Constitutus
1136 2193 1190 2230 eum
1209 2178 1332 2241 professor
1348 2179 1487 2226 matheseos
1509 2176 1595 2224 elisua
1610 2176 1703 2236 potius,

362 2257 435 2308 quem
452 2259 512 2294 mea
530 2247 665 2310 rclnntete,
684 2253 812 2298 consumto
826 2251 881 2311 jam
899 2251 990 2298 seleon
1008 2247 1068 2298 ilore
1086 2252 1189 2315 scieque
1206 2251 1296 2298 mentis
1313 2250 1393 2297 ιιιιιι
1408 2249 1436 2296 in
1454 2247 1527 2307 longe
1538 2245 1650 2309 dirersis,
1669 2243 1702 2291 ed

362 2327 425 2376 quae
442 2317 598 2382 espirahsm,
618 2323 642 2366 et
659 2319 681 2366 ei
697 2317 787 2368 inisset
803 2321 899 2384 eosque
909 2321 961 2368 iate
974 2325 1109 2382 perpetuae
1120 2319 1299 2369 inveietudinis
1310 2317 1512 2382 supervenientis,
1531 2316 1636 2364 inmense
1647 2327 1702 2377 per·

362 2390 479 2434 rentum
498 2400 568 2436 mern
584 2388 651 2436 hono
668 2395 724 2437 cum
742 2389 803 2442 Deo.
831 2390 940 2439 'icmeei
956 2383 1141 2448 αὐιιὸιᾶιιιις
1157 2407 1200 2440 nee
1215 2384 1361 2451 demades,
1379 2388 1520 2437 innuens,
1530 2387 1588 2433 viva
1601 2397 1662 2434 ecce
1678 2387 1704 2433 et

361 2455 556 2506 manuductione
573 2457 718 2508 idoneorum
735 2465 921 2522 praeceptorum
939 2462 1079 2524 ceterisque.
1092 2459 1251 2509 adminiculis
1269 2466 1294 2508 et
1310 2459 1411 2525 mediis,
1435 2469 1500 2521 quae
1526 2454 1560 2503 ed
1571 2455 1703 2504 excelien-

362 2523 422 2572 timm
438 2525 527 2574 ierunt
542 2525 664 2592 aliquem.
700 2530 787 2593 ltaque
806 2529 990 2578 ohservationes
1007 2536 1033 2578 et
1049 2531 1205 2580 inventiones
1229 2543 1246 2577 a
1262 2543 1301 2578 me
1318 2529 1402 2578 nullas
1419 2527 1499 2577 haheo
1521 2530 1621 2587 petere:
1644 2523 1702 2588 dux,

362 2599 437 2656 ιιιιι,
454 2597 594 2662 ingenium,
611 2598 726 2659 impense
742 2599 822 2666 deest,
847 2601 913 2648 niter
930 2597 1015 2648 elleua
1031 2599 1088 2666 nde,
1114 2599 1193 2651 oculis
1209 2611 1260 2648 non
1278 2599 1340 2648 meis
1357 2611 1444 2663 cerno,
1457 2597 1568 2657 ,inerim
1585 2595 1631 2643 hoe
1648 2594 1704 2656 ipso

363 2665 479 2724 opinione
498 2667 641 2732 mentelii,
660 2669 681 2716 si
698 2681 763 2732 qune
781 2675 846 2718 recte
863 2675 889 2718 et
904 2668 1020 2718 viderunt
1038 2676 1063 2719 et
1079 2671 1153 2719 acute
1168 2669 1324 2719 erediderunt
1341 2669 1394 2724 alii.
1412 2680 1457 2728 ego
1475 2677 1525 2714 unu
1542 2664 1704 2713 munsture-

362 2736 404 2800 ιη,
423 2737 588 2796 vestigiorum
605 2739 677 2798 signe
694 2738 790 2804 legens,
814 2751 934 2803 sesequar
951 2744 975 2788 et
992 2741 1123 2803 discipulis
1139 2752 1277 2803 proponam
1299 2743 1325 2788 et
1341 2739 1431 2788 saitem
1447 2737 1536 2800 alique
1555 2747 1656 2796 prosum
1673 2736 1701 2782 in

362 2803 421 2872 vitet
439 2807 462 2854 si
480 2819 533 2855 nnn
551 2807 625 2876 datur
642 2807 715 2859 ultra
750 2809 787 2858 Ac
805 2811 854 2858 niel
871 2823 910 2859 me
928 2810 994 2860 boue
1011 2812 1083 2871 genio
1102 2812 1130 2859 in
1147 2815 1192 2858 tna
1208 2810 1365 2872 potissimum
1380 2806 1500 2860 incidisse
1514 2806 1603 2869 initu,
1620 2805 1704 2864 ingre-

364 2877 403 2921 ius
420 2875 487 2938 sim,
515 2875 623 2925 mendax
641 2883 665 2925 st
683 2877 787 2940 injurius
806 2881 916 2944 utrique,
941 2879 1065 2944 siquidem
1088 2880 1219 2930 adrerum
1243 2881 1371 2928 remistem
1389 2870 1522 2942 ιῖιριβιιαι
1545 2879 1569 2923 ιι
1586 2874 1704 2923 selectum

364 2941 468 2993 tdhlhee
484 2949 617 2995 verborum
634 2947 726 3014 lumen,
744 2950 841 3010 pondus
860 2954 884 2998 et
901 2951 1085 3014 proprietatem,
1104 2951 1127 2998 si
1144 2951 1201 3015 quis
1219 2954 1276 3012 poet
1288 2948 1450 3011 OnpernIcum
1467 2947 1540 2994 elius.
1575 2943 1638 2991 Nem
1655 2943 1703 3004 Ty·

364 3013 449 3063 ᾰιιιιιι
465 3012 556 3077 liugas
572 3017 635 3066 mihi
652 3018 761 3080 proiecto
778 3021 861 3068 nseeiu
879 3032 931 3084 qus
948 3021 1093 3081 garrulitate
1111 3025 1136 3068 et
1153 3014 1313 3086 peepcioyrq
1329 3015 1445 3066 medices
1455 3020 1501 3078 est,
1518 3015 1566 3062 etei
1576 3026 1615 3065 ree
1633 3014 1705 3073 ipeee

364 3083 412 3132 sint
429 3087 551 3148 opdmse.
586 3086 657 3138 Unde
675 3087 776 3162 siquid
794 3090 854 3138 honi
870 3091 932 3140 mele
948 3089 1026 3155 inest,
1052 3090 1121 3154 qnod
1144 3091 1236 3154 sentio,
1261 3089 1389 3153 quamsit
1413 3091 1501 3149 tenue,
1528 3082 1706 3148 quicquid-eet

363 3155 415 3214 dus
432 3160 529 3221 umen,
545 3162 617 3205 tunm
634 3161 679 3222 esi,
697 3171 751 3221 unu
765 3173 855 3224 meum,
873 3159 896 3208 si
910 3172 962 3208 uun
981 3167 1039 3210 ectu
1057 3159 1165 3208 secundo
1183 3163 1219 3212 int
1237 3158 1414 3225 philosopher),
1427 3161 1456 3204 et
1471 3156 1551 3217 primo
1568 3158 1660 3216 tamen,
1677 3152 1705 3202 id

363 3223 430 3287 quod
448 3225 490 3274 sel
509 3240 540 3274 ex
558 3227 657 3290 nuperis
675 3217 780 3289 pe'gellis
798 3243 929 3291 agnoscere
947 3235 1017 3291 potes
1041 3235 1065 3280 et
1080 3231 1108 3280 ui
1127 3230 1200 3278 tollor
1222 3228 1344 3290 quoeris.
1380 3226 1470 3275 Videre
1487 3225 1567 3286 gestio
1585 3219 1706 3284 Cieopam

363 3297 433 3342 inum
457 3294 587 3360 (Oenones
608 3295 725 3348 Pueriles.
765 3295 814 3351 Gir.
832 3295 886 3350 ool.
905 3295 947 3347 IV.
970 3314 996 3362 p.
1018 3297 1074 3352 173.
1098 3295 1176 3366 483),
1201 3313 1252 3348 uon
1275 3299 1328 3348 ridi
1351 3301 1449 3362 temen,
1475 3294 1539 3343 ilias
1565 3293 1709 3355 symoniam

363 3377 501 3425 romum.
1368 3386 1372 3393 -

449 3437 535 3502 Atque
552 3437 615 3488 hene
631 3451 688 3488 eum
705 3439 743 3488 ite
759 3453 786 3488 ιι
803 3439 920 3504 hahenut,
940 3437 1116 3502 doleotsmeu,
1134 3448 1174 3488 me
1188 3453 1240 3489 non
1251 3451 1349 3502 semper
1358 3434 1521 3496 intelligendo
1538 3438 1638 3483 tentum
1649 3445 1709 3497 pro·

362 3505 429 3566 gredi
448 3508 477 3554 in
496 3507 556 3574 tuin,
574 3513 696 3574 quantum
714 3509 792 3558 debeo
811 3515 836 3558 et
853 3511 926 3572 cupio
945 3521 1004 3557 seue
1031 3523 1083 3560 non
1106 3514 1152 3558 tua
1169 3511 1258 3577 culpa,
1285 3511 1331 3574 qui
1349 3506 1386 3572 (ut
1407 3504 1666 3568 alicuhiprotestaris
1684 3509 1710 3553 et

362 3587 406 3634 ego
424 3577 549 3625 asserenti
575 3578 647 3627 credo
665 3583 786 3644 tanquem
803 3579 870 3633 bono
889 3575 952 3643 ciro)
971 3582 1024 3627 toto
1052 3583 1151 3641 pectere
1169 3581 1292 3629 averseris
1310 3579 1420 3628 illudne
1439 3590 1571 3626 σιιιιιιοι
1588 3569 1710 3623 Heracliti

362 3645 490 3710 milesque
509 3651 537 3696 ut
553 3649 621 3696 totus
639 3649 745 3698 mundus
763 3656 873 3715 cuperet,
900 3648 944 3697 esd
967 3662 1022 3697 mee
1040 3650 1123 3711 potius
1146 3649 1302 3709 ignoratione
1325 3649 1438 3708 illorum,
1464 3659 1529 3710 quse
1554 3641 1587 3692 ad
1605 3642 1711 3705 legende

361 3719 408 3764 iun
424 3717 573 3780 adempte
591 3723 656 3778 eret;
675 3720 761 3781 quatio
778 3722 837 3766 eunt
853 3717 996 3780 legarithmi
1014 3715 1115 3780 Nepesi,
1133 3720 1289 3770 Archimedis
1307 3724 1332 3769 et
1349 3717 1478 3780 Apollonii
1495 3712 1635 3781 quasdem,
1654 3727 1709 3762 coe-

362 3785 416 3834 siea
433 3792 460 3835 et
476 3788 574 3836 musice
590 3793 766 3850 praecepitei
783 3790 904 3850 imprimis
922 3789 986 3836 liber
1003 3789 1035 3838 X.
1053 3789 1165 3838 Euclldie
1182 3792 1249 3853 inem
1267 3795 1350 3846 cemre
1367 3792 1420 3849 eins
1437 3787 1560 3850 auctoris,
1577 3789 1607 3834 ut
1623 3789 1648 3833 et
1665 3785 1710 3832 tri·

362 3858 546 3928 ecncmgtrlnm
563 3857 640 3906 oelieo
657 3859 825 3923 mediocriter,
843 3859 893 3907 imo
911 3863 937 3907 et
954 3857 1043 3924 doceo,
1061 3860 1084 3907 ei
1103 3859 1173 3920 digni
1190 3861 1274 3910 adame
1291 3854 1435 3923 auditores).
1471 3857 1502 3906 lu
1519 3857 1559 3904 hie
1576 3859 1601 3904 et
1619 3852 1709 3904 simili·

362 3924 408 3973 ιιι
427 3927 492 3990 quia
517 3932 545 3974 tu
562 3925 697 3976 hincinde
725 3921 962 3978 demonstrationum
988 3933 1062 3993 etque
1080 3930 1275 3991 explichticuum
1297 3936 1396 3978 tuarum
1413 3926 1575 3977 fundamenta
1601 3930 1624 3974 et
1642 3925 1710 3986 prin·

363 3995 430 4057 cipis
448 3998 595 4058 constituis,
621 4000 765 4060 praesertim
788 4000 815 4047 in
833 3995 968 4047 comment.
986 3997 1074 4046 hinrtis
1092 4005 1117 4046 et
1133 3999 1305 4053 Harmonicie.
1331 4002 1360 4047 it
1382 3998 1515 4064 quominus
1535 3995 1711 4056 trausepiciam

362 4077 408 4126 ego
425 4079 509 4130 neque
524 4068 552 4114 in
570 4067 660 4115 intime
676 4069 816 4130 penetralia
833 4067 912 4117 Dives
930 4074 1002 4134 inse,
1028 4081 1176 4130 pernoscens
1193 4071 1264 4118 iilam
1282 4071 1351 4118 intus
1369 4070 1438 4119 etin
1456 4073 1512 4116 cute
1529 4064 1642 4129 adeoque
1660 4076 1709 4112 ucn

362 4137 438 4184 senei
458 4138 576 4198 optarim,
594 4141 619 4185 te
633 4141 743 4186 ¹stantem
761 4138 788 4186 in
805 4138 852 4188 hac
869 4138 988 4188 cethedre
1005 4151 1060 4187 meo
1073 4139 1127 4188 loeo
1140 4140 1233 4188 mederi
1251 4139 1350 4189 liulleri
1366 4141 1406 4188 tui
1423 4135 1533 4200 milcini,
1552 4133 1668 4184 coecitati
1685 4139 1711 4181 et

363 4207 480 4257 tenebris.
518 4207 607 4271 ltaque
624 4220 663 4256 me
682 4208 822 4268 provocasti
838 4207 873 4258 ad
891 4209 1044 4273 colloquium
1061 4209 1201 4260 literarium
1218 4210 1266 4259 hoc
1283 4210 1399 4275 consilio,
1427 4214 1455 4257 ut
1472 4211 1550 4270 esset,
1570 4217 1645 4269 quem
1662 4202 1708 4251 do·

362 4287 437 4342 ceres,
456 4289 534 4341 quem
551 4275 666 4336 inpendo
684 4291 839 4344 recoqueree;
859 4291 890 4326 en
908 4293 947 4328 me
965 4276 1021 4342 tihi,
1040 4283 1128 4328 nectus
1147 4295 1173 4328 ee
1185 4281 1324 4345 materiem,
1342 4281 1441 4344 qualem
1454 4277 1563 4325 volehcs.
1599 4273 1643 4323 Sin
1660 4274 1718 4332 mie

362 4357 408 4393 nus
427 4347 479 4395 hoo
496 4348 568 4411 egis,
583 4351 614 4393 'ui
630 4347 684 4408 ipse
702 4361 732 4395 ex
749 4360 789 4395 me
806 4345 895 4397 nudius
913 4347 1011 4413 reliquid
1028 4349 1076 4396 tibi
1094 4362 1185 4397 uncum
1204 4355 1247 4397 aut
1265 4355 1289 4398 te
1308 4350 1420 4410 dignum,
1448 4361 1538 4412 quaere
1556 4344 1603 4392 tibi
1622 4342 1709 4406 alium,

363 4427 407 4475 esc
424 4425 479 4465 non
497 4429 553 4464 sum
571 4415 647 4477 domi,
664 4429 709 4466 uec
728 4419 778 4466 scic
795 4422 901 4466 noctuae
919 4418 1037 4468 huense.
1062 4416 1312 4480 ,Gondescensicnern
1334 4424 1417 4483 mam,
1435 4423 1464 4465 ut
1480 4428 1563 4478 socae,
1581 4425 1630 4461 nnn
1649 4423 1710 4460 sane
1772 4461 1775 4468 ,

362 4499 472 4551 mun,
499 4491 537 4534 eet
553 4487 621 4536 enim
638 4487 746 4536 initima
756 4487 990 4551 anthropopathiae
1007 4487 1191 4554 theologorum,
1215 4496 1242 4538 et
1257 4490 1481 4550 hahet-scripture
1491 4483 1623 4545 exemplo,
1651 4495 1668 4529 t
1684 4487 1710 4530 tt

362 4556 418 4618 ipsc
436 4555 562 4618 producte
579 4557 607 4605 lu
624 4559 720 4620 evenio
739 4562 783 4606 tuo
795 4559 859 4606 libro
877 4557 909 4606 de
920 4557 1001 4610 Stella
1013 4557 1092 4624 Nova,
1110 4561 1155 4624 qui
1166 4560 1228 4609 mihi
1239 4560 1388 4623 principium
1400 4558 1456 4621 init,
1464 4593 1467 4600 .
1475 4556 1561 4606 oculos
1572 4552 1709 4617 aliqnando

362 4624 419 4688 plue
439 4627 501 4674 aliis
519 4626 647 4688 operiendi
671 4628 696 4674 in
722 4625 892 4689 philosophie,
917 4628 964 4677 etsi
988 4626 1031 4677 din
1053 4629 1099 4678 sinn
1124 4630 1232 4679 luctatus
1255 4644 1311 4678 cum
1337 4628 1521 4690 praeconceptis
1540 4624 1709 4692 opinionibus,

361 4697 509 4757 praesertim
527 4698 593 4744 cirea
609 4697 660 4744 rim
679 4711 790 4762 ιριιιιιηι
808 4697 950 4746 euhlunoris
968 4697 1063 4746 mundi.
1098 4699 1200 4747 interim
1218 4704 1309 4764 temen,
1328 4697 1395 4764 quod
1413 4695 1487 4756 vulgo
1500 4694 1556 4765 ,dici
1575 4683 1645 4759 Ιιιιιι,
1664 4694 1709 4743 he-
1774 4755 1779 4765 ,

362 4767 434 4814 reice
452 4765 522 4814 iactr
539 4777 591 4814 non
607 4777 662 4816 esse
676 4771 769 4816 temere
786 4767 907 4816 trahenda
923 4768 950 4814 in
968 4770 1176 4831 consequentiam,
1198 4767 1226 4818 id
1244 4768 1318 4816 etiam
1336 4767 1455 4815 hocloco
1473 4764 1651 4815 attendendum
1666 4766 1708 4825 ju·

363 4835 434 4900 dico,
456 4849 491 4884 ne
508 4834 573 4886 inrte
591 4829 766 4888 conducendo
784 4837 831 4886 ills
847 4849 892 4885 seu
909 4838 993 4899 potine
1011 4837 1159 4888 indiscretus
1176 4845 1290 4887 emor-et
1306 4835 1399 4886 stolide
1419 4848 1449 4884 ac
1465 4841 1624 4898 praepostere
1640 4832 1709 4882 illius

362 4906 506 4972 ιιιιιιιιιι,
529 4920 580 4956 uuo
603 4907 702 4980 nomine
726 4907 855 4956 euriositas
880 4911 951 4956 exest
973 4907 1004 4956 ad
1028 4907 1173 4956 anundum
1195 4908 1285 4958 Deum.
1321 4907 1374 4956 ltex
1397 4911 1501 4972 uterque
1524 4907 1661 4968 Aegyptius
1684 4907 1710 4954 st

363 4971 508 5024 Chnldaeue
532 4973 651 5042 illiusque
676 4975 790 5026 eiicierii
809 4975 902 5039 loseph
928 4983 952 5025 et
968 4977 1056 5025 Deniel
1078 4979 1172 5036 lecture
1196 4981 1320 5042 poterant,
1344 4977 1425 5026 Deum
1447 4976 1496 5026 nihi
1515 4972 1710 5028 condescendere

362 5059 391 5094 ec
408 5056 466 5093 esee
483 5045 593 5095 visiones
611 5051 637 5093 et
653 5048 751 5096 somnis
768 5059 813 5094 sun
830 5059 964 5112 eorumque
981 5047 1197 5107 interpretationes
1215 5049 1370 5106 decenum
1393 5045 1500 5112 ideoque
1524 5047 1651 5106 indulgere
1669 5043 1709 5093 hie

363 5121 387 5164 st
403 5116 456 5164 niti
473 5115 646 5181 probabiliter,
663 5117 714 5166 imo
733 5115 896 5166 confidenter:
915 5122 984 5166 erant
1000 5117 1067 5165 enim
1085 5117 1222 5166 conformia
1239 5117 1434 5167 vocationisuse
1450 5117 1531 5167 dehis
1544 5117 1710 5178 rebus‚'qnas

363 5185 394 5233 ed
412 5187 528 5248 ipsorum
546 5199 633 5236 eurem
650 5185 808 5248 petnneheut
826 5191 874 5242 ete.
909 5174 1143 5249 Oeleuderioerephl
1159 5191 1241 5238 eutem
1258 5200 1292 5237 en
1309 5186 1344 5238 ed
1357 5187 1406 5239 hoc
1421 5189 1489 5238 idern
1507 5194 1552 5237 eut
1567 5185 1648 5238 receti
1659 5185 1711 5257 sint

1510 5289 1555 5350 ὅθ
