4467 6192
549 653 611 713 432
1018 646 1183 717 Appendicis
1201 647 1425 705 Harmonicorum

547 828 621 887 haec
644 826 775 887 efficacia
797 830 827 886 in
848 833 981 886 naturam
1004 826 1194 888 sublunarem
1214 827 1333 903 majoris
1356 838 1401 888 est
1416 844 1532 905 operae,
1556 845 1643 904 qaam
1659 844 1735 904 quae
1759 846 1780 886 a
1799 844 1885 886 masso

549 920 624 990 stirs,
648 931 734 990 quem
758 923 817 973 tam
840 912 925 974 facile
948 914 1129 974 excludimus
1153 916 1190 974 ab
1214 916 1365 989 inanibus,
1388 919 1530 993 praestari
1554 917 1655 993 possit.

635 1000 727 1075 Unde,
749 1003 855 1078 pergis,
888 1005 934 1061 vis
957 1002 1152 1061 radiationum
1175 1011 1219 1061 est
1242 1006 1271 1059 iu
1295 1004 1386 1062 aerei
1430 1001 1516 1062 Unde
1539 1006 1636 1079 inquis
1659 1002 1780 1060 inesse?
1824 1002 1888 1060 Num

551 1106 585 1149 ex
601 1106 653 1163 -eo,
678 1090 756 1167 quod
779 1088 915 1166 planetae
939 1090 1079 1149 coelestes
1103 1093 1228 1147 animam
1253 1090 1359 1149 aSole
1382 1091 1553 1167 accipiunt?
1598 1089 1632 1147 Id
1655 1093 1731 1147 enim
1756 1082 1824 1147 ante
1842 1089 1889 1147 hor

547 1177 628 1235 unde
651 1178 757 1254 legitur
771 1182 808 1255 in
831 1187 883 1235 tua
905 1180 1044 1235 oratione.
1093 1179 1183 1252 Atqui
1207 1177 1277 1234 nihil
1302 1195 1376 1255 opus
1400 1188 1446 1236 est
1467 1179 1594 1254 planetis
1617 1180 1729 1248 anima,
1764 1193 1825 1252 qna
1844 1194 1889 1234 ue·

548 1266 678 1339 gotiaute
701 1265 895 1323 rudiatianum
918 1268 946 1321 in
970 1264 1060 1323 Terra
1083 1265 1270 1322 formatarum
1294 1269 1340 1324 vis
1365 1267 1463 1323 veniat
1491 1269 1520 1322 in
1546 1270 1652 1323 adrem.
1697 1264 1776 1322 Nam
1799 1265 1823 1321 si
1843 1264 1890 1321 hoe

547 1362 633 1422 essct,
658 1352 708 1410 illa
731 1352 914 1428 planetarum
938 1354 1036 1413 antima
1059 1368 1125 1409 cum
1148 1352 1359 1411 radiationibus
1382 1351 1452 1428 ipsis
1475 1355 1529 1410 iter
1557 1353 1676 1411 baberet
1699 1354 1889 1410 necessarlum

555 1442 582 1495 iu
608 1439 714 1498 Terras
744 1456 847 1515 usque.
894 1439 985 1514 Atqui
1009 1440 1065 1497 hoe
1097 1439 1157 1497 lieri
1182 1456 1238 1496 non
1266 1447 1371 1515 potest.
1416 1439 1505 1497 Nulla
1528 1443 1604 1499 enim
1636 1448 1678 1497 eat
1707 1443 1755 1496 urs
1778 1443 1812 1496 in
1833 1444 1891 1496 ae‘rr

553 1526 781 1601 sedictionem,
804 1530 860 1585 nisi
884 1526 1002 1602 quando
1025 1528 1202 1601 geometrica
1225 1525 1324 1603 aliqua
1348 1521 1534 1590 conformitas
1567 1530 1595 1585 in
1618 1538 1742 1601 aspectu
1774 1543 1828 1585 scu
1847 1544 1893 1582 an·

551 1614 621 1689 gulo
641 1614 780 1673 binarum
808 1614 1003 1676 radiationum
1034 1622 1078 1671 est
1105 1614 1274 1690 spectanda.
1318 1613 1385 1673 Hoc
1415 1630 1482 1673 vero
1518 1617 1583 1689 quis
1605 1615 1808 1672 internuncius
1833 1614 1891 1670 binc

546 1720 564 1758 a
587 1700 684 1760 Terris
707 1716 800 1777 usque
823 1701 861 1760 ad
885 1702 1042 1760 Saturnum
1067 1710 1099 1761 et
1117 1700 1226 1759 dorem
1249 1702 1372 1771 indicet,
1403 1709 1434 1760 ut
1456 1702 1524 1760 inde
1547 1704 1660 1760 animas
1684 1700 1732 1759 vel
1756 1701 1891 1777 quusque

548 1806 640 1862 snam,
665 1788 711 1847 vel
736 1791 886 1865 utriusque
909 1804 1091 1847 communem
1114 1791 1143 1845 in
1167 1788 1272 1847 Terras
1297 1778 1431 1862 deducat,
1457 1798 1490 1847 nt
1512 1788 1560 1848 hic
1582 1788 1634 1846 illa
1655 1791 1717 1845 einr
1741 1792 1811 1846 αέα·
1832 1804 1892 1847 eon·

551 1877 630 1935 ailiet
651 1894 800 1952 praesens.
847 1877 962 1935 Dixeris
985 1880 1093 1953 potius,
1117 1876 1213 1934 lumen
1238 1880 1333 1952 ipsum
1356 1877 1552 1952 planetarum,
1581 1894 1615 1934 ex
1639 1892 1698 1950 quo
1721 1876 1891 1933 radiationes

547 1971 689 2037 constant,
714 1965 790 2023 banc
813 1980 877 2022 esse
900 1967 1043 2038 animam,
1067 1966 1143 2022 sicut
1166 1976 1253 2022 antea
1276 1974 1406 2023 nostrum
1428 1964 1506 2022 hunc
1529 1968 1626 2022 aerem
1648 1964 1743 2020 iecisti
1767 1965 1892 2040 spiritum

547 2054 662 2110 animae
685 2050 795 2110 mundi.
839 2049 914 2109 Mihi
938 2055 1035 2109 omnia
1058 2051 1218 2110 succedunt
1240 2053 1363 2126 facilius,
1388 2050 1556 2111 laenitatem
1572 2051 1701 2125 aliquam
1716 2051 1892 2125 spiritualem

547 2140 576 2195 in
598 2137 689 2197 'Perre
710 2139 850 2215 ponentis

634 2225 893 2285 'Petrae'auimam
921 2224 993 2283 dicis
1019 2228 1121 2301 potins
1145 2244 1209 2286 esse
1238 2228 1276 2284 ah
1305 2231 1372 2285 altre
1401 2234 1430 2285 et
1462 2228 1492 2284 in
1523 2230 1608 2303 aere,
1639 2240 1729 2299 qnam
1763 2232 1799 2282 ut
1820 2227 1888 2283 atris

547 2318 643 2371 motus
667 2331 685 2372 a
707 2313 814 2372 Terrae
837 2316 934 2372 anima
956 2313 1123 2389 procedant.
1168 2314 1353 2390 Noupu'gno,
1378 2315 1522 2388 quinimo
1545 2316 1588 2371 sie
1610 2312 1726 2389 publice
1749 2312 1889 2388 profiteor,

546 2401 640 2473 hane,
671 2418 759 2477 quam
783 2401 864 2475 dico,
894 2399 1000 2460 Terrae
1024 2401 1210 2473 facultatem,
1245 2402 1378 2460 animalis
1402 2402 1540 2474 similem,
1571 2417 1623 2476 per
1645 2402 1775 2475 speciem
1798 2398 1891 2474 egredi

547 2491 635 2547 etiarn
658 2490 687 2545 in
710 2492 807 2547 a'e'rem
831 2488 1034 2547 circumfusum
1065 2490 1164 2565 ibique
1187 2506 1239 2565 pro
1262 2494 1385 2547 renata
1413 2492 1533 2565 gignere
1555 2488 1697 2561 bruchos,
1729 2487 1891 2546 cicadaset

546 2576 606 2633 alla
627 2577 746 2634 insecta.
793 2577 832 2633 At
861 2576 1048 2652 praeeipuam
1078 2576 1120 2633 illi
1151 2576 1249 2635 sedem
1273 2579 1301 2633 in
1325 2580 1391 2635 abre
1423 2593 1546 2653 ponere,
1582 2592 1721 2633 excursus
1749 2576 1892 2633 salumin

546 2661 637 2723 Tarra
659 2662 833 2736 concedere,
870 2663 925 2721 hoc
946 2663 1067 2739 perinde
1090 2663 1163 2721 mibi
1184 2664 1316 2737 ridetur,
1347 2680 1381 2722 ac
1403 2667 1429 2722 si
1452 2667 1517 2739 quis
1540 2665 1654 2721 animae
1677 2662 1784 2720 saitem
1807 2680 1892 2737 vege·

546 2752 635 2809 tantis
659 2751 686 2807 iu
710 2751 826 2809 homine
849 2751 948 2810 sedem
970 2753 1158 2828 praecipuam
1181 2751 1290 2810 diceret
1313 2766 1436 2826 sapores
1461 2750 1527 2809 illos
1549 2766 1585 2808 ex
1601 2766 1721 2827 corpore
1745 2752 1892 2827 exspiran-

547 2846 590 2897 tes
614 2841 702 2913 inque
725 2839 848 2897 sinubus
872 2841 1000 2914 corporis
1024 2838 1192 2913 haerentes,
1217 2839 1267 2896 ubi
1290 2838 1442 2912 pediculos
1465 2846 1495 2907 et
1517 2838 1624 2895 similia
1645 2840 1749 2913 gignit.

634 2924 754 3002 Pergis:
791 2929 841 2984 adr
870 2928 962 2983 vitam
991 2924 1042 2983 dat
1071 2928 1156 3003 aquis
1188 2934 1217 2984 et
1239 2934 1347 2998 terrae,
1380 2936 1409 2984 et
1431 2925 1565 2985 omnibns
1596 2942 1633 2983 ex
1655 2926 1691 2981 iis
1716 2926 1889 2999 compositis.

548 3012 647 3071 Velim
669 3016 750 3088 scire,
775 3030 842 3070 nurn
867 3021 963 3072 tecum
985 3021 1062 3070 stare
1086 3013 1245 3071 contendas
1269 3012 1478 3071 Aristotelem?
1522 3012 1580 3069 Hic
1595 3010 1826 3087 qrridemomnia
1840 3014 1891 3068 ista

549 3099 640 3159 calori
663 3100 740 3160 Solis
763 3101 878 3173 tribuit,
908 3102 958 3157 adr
988 3099 1030 3156 illi
1053 3102 1128 3158 inter
1151 3103 1342 3158 instrumenta
1364 3110 1417 3161 est.
1464 3100 1500 3156 Et
1528 3117 1615 3174 quam
1646 3106 1677 3156 tu
1701 3098 1776 3156 dicis
1806 3101 1890 3155 sitam

550 3191 579 3245 in
603 3190 688 3263 aquis
710 3197 740 3247 et
763 3187 870 3246 terris?
914 3187 1017 3245 Nonne
1035 3180 1134 3265 ‘pisces
1157 3190 1255 3245 innuis
1279 3188 1349 3259 iilic,
1372 3188 1420 3246 bie
1435 3186 1576 3265 plantss‘l
1621 3184 1684 3261 Ego
1700 3203 1772 3244 vero
1796 3202 1889 3244 rocem

548 3274 618 3333 olim
642 3277 796 3335 obscuram
819 3292 838 3333 a
861 3273 1001 3351 chymicis
1024 3278 1081 3333 tuis
1104 3276 1209 3348 hausi,
1233 3275 1311 3335 Solis
1328 3293 1391 3334 esse
1407 3274 1597 3347 beneficium,
1621 3290 1678 3333 non
1701 3275 1795 3345 a'e'ris,
1819 3270 1889 3347 quod

496 3430 499 3444 Ι
547 3376 626 3421 mare
649 3371 761 3421 sentent
783 3365 935 3435 monstris,
969 3362 1046 3441 quod
1070 3372 1147 3422 terra
1165 3365 1283 3442 plantas
1314 3363 1376 3422 sine
1399 3364 1524 3435 semine,
1560 3360 1638 3436 quod
1660 3360 1787 3433 lacuna,
1819 3360 1888 3419 Solis

548 3449 699 3508 ardoribus
722 3450 880 3526 tepefacta,
910 3464 1006 3509 mures
1029 3452 1180 3527 producat.
1225 3448 1381 3525 Quomodo
1404 3452 1495 3508 vitam
1519 3448 1584 3507 aliis
1608 3448 1690 3506 dabit
1711 3452 1780 3518 abr,
1809 3466 1888 3525 quam

545 3553 604 3595 non
626 3538 719 3611 habat
738 3538 829 3618 ipset,
852 3536 929 3594 misi
959 3546 990 3595 tu
1014 3538 1069 3596 sub
1100 3542 1175 3597 ab'ris
1199 3555 1272 3596 voce
1302 3539 1387 3596 nohis
1415 3539 1565 3613 quippiam
1596 3535 1725 3593 divinius
1749 3536 1887 3607 ohnudss,

547 3640 635 3699 quam
658 3632 702 3685 est
725 3626 779 3683 iste
801 3640 856 3683 nos
874 3626 1079 3699 circumstans,
1103 3642 1139 3683 ex
1161 3626 1331 3683 humoribus
1355 3633 1528 3684 extenuatus
1552 3640 1652 3700 vapor.
1697 3622 1778 3696 Scio,
1802 3626 1887 3698 pisces

545 3716 642 3771 adrem
666 3714 814 3771 continere
834 3712 866 3768 in
888 3714 1036 3786 geminata
1058 3715 1166 3786 vesica,
1190 3711 1242 3771 sed
1265 3730 1341 3787 quae
1364 3712 1421 3770 illis
1444 3714 1665 3769 instrumentum
1681 3719 1727 3768 est
1751 3720 1845 3769 motus
1864 3722 1887 3768 et

546 3802 670 3874 quietis,
702 3806 732 3858 et
754 3797 907 3874 cujusdam
931 3801 1014 3874 quast
1038 3802 1238 3881 suspensionis
1260 3798 1402 3858 naturalis
1425 3796 1462 3858 er'r
1483 3796 1773 3874 aquaasnperficie3
1799 3801 1887 3873 itaque

544 3896 635 3945 restat
659 3889 694 3945 iis
717 3888 765 3945 bic
787 3889 837 3945 abr
859 3890 964 3945 vesicis
988 3887 1116 3960 inclusis,
1142 3889 1229 3947 etiam
1253 3904 1318 3944 cum
1334 3888 1432 3945 areima
1446 3888 1572 3945 excessit
1586 3901 1756 3960 corpusque
1765 3889 1887 3944 exanime

546 3974 689 4051 dependet
715 3970 776 4049 jam
799 3990 818 4031 a
841 3983 957 4047 ventre,
988 3976 1037 4049 qui
1063 3979 1191 4034 vesicam
1222 3975 1297 4033 hanc
1320 3978 1465 4047 continet,
1498 3990 1563 4031 cum
1585 3976 1666 4048 prius
1699 3972 1729 4030 id
1755 3971 1886 4047 bepetitio

544 4060 658 4120 atrimae
688 4064 830 4120 niteretur
859 4062 1027 4120 incumbens
1061 4065 1155 4122 ventri
1186 4070 1216 4121 et
1237 4067 1434 4121 sustentatum
1462 4061 1500 4119 ab
1523 4078 1568 4119 co.
1614 4059 1697 4118 Adeo
1731 4058 1828 4120 differt
1849 4063 1887 4117 in·

545 4156 738 4207 strumentum
761 4165 780 4206 a
801 4155 927 4222 motare,
961 4152 1011 4209 altr
1038 4151 1077 4208 ‘ab
1101 4154 1207 4211 anima.
1253 4150 1320 4209 Scio
1351 4152 1454 4221 etiam,
1475 4146 1626 4207 'animalia
1653 4146 1800 4206 beneficio
1823 4148 1887 4205 sais

546 4240 672 4295 animaru
695 4237 826 4309 retinere,
851 4228 1007 4294 intercluso
1030 4236 1082 4296 illo
1106 4242 1267 4314 exspirare,
1290 4254 1348 4294 non
1369 4246 1415 4297 est
1436 4245 1534 4295 tamon
1558 4236 1722 4294 adranima
1745 4237 1820 4312 ipsa,
1843 4250 1887 4293 nor

550 4327 640 4383 vitam
663 4323 715 4383 dat
736 4325 902 4399 inspiratus,
926 4322 977 4382 sed
1001 4324 1125 4385 ventilat
1148 4327 1294 4385 flammam
1310 4326 1389 4383 vitae
1406 4326 1440 4381 in
1459 4322 1555 4382 cordis
1571 4322 1691 4381 latebris
1713 4321 1887 4398 flagrantem,

548 4420 687 4488 vetatque
708 4428 745 4470 ne
769 4410 819 4467 illa
841 4426 873 4469 se
895 4412 990 4487 ipsam
1013 4411 1116 4487 suapte
1138 4413 1261 4489 iuligine
1284 4412 1422 4484 suiioeet,
1439 4411 1618 4481 suffocatam⁸
1635 4420 1688 4467 ant
1709 4426 1771 4467 non
1792 4412 1887 4469 arden-

545 4507 603 4558 tem
618 4502 681 4575 ipse
696 4514 845 4572 nunquam
868 4497 943 4557 ultro
966 4498 1108 4576 incendit;
1140 4500 1232 4559 multo
1255 4502 1350 4558 minus
1373 4502 1435 4558 vita
1456 4492 1519 4575 ips'c
1535 4507 1578 4556 est
1600 4505 1651 4556 aut
1666 4496 1790 4573 abipso
1806 4506 1887 4557 cosa

546 4588 591 4646 De
611 4587 720 4665 plantis
742 4585 813 4644 nihil
838 4586 932 4646 simila
955 4586 1012 4645 diei
1034 4595 1146 4663 potest3
1165 4588 1269 4647 ¹nullas
1291 4587 1338 4645 bic
1362 4584 1440 4645 vitae
1463 4595 1559 4662 partes
1581 4594 1680 4643 tuetur
1702 4589 1770 4657 aar,
1804 4604 1840 4643 ne
1861 4594 1886 4641 nt

527 4676 766 4733 instrumentum
783 4673 917 4749 quidemr
940 4677 994 4733 nisi
1018 4676 1046 4731 in
1064 4684 1204 4751 quantum
1221 4677 1280 4751 igni
1298 4682 1327 4732 et
1339 4662 1473 4732 flammas
1489 4672 1611 4730 similior
1629 4680 1673 4730 est
1689 4674 1754 4729 vita
1770 4672 1888 4749 plantae,

546 4778 634 4839 quam
656 4763 730 4834 sliri,
756 4770 784 4820 et
807 4770 904 4821 tamen
928 4762 1087 4821 secandum
1109 4770 1139 4822 te
1161 4766 1212 4825 aiir
1233 4764 1320 4821 etiam
1342 4762 1451 4820 Terrae
1474 4764 1565 4818 vitam
1588 4758 1649 4818 dat.

632 4848 739 4907 Mirum
762 4848 905 4925 equidem,
929 4850 1035 4909 Terras
1059 4857 1090 4909 tu
1114 4850 1166 4909 das
1191 4851 1290 4918 vitam,
1312 4843 1415 4925 ¹neque
1436 4866 1483 4907 me
1505 4849 1614 4925 pateris
1635 4844 1730 4905 eidem
1755 4846 1889 4921 inspirare

547 4952 630 4995 suam
654 4938 794 5009 animam,
818 4954 877 5011 qua
900 4939 990 4995 vivat.
1780 4990 1784 5001 ,

633 5024 721 5082 aaa
741 5030 840 5083 metas
861 5042 881 5083 a
909 5022 1019 5082 Terrae
1037 5024 1198 5099 procedere
1219 5027 1343 5097 anima,
1374 5022 1431 5081 hoe
1446 5030 1491 5081 est
1511 5018 1888 5097 paulo,altenms·rerom

465 5102 469 5122 '
548 5126 653 5172 amsa
674 5108 870 5189 pbilosophis.
915 5111 1041 5187 Propius
1062 5130 1134 5172 vero
1156 5119 1202 5172 est
1224 5112 1334 5183 dicere,
1356 5113 1454 5170 abram
1475 5110 1556 5186 gigni
1581 5108 1620 5167 ab
1642 5109 1744 5167 anima
1767 5107 1887 5182 nenas,
