4467 6192
843 685 928 758 urse
943 686 990 743 1v.
1008 683 1166 757 usputnt
1617 696 1678 755 aar

291 855 294 866 ’
330 868 427 927 insunt
455 867 565 943 eidsm,
596 874 629 927 nt
659 867 740 947 operi
761 866 829 928 Dei.
873 864 958 941 Quae
988 885 1058 927 vero
1081 869 1204 929 materia
1234 868 1422 946 participant,
1436 868 1504 928 ·illa
1533 868 1620 929 simul
1652 876 1682 931 et

331 972 448 1015 numero
480 965 512 1017 et
532 954 733 1032 magnitudine
761 955 947 1033 participant.
993 956 1033 1014 lit
1061 954 1294 1033 magnitudinem
1323 958 1456 1032 sequitur
1478 974 1576 1016 earum
1606 959 1681 1017 situs

331 1045 358 1101 in
378 1043 464 1119 loco,
494 1044 602 1121 quibos
631 1042 757 1119 denique
787 1040 894 1102 accidit
924 1049 1026 1102 motus
1049 1043 1161 1106 localis.
1205 1042 1349 1102 Numerus
1378 1044 1467 1119 igitur
1496 1052 1541 1104 est
1570 1043 1683 1121 aliquid

332 1139 433 1192 natura
457 1132 537 1209 prius
559 1130 719 1204 harmonia,
743 1132 814 1206 qnia
836 1137 952 1207 oportet
964 1133 1110 1190 terminos
1132 1129 1303 1191 harmoniae
1318 1130 1460 1206 cujusque
1470 1146 1541 1192 esse
1562 1149 1683 1192 numero

332 1218 428 1298 plures
455 1236 525 1279 nno.
569 1217 669 1279 Habet
696 1228 795 1278 tamen
822 1225 853 1277 et
882 1234 1020 1278 numerus
1049 1220 1207 1295 primorum
1237 1216 1337 1277 muudi
1368 1234 1519 1296 corporum
1547 1238 1615 1279 suas
1647 1238 1683 1281 ox

332 1309 493 1383 geometria
515 1323 635 1381 causas,
658 1322 734 1381 quas
756 1305 831 1365 inira
851 1303 902 1363 lib.
925 1305 964 1364 V.
987 1323 1024 1365 ex
1046 1305 1189 1384 Mysterlo
1212 1324 1277 1366 meo
1301 1304 1549 1383 Cosmogiaphico
1573 1316 1683 1387 repeto.

334 1392 534 1469 Quantitatem
555 1397 688 1472 sequitur
708 1394 812 1468 ligura,
835 1391 989 1452 individua
1011 1393 1075 1471 ejus
1098 1396 1270 1472 proprietas,
1294 1410 1371 1469 quae
1393 1410 1444 1452 our
1457 1393 1583 1470 globosa
1604 1396 1684 1456 side*

333 1482 413 1541 ribus
435 1483 552 1560 ipsique
574 1482 649 1543 adeo
670 1480 780 1546 mundo
803 1480 966 1553 deberetur,
990 1497 1031 1540 sc.
1054 1498 1091 1541 ex
1114 1482 1258 1557 sphaerici
1279 1482 1450 1559 archetypo,
1473 1482 1503 1541 id
1519 1483 1590 1541 alibi
1613 1500 1684 1560 pas-

333 1572 385 1627 sim
408 1570 486 1628 solet
509 1569 656 1648 explicari.
701 1568 825 1644 signas
847 1584 1001 1646 corpomm
1025 1566 1207 1630 diversorum
1235 1572 1334 1629 statim
1356 1571 1491 1645 sequitur
1513 1578 1592 1629 certa
1615 1588 1685 1649 pro·

334 1657 427 1735 portio
451 1674 546 1733 esque
569 1657 687 1734 triplex:
710 1674 770 1717 nna
792 1655 1014 1735 diametrorum,
1028 1646 1131 1716 'altera
1153 1657 1387 1737 superficierum,
1415 1659 1500 1717 tertis
1522 1658 1610 1735 spatii
1632 1676 1685 1718 seu

334 1761 498 1822 corporum.
543 1744 637 1821 Igitur
658 1746 684 1803 si
706 1762 814 1804 musae
837 1744 942 1802 harum
963 1746 1185 1821 proportionum
1208 1745 1285 1805 aliae
1307 1762 1367 1805 non
1389 1752 1597 1827 suppeterent,
1616 1763 1686 1824 pro-

334 1833 472 1891 babiliter
493 1848 645 1911 possemus
668 1832 821 1905 slllrmare,
844 1848 880 1891 ex
903 1830 1062 1891 harmoniis
1083 1849 1148 1895 esse
1164 1832 1322 1893 desumtas.
1369 1831 1569 1909 Quaecunque
1588 1840 1685 1893 tamen

335 1937 385 1978 ese
409 1927 489 1994 sunt,
512 1918 579 1979 illas
600 1918 683 1997 globi
705 1920 850 1979 coelestes
873 1922 935 1978 sine
951 1918 1014 1978 ulla
1027 1922 1191 1980 mutatione
1214 1919 1391 1994 crrstodiunt,
1414 1922 1523 1999 qnippe
1539 1923 1589 1997 qui
1605 1920 1686 1980 nullo

334 2015 417 2066 motu
437 2009 615 2085 temporisve
647 2006 770 2067 decursu
801 2006 928 2082 majores
949 2008 1116 2067 minoresve
1138 2007 1219 2068 liunt.
1266 2007 1358 2069 Secus
1387 2016 1431 2067 est
1461 2025 1526 2067 cum
1550 2011 1586 2068 iis
1616 2026 1687 2086 pro-

335 2096 535 2173 portionibus,
567 2112 644 2172 quae
664 2098 763 2155 insunt
786 2096 956 2173 corporibus
985 2111 1076 2154 causa
1097 2098 1171 2155 situs
1200 2107 1230 2156 et
1259 2114 1348 2156 cansa
1376 2102 1510 2155 motuum
1531 2096 1686 2170 localium3

337 2182 404 2241 illae
429 2185 508 2242 enim
529 2185 655 2243 retinent
676 2183 827 2260 ingenium
848 2190 946 2241 motus
969 2184 1072 2259 ipsius,
1095 2186 1146 2259 qui
1169 2190 1202 2242 ut
1223 2187 1254 2241 ln
1277 2186 1414 2243 continuo
1435 2182 1515 2259 lieri,
1538 2202 1689 2271 nunquam

335 2272 362 2327 iu
391 2287 454 2329 esse
476 2277 626 2349 versatur,
656 2272 699 2329 sic
730 2273 819 2329 etiam
847 2272 1050 2349 proportiones
1079 2278 1212 2330 motuum
1243 2274 1442 2331 inconstantes
1472 2280 1541 2331 sunt
1563 2272 1689 2348 aliisque

335 2358 518 2435 temporibus
548 2357 636 2418 aliae.
685 2356 797 2417 Verum
826 2356 944 2433 quidem
972 2365 1033 2433 est,
1066 2361 1091 2417 si
1117 2366 1216 2419 motus
1247 2376 1400 2436 corporum
1430 2359 1601 2419 coelestium
1631 2376 1690 2419 non

335 2448 465 2505 variaret
485 2463 588 2505 eorum
609 2445 765 2505 intervella
792 2464 812 2505 a
834 2446 980 2504 communi
1001 2453 1081 2506 meta
1107 2463 1160 2505 sen
1189 2446 1252 2513 basi
1283 2446 1397 2520 mundi,
1429 2444 1457 2505 h.
1481 2464 1506 2507 e.
1535 2449 1559 2506 si
1592 2446 1690 2507 nullus

335 2540 414 2592 esset
435 2548 539 2593 eorum
559 2541 656 2592 motus
679 2536 709 2591 in
732 2534 825 2592 altum
847 2540 877 2592 et
898 2532 1083 2610 protundum,
1107 2534 1159 2593 ssd
1175 2536 1268 2592 omnis
1291 2536 1320 2592 in
1336 2550 1447 2594 merum
1464 2536 1604 2594 circulum
1619 2552 1691 2597 cou-

336 2623 505 2693 eentricum,
528 2618 598 2680 tunc
619 2636 678 2681 non
701 2627 816 2679 tantum
837 2620 1056 2683 intervallorum
1078 2623 1229 2698 proportio
1253 2629 1401 2695 constans,
1424 2620 1476 2681 sed
1500 2625 1589 2682 etiam
1604 2640 1692 2684 ¹mere

335 2708 508 2768 harmonica
535 2708 634 2768 lutura
662 2709 779 2783 luisset,
809 2709 835 2766 si
865 2725 972 2767 cauma
994 2708 1071 2767 aliae
1100 2724 1160 2768 nou
1182 2703 1400 2787 suppetiisserit.
1444 2707 1527 2767 idem
1550 2708 1588 2769 de
1610 2718 1720 2769 motu

336 2794 494 2855 dicandum
517 2813 606 2856 arma
628 2813 701 2855 suae
723 2798 876 2869 essentiae,
898 2794 930 2854 id
952 2804 998 2855 est
1019 2812 1110 2855 causa
1132 2812 1204 2856 suae
1224 2796 1380 2859 celeritatis
1404 2811 1491 2856 verae
1514 2814 1565 2875 per
1588 2797 1698 2857 aethe·

334 2899 410 2957 rem3
439 2900 518 2960 quoe
541 2886 567 2942 si
590 2891 726 2943 constans
748 2882 871 2960 singulis
898 2891 976 2943 esset
1005 2892 1034 2942 et
1055 2892 1212 2962 perpetua,
1245 2883 1367 2943 dubium
1392 2882 1506 2943 nullum
1531 2893 1590 2956 est,
1622 2887 1693 2961 quln

333 2969 390 3029 hae
415 2970 599 3057 diversorum
622 2970 785 3032 celeritates
816 2977 847 3030 et
868 2970 1021 3031 tarditates
1052 2970 1090 3030 sd
1113 2972 1194 3047 leges
1225 2971 1410 3031 harmonicas
1438 2971 1562 3030 luissent
1584 2978 1691 3031 attem-

333 3064 467 3134 peratae.
510 3058 593 3120 Idem
616 3058 743 3135 denique
766 3058 802 3118 de
826 3056 930 3118 codem
951 3065 1033 3117 motu
1057 3057 1212 3119 dicendum
1236 3061 1428 3118 etiamcausa
1451 3059 1573 3118 conlecti
1594 3060 1692 3135 spatii,

333 3146 390 3204 sub
415 3145 541 3205 zodiaco
564 3149 741 3225 apparentis.
785 3144 862 3204 Nam
884 3148 910 3204 si
931 3162 1034 3205 omnes
1056 3146 1193 3225 planetas
1225 3146 1333 3206 eodem
1356 3153 1437 3205 motu
1462 3149 1615 3224 apparenti
1637 3146 1693 3206 snb

333 3231 463 3292 zodiaco
486 3232 656 3295 debuissent
680 3232 821 3305 incedere,
843 3248 1052 3309 necunquam
1074 3233 1192 3309 longius
1215 3234 1290 3293 alter
1305 3233 1343 3293 ab
1359 3232 1451 3293 altero
1472 3236 1612 3310 separari,
1634 3250 1695 3293 nou

335 3328 380 3379 est
404 3320 547 3395 dubium,
578 3323 649 3397 quin
671 3320 755 3381 Deus
778 3320 867 3379 talem
890 3319 1006 3379 illorum
1039 3322 1128 3380 situm
1151 3320 1188 3380 ad
1211 3338 1243 3381 se
1266 3330 1367 3381 mutuo
1397 3320 1453 3379 sub
1475 3321 1597 3381 zodiaco
1622 3338 1694 3381 con-

333 3409 485 3467 stituisset
507 3408 575 3468 inde
597 3409 636 3468 ab
658 3410 742 3467 initio
765 3402 927 3489 (siqnidem
948 3408 1041 3467 libera
1064 3415 1093 3467 et
1115 3425 1174 3471 non
1198 3407 1263 3467 aliis
1283 3409 1467 3469 necessitatis
1483 3406 1596 3487 legibus
1618 3425 1696 3469 nexa

334 3496 443 3555 luisset
476 3494 592 3555 illorum
619 3485 812 3576 dispositio),
843 3497 893 3571 qui
922 3495 1116 3573 undiquaque
1147 3496 1300 3556 zodiacum
1328 3496 1491 3556 rationibus
1520 3496 1697 3575 dispesceret

334 3581 530 3651 harmonicis.
574 3582 610 3642 Id
632 3582 707 3642 adeo
730 3591 760 3643 et
783 3586 813 3641 in
835 3584 979 3661 principio
1002 3579 1135 3642 moinum
1157 3579 1241 3666 (curn
1262 3585 1435 3661 principium
1462 3587 1601 3661 temporis
1623 3600 1695 3645 eon-

334 3669 487 3731 sideretur
509 3673 572 3731 sins
594 3666 741 3751 tempore)
762 3670 852 3729 luisse
876 3678 1104 3731 consentaneum
1128 3680 1186 3745 est,
1209 3680 1243 3730 ut
1264 3689 1299 3731 ex
1323 3674 1469 3731 communi
1491 3673 1549 3731 situ
1573 3680 1602 3732 et
1624 3686 1696 3733 oon·

333 3756 517 3835 figuratione
538 3757 708 3819 harmonica
731 3754 845 3840 (qualis
866 3757 914 3817 vel
938 3776 974 3818 ex
995 3758 1102 3832 Terra,
1133 3758 1182 3819 vel
1204 3760 1303 3835 potius
1327 3776 1362 3819 cx
1385 3757 1455 3818 Sole
1477 3776 1617 3837 apparere
1641 3777 1698 3838 po-

334 3847 409 3918 tuit)
434 3844 522 3905 velut
543 3863 562 3905 a
586 3846 748 3907 carceribus
771 3848 800 3903 in
824 3863 878 3904 sua
900 3845 1025 3922 quilibet
1046 3847 1144 3925 spatia
1167 3864 1220 3906 sen
1240 3848 1345 3905 itinera
1362 3850 1528 3907 excurrerit.
1573 3849 1613 3907 At
1628 3848 1698 3923 qula

333 3931 484 4009 planetae
504 3942 659 3993 moventur
680 3936 710 3991 in
732 3932 824 3993 altum
847 3941 877 3992 et
897 3933 1090 4011 protundum,
1115 3936 1190 3995 situs
1210 3933 1368 3993 intervalla
1390 3943 1553 4009 mutantes,
1577 3942 1606 3995 et
1628 3925 1701 4010 quia'

334 4018 375 4079 ad
399 4020 485 4079 hunc
506 4028 618 4080 motum
639 4023 813 4081 necessitate
835 4019 960 4097 physica
981 4022 1123 4097 sequitur·
1137 4024 1226 4081 etiam
1252 4020 1341 4081 realis
1364 4022 1490 4082 intensio
1515 4030 1544 4083 et
1566 4024 1698 4082 remissio

333 4115 480 4167 motuum
501 4125 592 4168 causa
613 4108 787 4182 celeritatis,
819 4106 946 4184 denique
968 4111 1040 4185 quia
1062 4124 1113 4185 per
1135 4107 1307 4187 inaequales
1331 4108 1512 4169 diversorum
1535 4109 1699 4170 celeritates

332 4202 522 4273 apparentes
544 4195 658 4256 zodiaci
680 4199 816 4274 spatium,
849 4195 930 4271 quod
953 4195 1087 4255 videnlur
1110 4194 1154 4254 illi
1176 4196 1321 4276 trajicere,
1344 4195 1485 4256 dividitur
1503 4196 1575 4256 alias
1599 4194 1698 4257 aliter:

331 4282 423 4342 hisce
447 4283 543 4343 tribus
566 4285 734 4343 nominihus
756 4292 816 4343 tam
838 4284 958 4357 sitibus,
983 4284 1222 4360 quammotlbus
1245 4283 1323 4345 idem
1346 4286 1489 4361 contingit
1511 4301 1601 4344 causa
1623 4291 1700 4343 tem-

331 4372 440 4450 poris,
476 4369 557 4446 quod
579 4371 792 4447 quantitatibus
819 4372 892 4449 ipsis
922 4373 986 4430 sine
1014 4381 1149 4448 respectu
1178 4375 1326 4451 temporis.
1371 4372 1454 4433 Sicut
1483 4372 1559 4433 enim
1590 4386 1647 4429 non
1670 4372 1700 4429 lu

332 4467 402 4519 toto
429 4457 542 4517 circulo
572 4459 619 4519 vel
641 4466 722 4519 recto
751 4450 841 4535 inquo
871 4460 1006 4518 omnibus
1036 4458 1101 4535 ejus
1133 4462 1247 4537 punctis
1278 4468 1346 4520 sunt
1378 4460 1493 4520 termhri
1522 4454 1574 4518 seu
1605 4465 1701 4517 metae

330 4548 494 4607 rationum
522 4545 768 4618 harmonicamm,
799 4545 853 4605 sed
884 4546 989 4606 saltem
1017 4548 1048 4604 in
1076 4550 1162 4607 certis
1194 4546 1359 4625 aliquibus,
1389 4549 1431 4606 sic
1455 4548 1542 4605 etiarn
1572 4546 1700 4604 hicnon

332 4641 400 4694 toto
437 4643 573 4710 tempore
602 4643 700 4693 motus
728 4635 851 4693 existere
881 4640 1005 4712 possunt
1034 4634 1219 4713 harmoniae,
1250 4652 1346 4711 neque
1368 4635 1397 4691 in
1420 4631 1583 4692 intervallis
1606 4648 1702 4709 neque

331 4722 363 4781 in
388 4731 536 4782 motuum
556 4720 705 4782 celeritate
727 4738 823 4796 neque
846 4722 876 4779 ln
898 4723 1002 4798 spatiis
1024 4721 1137 4780 zodiaci
1166 4724 1241 4781 luter
1264 4722 1397 4800 planetus
1419 4722 1601 4798 interseptis;
1630 4736 1702 4799 poe-

331 4819 408 4871 sunt
434 4817 538 4869 tamen
555 4811 678 4869 ormrino
706 4811 738 4867 in
760 4810 846 4868 certis
867 4811 1006 4888 temporis
1028 4808 1182 4868 momentis
1213 4814 1241 4867 et
1264 4806 1464 4887 possunthoc
1488 4810 1560 4869 citra
1583 4808 1702 4869 ulterio-
1809 4870 1814 4875 ,

332 4916 398 4967 rem
427 4897 493 4957 Dei
523 4914 655 4974 operam,
687 4896 777 4957 semel
807 4895 890 4955 initio
919 4904 1017 4956 motus
1044 4896 1123 4954 dato.
1173 4894 1249 4954 Nam
1278 4898 1328 4971 qui
1356 4901 1485 4958 extrema
1514 4896 1702 4973 praescripsit
1734 4906 1740 4921 ’

331 4986 492 5059 motibus,
519 4992 548 5044 et
571 4986 764 5047 mutationem
786 4982 908 5043 indulsit
929 4984 967 5043 ab
982 5000 1041 5041 uno
1065 4988 1194 5043 extremo
1216 4981 1394 5057 luciterum,
1417 4982 1494 5043 idem
1511 4986 1597 5067 etiam
1611 4980 1703 5049 iriter-

332 5074 445 5134 ruedia
469 5070 594 5148 largitus
617 5079 663 5133 est
685 5073 801 5147 omnia,
820 5079 890 5131 tam
920 5066 1096 5147 incongrua,
1128 5086 1205 5146 quse
1239 5076 1307 5129 sunt
1336 5070 1463 5146 infinita,
1497 5088 1585 5147 quam
1615 5072 1702 5130 etiam

333 5176 483 5239 conque
504 5166 537 5220 et
556 5159 736 5236 harmonica,
759 5166 838 5220 certo
860 5174 981 5219 numero
1003 5153 1170 5237 incongruis
1195 5157 1356 5236 interjecta.
1399 5158 1502 5237 Neque
1531 5152 1608 5219 culm
1629 5158 1704 5221 haee

1484 5261 1549 5321 15*
