<?xml version="1.0" encoding="UTF-8"?>
<!DOCTYPE html PUBLIC "-//W3C//DTD XHTML 1.0 Transitional//EN"
    "http://www.w3.org/TR/xhtml1/DTD/xhtml1-transitional.dtd">
<html xmlns="http://www.w3.org/1999/xhtml" xml:lang="en" lang="en">
 <head>
  <title>
</title>
<meta http-equiv="Content-Type" content="text/html;charset=utf-8" />
  <meta name='ocr-system' content='tesseract 3.04.00' />
  <meta name='ocr-capabilities' content='ocr_page ocr_carea ocr_par ocr_line ocrx_word'/>
</head>
<body>
  <div class='ocr_page' id='page_1' title='image "./joanniskepleria19frisgoog_0346.png"; bbox 0 0 4467 6192; ppageno 0'>
   <div class='ocr_carea' id='block_1_1' title="bbox 1040 1812 1333 2020">
    <p class='ocr_par' dir='ltr' id='par_1_1' title="bbox 1040 1812 1333 2020">
     <span class='ocr_line' id='line_1_1' title="bbox 1040 1812 1333 2020; baseline -0.01 -1"><span class='ocrx_word' id='word_1_1' title='bbox 1040 1812 1044 1823; x_wconf 26' lang='grc' dir='ltr'>Ι</span> <span class='ocrx_word' id='word_1_2' title='bbox 1087 1903 1333 2020; x_wconf 78' lang='lat' dir='ltr'>tillidi</span> 
     </span>
    </p>
   </div>
   <div class='ocr_carea' id='block_1_2' title="bbox 834 2126 1590 2199">
    <p class='ocr_par' dir='ltr' id='par_1_2' title="bbox 834 2126 1590 2199">
     <span class='ocr_line' id='line_1_2' title="bbox 834 2126 1590 2199; baseline 0.001 -2"><span class='ocrx_word' id='word_1_3' title='bbox 834 2126 889 2197; x_wconf 77' lang='lat' dir='ltr'>ael</span> <span class='ocrx_word' id='word_1_4' title='bbox 926 2127 1094 2199; x_wconf 91' lang='lat' dir='ltr'>librum</span> <span class='ocrx_word' id='word_1_5' title='bbox 1131 2127 1168 2198; x_wconf 84' lang='lat' dir='ltr'>v.</span> <span class='ocrx_word' id='word_1_6' title='bbox 1193 2126 1590 2198; x_wconf 77' lang='lat' dir='ltr'>&#39;Harmonicornm</span> 
     </span>
    </p>
   </div>
   <div class='ocr_carea' id='block_1_3' title="bbox 539 2553 1888 5172">
    <p class='ocr_par' dir='ltr' id='par_1_3' title="bbox 542 2553 1885 2808">
     <span class='ocr_line' id='line_1_3' title="bbox 629 2553 1885 2635; baseline 0.006 -23"><span class='ocrx_word' id='word_1_7' title='bbox 629 2553 837 2632; x_wconf 81' lang='lat' dir='ltr'>Quam-snpra</span> <span class='ocrx_word' id='word_1_8' title='bbox 858 2557 889 2612; x_wconf 94' lang='lat' dir='ltr'>in</span> <span class='ocrx_word' id='word_1_9' title='bbox 911 2554 1009 2616; x_wconf 86' lang='lat' dir='ltr'>indice</span> <span class='ocrx_word' id='word_1_10' title='bbox 1030 2558 1159 2634; x_wconf 87' lang='lat' dir='ltr'>capitum</span> <span class='ocrx_word' id='word_1_11' title='bbox 1182 2557 1248 2616; x_wconf 86' lang='lat' dir='ltr'>libri</span> <span class='ocrx_word' id='word_1_12' title='bbox 1264 2554 1301 2614; x_wconf 88' lang='lat' dir='ltr'>V.</span> <span class='ocrx_word' id='word_1_13' title='bbox 1324 2556 1473 2634; x_wconf 68' lang='lat' dir='ltr'>pmessns</span> <span class='ocrx_word' id='word_1_14' title='bbox 1494 2575 1558 2616; x_wconf 85' lang='lat' dir='ltr'>snm</span> <span class='ocrx_word' id='word_1_15' title='bbox 1578 2558 1791 2635; x_wconf 82' lang='lat' dir='ltr'>appendicem:</span> <span class='ocrx_word' id='word_1_16' title='bbox 1814 2558 1885 2620; x_wconf 85' lang='lat' dir='ltr'>illan</span> 
     </span>
     <span class='ocr_line' id='line_1_4' title="bbox 542 2642 1502 2721; baseline 0 -19"><span class='ocrx_word' id='word_1_17' title='bbox 542 2642 670 2704; x_wconf 82' lang='lat' dir='ltr'>blason</span> <span class='ocrx_word' id='word_1_18' title='bbox 693 2649 739 2702; x_wconf 88' lang='lat' dir='ltr'>est</span> <span class='ocrx_word' id='word_1_19' title='bbox 759 2651 793 2702; x_wconf 85' lang='lat' dir='ltr'>ut</span> <span class='ocrx_word' id='word_1_20' title='bbox 814 2649 964 2721; x_wconf 84' lang='lat' dir='ltr'>exspectet</span> <span class='ocrx_word' id='word_1_21' title='bbox 984 2642 1092 2704; x_wconf 84' lang='lat' dir='ltr'>lector:</span> <span class='ocrx_word' id='word_1_22' title='bbox 1495 2671 1502 2678; x_wconf 95' lang='lat'>·</span> 
     </span>
     <span class='ocr_line' id='line_1_5' title="bbox 719 2730 1568 2808; baseline 0.007 -25"><span class='ocrx_word' id='word_1_23' title='bbox 719 2774 722 2783; x_wconf 88' lang='lat'><em>.</em></span> <span class='ocrx_word' id='word_1_24' title='bbox 811 2787 816 2800; x_wconf 57' lang='grc'><strong>,</strong></span> <span class='ocrx_word' id='word_1_25' title='bbox 1291 2730 1451 2804; x_wconf 72' lang='lat' dir='ltr'>Amphora</span> <span class='ocrx_word' id='word_1_26' title='bbox 1472 2734 1568 2808; x_wconf 75' lang='lat' dir='ltr'>coepit</span> 
     </span>
    </p>

    <p class='ocr_par' dir='ltr' id='par_1_4' title="bbox 539 2813 1888 5172">
     <span class='ocr_line' id='line_1_6' title="bbox 836 2813 1577 2892; baseline 0.005 -18"><span class='ocrx_word' id='word_1_27' title='bbox 836 2813 973 2892; x_wconf 78' lang='lat' dir='ltr'>lmtitaei,</span> <span class='ocrx_word' id='word_1_28' title='bbox 996 2825 1227 2878; x_wconf 71' lang='lat' dir='ltr'>manarate</span> <span class='ocrx_word' id='word_1_29' title='bbox 1248 2834 1356 2877; x_wconf 69' lang='lat' dir='ltr'>vnum</span> <span class='ocrx_word' id='word_1_30' title='bbox 1378 2833 1487 2878; x_wconf 76' lang='lat' dir='ltr'>arceto</span> <span class='ocrx_word' id='word_1_31' title='bbox 1508 2822 1577 2878; x_wconf 73' lang='lat' dir='ltr'>ecit.</span> 
     </span>
     <span class='ocr_line' id='line_1_7' title="bbox 541 2903 1885 2984; baseline 0.001 -20"><span class='ocrx_word' id='word_1_32' title='bbox 541 2903 653 2964; x_wconf 80' lang='lat' dir='ltr'>(lausas</span> <span class='ocrx_word' id='word_1_33' title='bbox 676 2903 773 2964; x_wconf 87' lang='lat' dir='ltr'>dicam</span> <span class='ocrx_word' id='word_1_34' title='bbox 795 2905 937 2964; x_wconf 85' lang='lat' dir='ltr'>breviter:</span> <span class='ocrx_word' id='word_1_35' title='bbox 960 2921 1099 2981; x_wconf 76' lang='lat' dir='ltr'>magum</span> <span class='ocrx_word' id='word_1_36' title='bbox 1122 2912 1152 2964; x_wconf 88' lang='lat' dir='ltr'>ot</span> <span class='ocrx_word' id='word_1_37' title='bbox 1173 2903 1323 2964; x_wconf 86' lang='lat' dir='ltr'>exundans</span> <span class='ocrx_word' id='word_1_38' title='bbox 1346 2903 1453 2964; x_wconf 87' lang='lat' dir='ltr'>flumen</span> <span class='ocrx_word' id='word_1_39' title='bbox 1476 2923 1534 2965; x_wconf 90' lang='lat' dir='ltr'>non</span> <span class='ocrx_word' id='word_1_40' title='bbox 1557 2905 1710 2966; x_wconf 83' lang='lat' dir='ltr'>commodo</span> <span class='ocrx_word' id='word_1_41' title='bbox 1732 2910 1885 2984; x_wconf 77' lang='lat' dir='ltr'>navigatu-</span> 
     </span>
     <span class='ocr_line' id='line_1_8' title="bbox 541 2993 1885 3070; baseline 0.001 -19"><span class='ocrx_word' id='word_1_42' title='bbox 541 3008 591 3052; x_wconf 89' lang='lat' dir='ltr'>rus</span> <span class='ocrx_word' id='word_1_43' title='bbox 613 3009 709 3066; x_wconf 77' lang='lat' dir='ltr'>mm,</span> <span class='ocrx_word' id='word_1_44' title='bbox 739 3009 806 3053; x_wconf 84' lang='lat' dir='ltr'>cum</span> <span class='ocrx_word' id='word_1_45' title='bbox 828 3007 895 3052; x_wconf 88' lang='lat' dir='ltr'>cccc</span> <span class='ocrx_word' id='word_1_46' title='bbox 918 2993 1011 3070; x_wconf 86' lang='lat' dir='ltr'>copiis</span> <span class='ocrx_word' id='word_1_47' title='bbox 1031 3004 1175 3069; x_wconf 81' lang='lat' dir='ltr'>squatum</span> <span class='ocrx_word' id='word_1_48' title='bbox 1206 2994 1235 3050; x_wconf 92' lang='lat' dir='ltr'>in</span> <span class='ocrx_word' id='word_1_49' title='bbox 1258 2999 1374 3052; x_wconf 85' lang='lat' dir='ltr'>tenuem</span> <span class='ocrx_word' id='word_1_50' title='bbox 1397 2993 1492 3052; x_wconf 88' lang='lat' dir='ltr'>risum</span> <span class='ocrx_word' id='word_1_51' title='bbox 1526 2994 1745 3054; x_wconf 71' lang='lat' dir='ltr'><strong>subsidentibus</strong></span> <span class='ocrx_word' id='word_1_52' title='bbox 1785 2995 1885 3054; x_wconf 84' lang='lat' dir='ltr'>radun</span> 
     </span>
     <span class='ocr_line' id='line_1_9' title="bbox 541 3079 1886 3158; baseline 0.001 -18"><span class='ocrx_word' id='word_1_53' title='bbox 541 3081 648 3157; x_wconf 89' lang='lat' dir='ltr'>patuit,</span> <span class='ocrx_word' id='word_1_54' title='bbox 670 3079 750 3156; x_wconf 89' lang='lat' dir='ltr'>quod</span> <span class='ocrx_word' id='word_1_55' title='bbox 771 3079 861 3156; x_wconf 92' lang='lat' dir='ltr'>pedes</span> <span class='ocrx_word' id='word_1_56' title='bbox 885 3081 1045 3153; x_wconf 76' lang='lat' dir='ltr'>transirem,</span> <span class='ocrx_word' id='word_1_57' title='bbox 1069 3081 1140 3138; x_wconf 87' lang='lat' dir='ltr'>navi</span> <span class='ocrx_word' id='word_1_58' title='bbox 1163 3082 1192 3138; x_wconf 93' lang='lat' dir='ltr'>in</span> <span class='ocrx_word' id='word_1_59' title='bbox 1216 3097 1270 3138; x_wconf 88' lang='lat' dir='ltr'>sna</span> <span class='ocrx_word' id='word_1_60' title='bbox 1292 3082 1418 3138; x_wconf 87' lang='lat' dir='ltr'>statione</span> <span class='ocrx_word' id='word_1_61' title='bbox 1441 3081 1541 3139; x_wconf 86' lang='lat' dir='ltr'>relicta</span> <span class='ocrx_word' id='word_1_62' title='bbox 1563 3081 1603 3140; x_wconf 85' lang='lat' dir='ltr'>ad</span> <span class='ocrx_word' id='word_1_63' title='bbox 1625 3099 1696 3140; x_wconf 84' lang='lat' dir='ltr'>usus</span> <span class='ocrx_word' id='word_1_64' title='bbox 1719 3086 1818 3158; x_wconf 76' lang='lat' dir='ltr'>magis</span> <span class='ocrx_word' id='word_1_65' title='bbox 1840 3101 1886 3142; x_wconf 88' lang='lat' dir='ltr'>ne-</span> 
     </span>
     <span class='ocr_line' id='line_1_10' title="bbox 539 3164 1886 3244; baseline 0 -16"><span class='ocrx_word' id='word_1_66' title='bbox 539 3167 692 3228; x_wconf 83' lang='lat' dir='ltr'>cessarios.</span> <span class='ocrx_word' id='word_1_67' title='bbox 736 3165 802 3226; x_wconf 84' lang='lat' dir='ltr'>Hoc</span> <span class='ocrx_word' id='word_1_68' title='bbox 831 3173 877 3226; x_wconf 86' lang='lat' dir='ltr'>est</span> <span class='ocrx_word' id='word_1_69' title='bbox 904 3164 983 3242; x_wconf 87' lang='lat' dir='ltr'>qnod</span> <span class='ocrx_word' id='word_1_70' title='bbox 1011 3166 1093 3226; x_wconf 78' lang='lat' dir='ltr'>dicct</span> <span class='ocrx_word' id='word_1_71' title='bbox 1127 3167 1291 3227; x_wconf 78' lang='lat' dir='ltr'>Pmlmtaei</span> <span class='ocrx_word' id='word_1_72' title='bbox 1314 3165 1465 3226; x_wconf 83' lang='lat' dir='ltr'>Hermon.</span> <span class='ocrx_word' id='word_1_73' title='bbox 1494 3167 1564 3226; x_wconf 83' lang='lat' dir='ltr'>libri</span> <span class='ocrx_word' id='word_1_74' title='bbox 1587 3167 1657 3240; x_wconf 82' lang='lat'>111,</span> <span class='ocrx_word' id='word_1_75' title='bbox 1687 3185 1766 3244; x_wconf 86' lang='lat' dir='ltr'>quoe</span> <span class='ocrx_word' id='word_1_76' title='bbox 1799 3171 1886 3228; x_wconf 86' lang='lat' dir='ltr'>babeo</span> 
     </span>
     <span class='ocr_line' id='line_1_11' title="bbox 541 3252 1886 3332; baseline 0.001 -19"><span class='ocrx_word' id='word_1_77' title='bbox 541 3253 673 3316; x_wconf 72' lang='lat' dir='ltr'>(imma</span> <span class='ocrx_word' id='word_1_78' title='bbox 693 3255 925 3330; x_wconf 79' lang='lat' dir='ltr'>manuscriptos,</span> <span class='ocrx_word' id='word_1_79' title='bbox 952 3271 1019 3314; x_wconf 87' lang='lat' dir='ltr'>cnm</span> <span class='ocrx_word' id='word_1_80' title='bbox 1042 3256 1256 3313; x_wconf 86' lang='lat' dir='ltr'>commentariis</span> <span class='ocrx_word' id='word_1_81' title='bbox 1280 3252 1434 3330; x_wconf 86' lang='lat' dir='ltr'>Porphyrii</span> <span class='ocrx_word' id='word_1_82' title='bbox 1463 3254 1631 3332; x_wconf 74' lang='lat' dir='ltr'><strong>philosophi</strong></span> <span class='ocrx_word' id='word_1_83' title='bbox 1662 3255 1886 3330; x_wconf 74' lang='lat' dir='ltr'>profundissimi,</span> 
     </span>
     <span class='ocr_line' id='line_1_12' title="bbox 541 3339 1888 3421; baseline 0.002 -22"><span class='ocrx_word' id='word_1_84' title='bbox 541 3341 642 3402; x_wconf 83' lang='lat' dir='ltr'>itidem</span> <span class='ocrx_word' id='word_1_85' title='bbox 662 3340 794 3415; x_wconf 81' lang='lat' dir='ltr'>Graecis,</span> <span class='ocrx_word' id='word_1_86' title='bbox 825 3341 864 3400; x_wconf 89' lang='lat' dir='ltr'>ab</span> <span class='ocrx_word' id='word_1_87' title='bbox 895 3342 979 3400; x_wconf 88' lang='lat' dir='ltr'>initio</span> <span class='ocrx_word' id='word_1_88' title='bbox 1001 3357 1097 3416; x_wconf 85' lang='lat' dir='ltr'>usqne</span> <span class='ocrx_word' id='word_1_89' title='bbox 1129 3341 1167 3400; x_wconf 88' lang='lat' dir='ltr'>ad</span> <span class='ocrx_word' id='word_1_90' title='bbox 1188 3340 1240 3400; x_wconf 90' lang='lat' dir='ltr'>lib.</span> <span class='ocrx_word' id='word_1_91' title='bbox 1264 3339 1304 3398; x_wconf 91' lang='lat'>11.</span> <span class='ocrx_word' id='word_1_92' title='bbox 1333 3357 1397 3416; x_wconf 84' lang='lat' dir='ltr'>esp.</span> <span class='ocrx_word' id='word_1_93' title='bbox 1427 3343 1455 3404; x_wconf 84' lang='lat' dir='ltr'>i.</span> <span class='ocrx_word' id='word_1_94' title='bbox 1487 3341 1565 3416; x_wconf 83' lang='lat' dir='ltr'>digni</span> <span class='ocrx_word' id='word_1_95' title='bbox 1596 3341 1666 3400; x_wconf 86' lang='lat' dir='ltr'>milri</span> <span class='ocrx_word' id='word_1_96' title='bbox 1698 3359 1817 3421; x_wconf 86' lang='lat' dir='ltr'>semper</span> <span class='ocrx_word' id='word_1_97' title='bbox 1837 3345 1888 3402; x_wconf 88' lang='lat' dir='ltr'>risi</span> 
     </span>
     <span class='ocr_line' id='line_1_13' title="bbox 541 3426 1887 3504; baseline 0.001 -16"><span class='ocrx_word' id='word_1_98' title='bbox 541 3435 618 3502; x_wconf 89' lang='lat' dir='ltr'>sunt,</span> <span class='ocrx_word' id='word_1_99' title='bbox 641 3431 693 3504; x_wconf 81' lang='lat' dir='ltr'>qni</span> <span class='ocrx_word' id='word_1_100' title='bbox 715 3426 913 3488; x_wconf 82' lang='lat' dir='ltr'>Graccolatini</span> <span class='ocrx_word' id='word_1_101' title='bbox 936 3430 1042 3504; x_wconf 77' lang='lat' dir='ltr'>integri</span> <span class='ocrx_word' id='word_1_102' title='bbox 1064 3429 1177 3487; x_wconf 84' lang='lat' dir='ltr'>exirent</span> <span class='ocrx_word' id='word_1_103' title='bbox 1199 3430 1227 3486; x_wconf 93' lang='lat' dir='ltr'>ln</span> <span class='ocrx_word' id='word_1_104' title='bbox 1249 3427 1408 3503; x_wconf 87' lang='lat' dir='ltr'>publicum,</span> <span class='ocrx_word' id='word_1_105' title='bbox 1433 3445 1526 3504; x_wconf 82' lang='lat' dir='ltr'>eaque</span> <span class='ocrx_word' id='word_1_106' title='bbox 1549 3429 1585 3488; x_wconf 86' lang='lat' dir='ltr'>de</span> <span class='ocrx_word' id='word_1_107' title='bbox 1601 3446 1691 3488; x_wconf 87' lang='lat' dir='ltr'>causa</span> <span class='ocrx_word' id='word_1_108' title='bbox 1714 3439 1786 3492; x_wconf 86' lang='lat' dir='ltr'>ants</span> <span class='ocrx_word' id='word_1_109' title='bbox 1801 3447 1887 3490; x_wconf 83' lang='lat' dir='ltr'>annos</span> 
     </span>
     <span class='ocr_line' id='line_1_14' title="bbox 545 3513 1888 3595; baseline 0.002 -21"><span class='ocrx_word' id='word_1_110' title='bbox 545 3517 584 3575; x_wconf 88' lang='lat' dir='ltr'>ro</span> <span class='ocrx_word' id='word_1_111' title='bbox 606 3517 691 3591; x_wconf 90' lang='lat' dir='ltr'>coepi</span> <span class='ocrx_word' id='word_1_112' title='bbox 713 3515 780 3574; x_wconf 89' lang='lat' dir='ltr'>illos</span> <span class='ocrx_word' id='word_1_113' title='bbox 803 3519 834 3573; x_wconf 87' lang='lat' dir='ltr'>is</span> <span class='ocrx_word' id='word_1_114' title='bbox 855 3513 994 3574; x_wconf 71' lang='lat' dir='ltr'>latinum</span> <span class='ocrx_word' id='word_1_115' title='bbox 1016 3531 1179 3575; x_wconf 85' lang='lat' dir='ltr'>sermonem</span> <span class='ocrx_word' id='word_1_116' title='bbox 1201 3522 1330 3587; x_wconf 78' lang='lat' dir='ltr'>vertam,</span> <span class='ocrx_word' id='word_1_117' title='bbox 1358 3531 1434 3590; x_wconf 83' lang='lat' dir='ltr'>qnae</span> <span class='ocrx_word' id='word_1_118' title='bbox 1457 3519 1553 3574; x_wconf 86' lang='lat' dir='ltr'>versio</span> <span class='ocrx_word' id='word_1_119' title='bbox 1576 3519 1718 3592; x_wconf 84' lang='lat' dir='ltr'>processit</span> <span class='ocrx_word' id='word_1_120' title='bbox 1740 3535 1834 3595; x_wconf 77' lang='lat' dir='ltr'>nsque</span> <span class='ocrx_word' id='word_1_121' title='bbox 1854 3517 1888 3577; x_wconf 87' lang='lat' dir='ltr'>ad</span> 
     </span>
     <span class='ocr_line' id='line_1_15' title="bbox 540 3600 1887 3680; baseline 0.001 -18"><span class='ocrx_word' id='word_1_122' title='bbox 540 3601 729 3664; x_wconf 82' lang='lat' dir='ltr'>medietatem</span> <span class='ocrx_word' id='word_1_123' title='bbox 751 3601 861 3662; x_wconf 88' lang='lat' dir='ltr'>codicis</span> <span class='ocrx_word' id='word_1_124' title='bbox 883 3601 1087 3680; x_wconf 86' lang='lat' dir='ltr'>Porpbyriani.</span> <span class='ocrx_word' id='word_1_125' title='bbox 1134 3600 1199 3678; x_wconf 83' lang='lat' dir='ltr'>Quo</span> <span class='ocrx_word' id='word_1_126' title='bbox 1216 3605 1318 3662; x_wconf 76' lang='lat' dir='ltr'>minus</span> <span class='ocrx_word' id='word_1_127' title='bbox 1340 3600 1461 3662; x_wconf 84' lang='lat' dir='ltr'>ulterius</span> <span class='ocrx_word' id='word_1_128' title='bbox 1489 3620 1650 3678; x_wconf 75' lang='lat' dir='ltr'>pergerem,</span> <span class='ocrx_word' id='word_1_129' title='bbox 1682 3605 1887 3680; x_wconf 88' lang='lat' dir='ltr'>impedimento</span> 
     </span>
     <span class='ocr_line' id='line_1_16' title="bbox 540 3688 1886 3768; baseline 0.001 -20"><span class='ocrx_word' id='word_1_130' title='bbox 540 3689 612 3750; x_wconf 83' lang='lat' dir='ltr'>mibi</span> <span class='ocrx_word' id='word_1_131' title='bbox 632 3689 689 3748; x_wconf 86' lang='lat' dir='ltr'>tuit</span> <span class='ocrx_word' id='word_1_132' title='bbox 710 3689 769 3749; x_wconf 92' lang='lat' dir='ltr'>loci</span> <span class='ocrx_word' id='word_1_133' title='bbox 789 3690 922 3761; x_wconf 87' lang='lat' dir='ltr'>mutatio,</span> <span class='ocrx_word' id='word_1_134' title='bbox 945 3690 1102 3766; x_wconf 86' lang='lat' dir='ltr'>conjuncta</span> <span class='ocrx_word' id='word_1_135' title='bbox 1124 3706 1190 3752; x_wconf 88' lang='lat' dir='ltr'>curn</span> <span class='ocrx_word' id='word_1_136' title='bbox 1211 3688 1344 3767; x_wconf 72' lang='lat' dir='ltr'>plurimis</span> <span class='ocrx_word' id='word_1_137' title='bbox 1359 3688 1513 3767; x_wconf 85' lang='lat' dir='ltr'>molestiis,</span> <span class='ocrx_word' id='word_1_138' title='bbox 1535 3700 1565 3750; x_wconf 86' lang='lat' dir='ltr'>at</span> <span class='ocrx_word' id='word_1_139' title='bbox 1587 3699 1742 3768; x_wconf 86' lang='lat' dir='ltr'>postquam</span> <span class='ocrx_word' id='word_1_140' title='bbox 1760 3692 1886 3751; x_wconf 57' lang='lat' dir='ltr'>lrinoinm</span> 
     </span>
     <span class='ocr_line' id='line_1_17' title="bbox 541 3776 1886 3850; baseline 0.002 -14"><span class='ocrx_word' id='word_1_141' title='bbox 541 3779 625 3850; x_wconf 85' lang='lat' dir='ltr'>seni,</span> <span class='ocrx_word' id='word_1_142' title='bbox 648 3793 759 3836; x_wconf 83' lang='lat' dir='ltr'>norum</span> <span class='ocrx_word' id='word_1_143' title='bbox 787 3776 950 3836; x_wconf 85' lang='lat' dir='ltr'>studiorum</span> <span class='ocrx_word' id='word_1_144' title='bbox 972 3780 1231 3837; x_wconf 80' lang='lat' dir='ltr'>asnononricorunr</span> <span class='ocrx_word' id='word_1_145' title='bbox 1261 3778 1383 3835; x_wconf 87' lang='lat' dir='ltr'>initium.</span> <span class='ocrx_word' id='word_1_146' title='bbox 1429 3777 1470 3835; x_wconf 84' lang='lat' dir='ltr'>At</span> <span class='ocrx_word' id='word_1_147' title='bbox 1493 3793 1561 3836; x_wconf 87' lang='lat' dir='ltr'>vero</span> <span class='ocrx_word' id='word_1_148' title='bbox 1592 3795 1658 3836; x_wconf 90' lang='lat' dir='ltr'>cum</span> <span class='ocrx_word' id='word_1_149' title='bbox 1688 3787 1758 3838; x_wconf 86' lang='lat' dir='ltr'>aute</span> <span class='ocrx_word' id='word_1_150' title='bbox 1783 3798 1886 3840; x_wconf 85' lang='lat' dir='ltr'>annrun</span> 
     </span>
     <span class='ocr_line' id='line_1_18' title="bbox 540 3861 1888 3943; baseline 0.001 -19"><span class='ocrx_word' id='word_1_151' title='bbox 540 3867 757 3943; x_wconf 72' lang='lat' dir='ltr'>proposuissem</span> <span class='ocrx_word' id='word_1_152' title='bbox 778 3880 860 3924; x_wconf 88' lang='lat' dir='ltr'>meos</span> <span class='ocrx_word' id='word_1_153' title='bbox 882 3861 1125 3924; x_wconf 83' lang='lat' dir='ltr'>Harmonicornm</span> <span class='ocrx_word' id='word_1_154' title='bbox 1146 3864 1236 3924; x_wconf 93' lang='lat' dir='ltr'>libros</span> <span class='ocrx_word' id='word_1_155' title='bbox 1259 3864 1296 3922; x_wconf 91' lang='lat' dir='ltr'>V.</span> <span class='ocrx_word' id='word_1_156' title='bbox 1320 3862 1415 3933; x_wconf 89' lang='lat' dir='ltr'>edere,</span> <span class='ocrx_word' id='word_1_157' title='bbox 1438 3872 1615 3923; x_wconf 78' lang='lat' dir='ltr'>momentum</span> <span class='ocrx_word' id='word_1_158' title='bbox 1631 3868 1737 3942; x_wconf 77' lang='lat' dir='ltr'>ingens</span> <span class='ocrx_word' id='word_1_159' title='bbox 1754 3866 1888 3928; x_wconf 86' lang='lat' dir='ltr'>ridebam</span> 
     </span>
     <span class='ocr_line' id='line_1_19' title="bbox 540 3949 1886 4028; baseline 0.001 -16"><span class='ocrx_word' id='word_1_160' title='bbox 540 3954 630 4012; x_wconf 88' lang='lat' dir='ltr'>situm</span> <span class='ocrx_word' id='word_1_161' title='bbox 662 3952 691 4008; x_wconf 92' lang='lat' dir='ltr'>in</span> <span class='ocrx_word' id='word_1_162' title='bbox 714 3952 932 4028; x_wconf 86' lang='lat' dir='ltr'>comparatione</span> <span class='ocrx_word' id='word_1_163' title='bbox 959 3954 1018 4013; x_wconf 86' lang='lat' dir='ltr'>mei</span> <span class='ocrx_word' id='word_1_164' title='bbox 1041 3953 1138 4028; x_wconf 88' lang='lat' dir='ltr'>operis</span> <span class='ocrx_word' id='word_1_165' title='bbox 1168 3969 1235 4012; x_wconf 87' lang='lat' dir='ltr'>eum</span> <span class='ocrx_word' id='word_1_166' title='bbox 1258 3949 1451 4018; x_wconf 77' lang='lat' dir='ltr'>Ptolemaiou,</span> <span class='ocrx_word' id='word_1_167' title='bbox 1485 3955 1653 4026; x_wconf 88' lang='lat' dir='ltr'>praesertim</span> <span class='ocrx_word' id='word_1_168' title='bbox 1685 3953 1748 4011; x_wconf 87' lang='lat' dir='ltr'>iibri</span> <span class='ocrx_word' id='word_1_169' title='bbox 1773 3957 1831 4014; x_wconf 88' lang='lat' dir='ltr'>mai</span> <span class='ocrx_word' id='word_1_170' title='bbox 1854 3955 1886 4012; x_wconf 90' lang='lat' dir='ltr'>V.</span> 
     </span>
     <span class='ocr_line' id='line_1_20' title="bbox 542 4038 1886 4118; baseline 0.001 -18"><span class='ocrx_word' id='word_1_171' title='bbox 542 4058 609 4100; x_wconf 87' lang='lat' dir='ltr'>cnm</span> <span class='ocrx_word' id='word_1_172' title='bbox 630 4039 742 4098; x_wconf 80' lang='lat' dir='ltr'>ultimis</span> <span class='ocrx_word' id='word_1_173' title='bbox 771 4038 916 4118; x_wconf 80' lang='lat' dir='ltr'>capitibus</span> <span class='ocrx_word' id='word_1_174' title='bbox 938 4039 989 4098; x_wconf 91' lang='lat' dir='ltr'>lib.</span> <span class='ocrx_word' id='word_1_175' title='bbox 1013 4039 1067 4098; x_wconf 91' lang='lat'>111.</span> <span class='ocrx_word' id='word_1_176' title='bbox 1092 4038 1270 4112; x_wconf 88' lang='lat' dir='ltr'>Ptolemaei,</span> <span class='ocrx_word' id='word_1_177' title='bbox 1299 4055 1421 4114; x_wconf 86' lang='lat' dir='ltr'>quorum</span> <span class='ocrx_word' id='word_1_178' title='bbox 1444 4039 1500 4098; x_wconf 87' lang='lat' dir='ltr'>tria</span> <span class='ocrx_word' id='word_1_179' title='bbox 1523 4049 1651 4098; x_wconf 87' lang='lat' dir='ltr'>extrema</span> <span class='ocrx_word' id='word_1_180' title='bbox 1683 4039 1755 4099; x_wconf 89' lang='lat' dir='ltr'>nibil</span> <span class='ocrx_word' id='word_1_181' title='bbox 1781 4042 1886 4102; x_wconf 87' lang='lat' dir='ltr'>habent</span> 
     </span>
     <span class='ocr_line' id='line_1_21' title="bbox 540 4124 1886 4206; baseline 0.003 -20"><span class='ocrx_word' id='word_1_182' title='bbox 540 4128 599 4186; x_wconf 91' lang='lat' dir='ltr'>nisi</span> <span class='ocrx_word' id='word_1_183' title='bbox 620 4125 760 4186; x_wconf 87' lang='lat' dir='ltr'>lemmata</span> <span class='ocrx_word' id='word_1_184' title='bbox 781 4144 834 4186; x_wconf 87' lang='lat' dir='ltr'>sen</span> <span class='ocrx_word' id='word_1_185' title='bbox 856 4125 958 4186; x_wconf 88' lang='lat' dir='ltr'>titulos</span> <span class='ocrx_word' id='word_1_186' title='bbox 980 4144 999 4186; x_wconf 88' lang='lat' dir='ltr'>a</span> <span class='ocrx_word' id='word_1_187' title='bbox 1020 4126 1202 4188; x_wconf 82' lang='lat' dir='ltr'>Ptolemaeo.</span> <span class='ocrx_word' id='word_1_188' title='bbox 1247 4124 1352 4202; x_wconf 84' lang='lat' dir='ltr'>Itaque</span> <span class='ocrx_word' id='word_1_189' title='bbox 1368 4126 1527 4186; x_wconf 78' lang='lat' dir='ltr'>reluctante</span> <span class='ocrx_word' id='word_1_190' title='bbox 1551 4129 1638 4202; x_wconf 87' lang='lat' dir='ltr'>genio</span> <span class='ocrx_word' id='word_1_191' title='bbox 1661 4131 1803 4205; x_wconf 90' lang='lat' dir='ltr'>proposui</span> <span class='ocrx_word' id='word_1_192' title='bbox 1819 4147 1886 4206; x_wconf 86' lang='lat' dir='ltr'>ope·</span> 
     </span>
     <span class='ocr_line' id='line_1_22' title="bbox 542 4211 1888 4297; baseline 0.003 -25"><span class='ocrx_word' id='word_1_193' title='bbox 542 4216 583 4274; x_wconf 90' lang='lat' dir='ltr'>ris</span> <span class='ocrx_word' id='word_1_194' title='bbox 604 4231 637 4274; x_wconf 87' lang='lat' dir='ltr'>se</span> <span class='ocrx_word' id='word_1_195' title='bbox 660 4217 724 4290; x_wconf 92' lang='lat' dir='ltr'>ipso</span> <span class='ocrx_word' id='word_1_196' title='bbox 747 4213 844 4288; x_wconf 80' lang='lat' dir='ltr'>mutili</span> <span class='ocrx_word' id='word_1_197' title='bbox 866 4229 954 4272; x_wconf 88' lang='lat' dir='ltr'>unam</span> <span class='ocrx_word' id='word_1_198' title='bbox 975 4211 1069 4297; x_wconf 84' lang='lat' dir='ltr'>solam</span> <span class='ocrx_word' id='word_1_199' title='bbox 1091 4222 1205 4292; x_wconf 89' lang='lat' dir='ltr'>partem</span> <span class='ocrx_word' id='word_1_200' title='bbox 1228 4211 1391 4288; x_wconf 86' lang='lat' dir='ltr'>decerpere,</span> <span class='ocrx_word' id='word_1_201' title='bbox 1415 4229 1490 4287; x_wconf 84' lang='lat' dir='ltr'>quae</span> <span class='ocrx_word' id='word_1_202' title='bbox 1507 4216 1632 4272; x_wconf 85' lang='lat' dir='ltr'>maxime</span> <span class='ocrx_word' id='word_1_203' title='bbox 1655 4215 1692 4274; x_wconf 87' lang='lat' dir='ltr'>ad</span> <span class='ocrx_word' id='word_1_204' title='bbox 1715 4233 1814 4278; x_wconf 87' lang='lat' dir='ltr'>meam</span> <span class='ocrx_word' id='word_1_205' title='bbox 1829 4236 1888 4276; x_wconf 83' lang='lat' dir='ltr'>me-</span> 
     </span>
     <span class='ocr_line' id='line_1_23' title="bbox 542 4299 1886 4382; baseline -0.001 -22"><span class='ocrx_word' id='word_1_206' title='bbox 542 4303 646 4363; x_wconf 84' lang='lat' dir='ltr'>tsriam</span> <span class='ocrx_word' id='word_1_207' title='bbox 678 4300 814 4361; x_wconf 85' lang='lat' dir='ltr'>iaciebat.</span> <span class='ocrx_word' id='word_1_208' title='bbox 861 4299 954 4376; x_wconf 84' lang='lat' dir='ltr'>Quem</span> <span class='ocrx_word' id='word_1_209' title='bbox 983 4299 1021 4359; x_wconf 89' lang='lat' dir='ltr'>ad</span> <span class='ocrx_word' id='word_1_210' title='bbox 1053 4301 1141 4360; x_wconf 88' lang='lat' dir='ltr'>linem</span> <span class='ocrx_word' id='word_1_211' title='bbox 1169 4309 1199 4360; x_wconf 91' lang='lat' dir='ltr'>ct</span> <span class='ocrx_word' id='word_1_212' title='bbox 1229 4301 1302 4358; x_wconf 84' lang='lat' dir='ltr'>verti</span> <span class='ocrx_word' id='word_1_213' title='bbox 1334 4299 1437 4359; x_wconf 89' lang='lat' dir='ltr'>librum</span> <span class='ocrx_word' id='word_1_214' title='bbox 1461 4299 1620 4361; x_wconf 87' lang='lat' dir='ltr'>Ptolemaei</span> <span class='ocrx_word' id='word_1_215' title='bbox 1645 4301 1700 4363; x_wconf 85' lang='lat'>111.</span> <span class='ocrx_word' id='word_1_216' title='bbox 1730 4320 1838 4382; x_wconf 88' lang='lat' dir='ltr'>acap.</span> <span class='ocrx_word' id='word_1_217' title='bbox 1862 4307 1886 4362; x_wconf 85' lang='grc'>3.</span> 
     </span>
     <span class='ocr_line' id='line_1_24' title="bbox 542 4387 1888 4465; baseline 0.001 -16"><span class='ocrx_word' id='word_1_218' title='bbox 542 4388 580 4449; x_wconf 88' lang='lat' dir='ltr'>ad</span> <span class='ocrx_word' id='word_1_219' title='bbox 602 4388 690 4449; x_wconf 85' lang='lat' dir='ltr'>finem</span> <span class='ocrx_word' id='word_1_220' title='bbox 713 4396 743 4448; x_wconf 89' lang='lat' dir='ltr'>et</span> <span class='ocrx_word' id='word_1_221' title='bbox 765 4388 858 4447; x_wconf 83' lang='lat' dir='ltr'>tribus</span> <span class='ocrx_word' id='word_1_222' title='bbox 879 4387 989 4446; x_wconf 85' lang='lat' dir='ltr'>ultimis</span> <span class='ocrx_word' id='word_1_223' title='bbox 1011 4387 1197 4448; x_wconf 85' lang='lat' dir='ltr'>lemmatibus</span> <span class='ocrx_word' id='word_1_224' title='bbox 1221 4388 1356 4446; x_wconf 85' lang='lat' dir='ltr'>inanibus</span> <span class='ocrx_word' id='word_1_225' title='bbox 1378 4403 1448 4445; x_wconf 85' lang='lat' dir='ltr'>suos</span> <span class='ocrx_word' id='word_1_226' title='bbox 1462 4393 1559 4446; x_wconf 82' lang='lat' dir='ltr'>textus</span> <span class='ocrx_word' id='word_1_227' title='bbox 1578 4406 1614 4448; x_wconf 85' lang='lat' dir='ltr'>cx</span> <span class='ocrx_word' id='word_1_228' title='bbox 1629 4390 1782 4465; x_wconf 80' lang='lat' dir='ltr'>principiis</span> <span class='ocrx_word' id='word_1_229' title='bbox 1798 4399 1888 4452; x_wconf 81' lang='lat' dir='ltr'>astro-</span> 
     </span>
     <span class='ocr_line' id='line_1_25' title="bbox 541 4474 1887 4551; baseline -0.001 -16"><span class='ocrx_word' id='word_1_230' title='bbox 541 4478 658 4536; x_wconf 86' lang='lat' dir='ltr'>nomiae</span> <span class='ocrx_word' id='word_1_231' title='bbox 680 4474 881 4536; x_wconf 84' lang='lat' dir='ltr'>Ptolemaicse</span> <span class='ocrx_word' id='word_1_232' title='bbox 903 4485 933 4534; x_wconf 88' lang='lat' dir='ltr'>et</span> <span class='ocrx_word' id='word_1_233' title='bbox 955 4493 991 4535; x_wconf 85' lang='lat' dir='ltr'>ox</span> <span class='ocrx_word' id='word_1_234' title='bbox 1013 4482 1110 4536; x_wconf 86' lang='lat' dir='ltr'>manto</span> <span class='ocrx_word' id='word_1_235' title='bbox 1133 4476 1261 4534; x_wconf 67' lang='lat' dir='ltr'>sudoris</span> <span class='ocrx_word' id='word_1_236' title='bbox 1285 4482 1396 4551; x_wconf 83' lang='lat' dir='ltr'>quanta</span> <span class='ocrx_word' id='word_1_237' title='bbox 1418 4478 1514 4550; x_wconf 89' lang='lat' dir='ltr'>potuit</span> <span class='ocrx_word' id='word_1_238' title='bbox 1536 4474 1597 4534; x_wconf 85' lang='lat' dir='ltr'>lieri</span> <span class='ocrx_word' id='word_1_239' title='bbox 1620 4475 1797 4538; x_wconf 83' lang='lat' dir='ltr'>dexteritate</span> <span class='ocrx_word' id='word_1_240' title='bbox 1821 4497 1887 4538; x_wconf 89' lang='lat' dir='ltr'>con-</span> 
     </span>
     <span class='ocr_line' id='line_1_26' title="bbox 543 4562 1886 4640; baseline -0.001 -16"><span class='ocrx_word' id='word_1_241' title='bbox 543 4566 675 4624; x_wconf 89' lang='lat' dir='ltr'>cinnatos</span> <span class='ocrx_word' id='word_1_242' title='bbox 697 4564 825 4640; x_wconf 87' lang='lat' dir='ltr'>subjeci,</span> <span class='ocrx_word' id='word_1_243' title='bbox 850 4565 885 4621; x_wconf 88' lang='lat' dir='ltr'>&#39;ct</span> <span class='ocrx_word' id='word_1_244' title='bbox 907 4562 1032 4640; x_wconf 89' lang='lat' dir='ltr'>danique</span> <span class='ocrx_word' id='word_1_245' title='bbox 1054 4565 1279 4622; x_wconf 87' lang='lat' dir='ltr'>commentarios</span> <span class='ocrx_word' id='word_1_246' title='bbox 1301 4578 1354 4622; x_wconf 87' lang='lat' dir='ltr'>seu</span> <span class='ocrx_word' id='word_1_247' title='bbox 1376 4569 1461 4621; x_wconf 88' lang='lat' dir='ltr'>notas</span> <span class='ocrx_word' id='word_1_248' title='bbox 1485 4562 1594 4638; x_wconf 88' lang='lat' dir='ltr'>adjeci,</span> <span class='ocrx_word' id='word_1_249' title='bbox 1626 4564 1735 4639; x_wconf 89' lang='lat' dir='ltr'>quibus</span> <span class='ocrx_word' id='word_1_250' title='bbox 1763 4577 1795 4626; x_wconf 89' lang='lat' dir='ltr'>ot</span> <span class='ocrx_word' id='word_1_251' title='bbox 1816 4566 1886 4624; x_wconf 89' lang='lat' dir='ltr'>Por·</span> 
     </span>
     <span class='ocr_line' id='line_1_27' title="bbox 542 4647 1887 4728; baseline 0 -18"><span class='ocrx_word' id='word_1_252' title='bbox 542 4650 703 4728; x_wconf 82' lang='lat' dir='ltr'>pbyrianae</span> <span class='ocrx_word' id='word_1_253' title='bbox 726 4651 994 4722; x_wconf 75' lang='lat' dir='ltr'>commentationis,</span> <span class='ocrx_word' id='word_1_254' title='bbox 1025 4649 1076 4708; x_wconf 93' lang='lat' dir='ltr'>lib.</span> <span class='ocrx_word' id='word_1_255' title='bbox 1099 4649 1139 4708; x_wconf 89' lang='lat' dir='ltr'>II.</span> <span class='ocrx_word' id='word_1_256' title='bbox 1163 4651 1259 4726; x_wconf 89' lang='lat' dir='ltr'>capito</span> <span class='ocrx_word' id='word_1_257' title='bbox 1284 4651 1311 4707; x_wconf 84' lang='lat' dir='ltr'>i.</span> <span class='ocrx_word' id='word_1_258' title='bbox 1336 4647 1491 4726; x_wconf 78' lang='lat' dir='ltr'>abruptae,</span> <span class='ocrx_word' id='word_1_259' title='bbox 1521 4648 1650 4709; x_wconf 87' lang='lat' dir='ltr'>delectus</span> <span class='ocrx_word' id='word_1_260' title='bbox 1675 4653 1704 4708; x_wconf 89' lang='lat' dir='ltr'>in</span> <span class='ocrx_word' id='word_1_261' title='bbox 1726 4650 1786 4712; x_wconf 91' lang='lat' dir='ltr'>boc</span> <span class='ocrx_word' id='word_1_262' title='bbox 1808 4656 1887 4713; x_wconf 86' lang='lat' dir='ltr'>tertio</span> 
     </span>
     <span class='ocr_line' id='line_1_28' title="bbox 544 4735 1888 4815; baseline 0.001 -19"><span class='ocrx_word' id='word_1_263' title='bbox 544 4735 695 4815; x_wconf 86' lang='lat' dir='ltr'>suppletur</span> <span class='ocrx_word' id='word_1_264' title='bbox 718 4749 748 4798; x_wconf 91' lang='lat' dir='ltr'>et</span> <span class='ocrx_word' id='word_1_265' title='bbox 769 4741 890 4798; x_wconf 83' lang='lat' dir='ltr'>inventa</span> <span class='ocrx_word' id='word_1_266' title='bbox 913 4735 1093 4796; x_wconf 84' lang='lat' dir='ltr'>Ptolemaios</span> <span class='ocrx_word' id='word_1_267' title='bbox 1121 4754 1187 4796; x_wconf 89' lang='lat' dir='ltr'>cum</span> <span class='ocrx_word' id='word_1_268' title='bbox 1210 4737 1281 4796; x_wconf 87' lang='lat' dir='ltr'>meis</span> <span class='ocrx_word' id='word_1_269' title='bbox 1303 4743 1507 4812; x_wconf 86' lang='lat' dir='ltr'>comparantur</span> <span class='ocrx_word' id='word_1_270' title='bbox 1530 4746 1559 4796; x_wconf 89' lang='lat' dir='ltr'>et</span> <span class='ocrx_word' id='word_1_271' title='bbox 1582 4736 1736 4798; x_wconf 88' lang='lat' dir='ltr'>discrimen</span> <span class='ocrx_word' id='word_1_272' title='bbox 1759 4739 1888 4800; x_wconf 89' lang='lat' dir='ltr'>ostandi-</span> 
     </span>
     <span class='ocr_line' id='line_1_29' title="bbox 544 4822 1886 4902; baseline 0.001 -18"><span class='ocrx_word' id='word_1_273' title='bbox 544 4832 592 4884; x_wconf 89' lang='lat' dir='ltr'>tur</span> <span class='ocrx_word' id='word_1_274' title='bbox 614 4826 687 4884; x_wconf 89' lang='lat' dir='ltr'>inter</span> <span class='ocrx_word' id='word_1_275' title='bbox 708 4824 872 4885; x_wconf 85' lang='lat' dir='ltr'>Ptolemaei</span> <span class='ocrx_word' id='word_1_276' title='bbox 893 4824 1100 4902; x_wconf 81' lang='lat' dir='ltr'>symbolismos</span> <span class='ocrx_word' id='word_1_277' title='bbox 1123 4834 1152 4884; x_wconf 90' lang='lat' dir='ltr'>et</span> <span class='ocrx_word' id='word_1_278' title='bbox 1173 4841 1255 4884; x_wconf 87' lang='lat' dir='ltr'>meas</span> <span class='ocrx_word' id='word_1_279' title='bbox 1277 4822 1537 4882; x_wconf 85' lang='lat' dir='ltr'>demonstrationes</span> <span class='ocrx_word' id='word_1_280' title='bbox 1554 4823 1717 4900; x_wconf 84' lang='lat' dir='ltr'>legitimas,</span> <span class='ocrx_word' id='word_1_281' title='bbox 1741 4826 1824 4886; x_wconf 88' lang='lat' dir='ltr'>nndc</span> <span class='ocrx_word' id='word_1_282' title='bbox 1846 4831 1886 4884; x_wconf 89' lang='lat' dir='ltr'>is-</span> 
     </span>
     <span class='ocr_line' id='line_1_30' title="bbox 545 4909 1887 4990; baseline 0.002 -20"><span class='ocrx_word' id='word_1_283' title='bbox 545 4911 667 4970; x_wconf 83' lang='lat' dir='ltr'>firmitas</span> <span class='ocrx_word' id='word_1_284' title='bbox 699 4918 729 4972; x_wconf 90' lang='lat' dir='ltr'>et</span> <span class='ocrx_word' id='word_1_285' title='bbox 750 4912 933 4988; x_wconf 86' lang='lat' dir='ltr'>imperiectio</span> <span class='ocrx_word' id='word_1_286' title='bbox 954 4911 1210 4990; x_wconf 83' lang='lat' dir='ltr'>symbolismcrum</span> <span class='ocrx_word' id='word_1_287' title='bbox 1233 4909 1347 4970; x_wconf 88' lang='lat' dir='ltr'>illornrn</span> <span class='ocrx_word' id='word_1_288' title='bbox 1381 4919 1410 4970; x_wconf 90' lang='lat' dir='ltr'>ct</span> <span class='ocrx_word' id='word_1_289' title='bbox 1433 4927 1523 4970; x_wconf 88' lang='lat' dir='ltr'>causa</span> <span class='ocrx_word' id='word_1_290' title='bbox 1545 4913 1698 4986; x_wconf 88' lang='lat' dir='ltr'>potissima</span> <span class='ocrx_word' id='word_1_291' title='bbox 1727 4911 1819 4990; x_wconf 88' lang='lat' dir='ltr'>hujus</span> <span class='ocrx_word' id='word_1_292' title='bbox 1841 4915 1887 4984; x_wconf 88' lang='lat' dir='ltr'>rei,</span> 
     </span>
     <span class='ocr_line' id='line_1_31' title="bbox 544 4997 1888 5076; baseline 0.001 -18"><span class='ocrx_word' id='word_1_293' title='bbox 544 5016 586 5058; x_wconf 91' lang='lat' dir='ltr'>sc.</span> <span class='ocrx_word' id='word_1_294' title='bbox 600 4997 713 5057; x_wconf 82' lang='lat' dir='ltr'>falsitas</span> <span class='ocrx_word' id='word_1_295' title='bbox 729 5001 935 5076; x_wconf 86' lang='lat' dir='ltr'>principiorum</span> <span class='ocrx_word' id='word_1_296' title='bbox 949 5001 1145 5058; x_wconf 73' lang='lat' dir='ltr'>mbonomiae</span> <span class='ocrx_word' id='word_1_297' title='bbox 1160 4998 1356 5059; x_wconf 89' lang='lat' dir='ltr'>Ptolomaicac</span> <span class='ocrx_word' id='word_1_298' title='bbox 1372 4998 1507 5074; x_wconf 86' lang='lat' dir='ltr'>patescit.</span> <span class='ocrx_word' id='word_1_299' title='bbox 1545 4997 1617 5057; x_wconf 85' lang='lat' dir='ltr'>Cum</span> <span class='ocrx_word' id='word_1_300' title='bbox 1634 5000 1723 5074; x_wconf 82' lang='lat' dir='ltr'>igitur</span> <span class='ocrx_word' id='word_1_301' title='bbox 1737 5001 1805 5060; x_wconf 87' lang='lat' dir='ltr'>sola</span> <span class='ocrx_word' id='word_1_302' title='bbox 1820 5001 1888 5060; x_wconf 80' lang='lat' dir='ltr'>basa</span> 
     </span>
     <span class='ocr_line' id='line_1_32' title="bbox 546 5084 1886 5172; baseline 0 -26"><span class='ocrx_word' id='word_1_303' title='bbox 546 5085 692 5170; x_wconf 79' lang='lat' dir='ltr'>appendix</span> <span class='ocrx_word' id='word_1_304' title='bbox 714 5084 754 5146; x_wconf 85' lang='lat' dir='ltr'>ad</span> <span class='ocrx_word' id='word_1_305' title='bbox 776 5086 817 5144; x_wconf 84' lang='grc'>30</span> <span class='ocrx_word' id='word_1_306' title='bbox 838 5088 962 5172; x_wconf 67' lang='lat' dir='ltr'>pagina</span> <span class='ocrx_word' id='word_1_307' title='bbox 983 5085 1050 5155; x_wconf 86' lang='lat' dir='ltr'>libri</span> <span class='ocrx_word' id='word_1_308' title='bbox 1073 5094 1251 5172; x_wconf 85' lang='lat' dir='ltr'>occupatura</span> <span class='ocrx_word' id='word_1_309' title='bbox 1273 5094 1365 5160; x_wconf 84' lang='lat' dir='ltr'>esset,</span> <span class='ocrx_word' id='word_1_310' title='bbox 1397 5100 1464 5148; x_wconf 83' lang='lat' dir='ltr'>ecce</span> <span class='ocrx_word' id='word_1_311' title='bbox 1487 5097 1618 5150; x_wconf 74' lang='lat' dir='ltr'>comtum</span> <span class='ocrx_word' id='word_1_312' title='bbox 1646 5088 1760 5150; x_wconf 82' lang='lat' dir='ltr'>inlares</span> <span class='ocrx_word' id='word_1_313' title='bbox 1783 5087 1886 5150; x_wconf 87' lang='lat' dir='ltr'>bellan</span> 
     </span>
    </p>
   </div>
   <div class='ocr_carea' id='block_1_4' title="bbox 0 0 2244 6192">
    <p class='ocr_par' dir='ltr' id='par_1_5' title="bbox 0 0 2244 6192">
     <span class='ocr_line' id='line_1_33' title="bbox 0 0 2244 6192; baseline 0 0"><span class='ocrx_word' id='word_1_314' title='bbox 0 0 2244 6192; x_wconf 95' lang='lat' dir='ltr'> </span> 
     </span>
    </p>
   </div>
  </div>
 </body>
</html>
