4467 6192
258 5668 271 5849 r

812 684 1055 744 Demonstratione
1088 685 1171 746 biber
1186 689 1209 748 Ι.
1635 699 1675 762 39

425 860 507 932 Qod
529 859 610 919 binae
629 859 701 918 tales
721 858 822 926 duone,
849 859 916 918 duos
936 863 1081 934 requisitos
1103 862 1216 920 effectus
1237 868 1419 936 praestantes,
1442 870 1594 928 necessario
1610 872 1678 939 fiant

351 940 488 1000 binominis
505 947 536 999 et
551 948 685 1012 apotome,
704 940 903 997 demonstratur
920 941 955 998 ad
973 945 1088 1003 eundem
1104 943 1225 1014 modum,
1250 944 1285 1001 ad
1302 961 1380 1015 quem
1397 947 1430 1002 Χ.
1448 947 1492 1005 33.
1511 957 1553 1006 est
1570 951 1678 1011 demon·

349 1027 433 1091 linit,
452 1025 560 1079 tollium
577 1025 608 1078 ut
625 1036 676 1092 pro
693 1017 799 1076 (luobus
816 1020 902 1090 ὁητπις
919 1025 1026 1087 mass
1041 1046 1124 1089 pausos
1142 1023 1320 1081 adhibeantur
1337 1025 1410 1096 ῥηται
1420 1048 1501 1096 ppasr,
1520 1035 1548 1084 et
1564 1029 1610 1085 ubi
1626 1051 1679 1096 rex
1773 1033 1775 1040 ’

350 1119 420 1165 pm
437 1100 566 1168 occurrit,
585 1100 664 1172 ρῃον
680 1103 807 1170 ponatur:
826 1103 854 1153 et
869 1099 964 1156 ultimo
982 1110 1154 1172 comparetur
1171 1103 1290 1161 definitio
1306 1103 1449 1163 binominis
1467 1112 1496 1162 et
1512 1116 1660 1179 apotomes.

379 1239 387 1254 ,ι
426 1177 507 1247 Quod
524 1184 614 1234 autem
632 1193 666 1232 ex
683 1177 876 1248 compositione
893 1185 921 1234 et
938 1178 1118 1236 abstractione
1135 1181 1278 1239 binominis
1296 1189 1324 1239 et
1340 1191 1487 1256 apotomes,
1506 1186 1573 1245 dnos
1590 1193 1678 1262 requi·

353 1257 412 1314 sitos
428 1256 545 1314 effectus
561 1255 770 1328 praestantium,
787 1255 836 1312 fiat
852 1269 959 1312 rursum
976 1256 1104 1326 effabilis,
1123 1261 1162 1316 sic
1179 1268 1268 1330 patet:
1439 1283 1487 1334 mg.
1501 1287 1519 1327 s.
1628 1321 1638 1336 ,

349 1351 402 1390 cnm
418 1335 492 1390 enim
509 1350 613 1391 mmma
630 1335 819 1405 quadratorum
837 1335 872 1391 sit
890 1334 1018 1400 enaiim,
1040 1342 1068 1392 et
1084 1341 1270 1412 rectangulum
1592 1341 1599 1351 '

349 1412 462 1478 emens,
486 1414 694 1486 compositarum
710 1415 792 1486 igitur
807 1414 836 1470 iu
852 1431 935 1471 unum
952 1413 1111 1485 quadratum
1136 1421 1270 1478 constabit

349 1507 379 1548 en
397 1493 541 1565 omnaque
559 1494 691 1565 quadrato
707 1501 744 1551 -et
765 1494 872 1550 dnobus
892 1495 1058 1564 nectangulis
1074 1498 1266 1569 communibus,

349 1588 379 1628 en
392 1571 500 1628 duabus
520 1589 560 1631 sa
577 1575 700 1646 partibus
716 1574 880 1631 effectibus:
898 1589 982 1644 qnare
1003 1580 1036 1632 et
1052 1580 1138 1630 toturn
1155 1579 1269 1645 quadra-

349 1659 398 1710 tum
419 1650 531 1709 effabile
553 1654 615 1722 erit,
637 1655 720 1722 igitrm
741 1661 770 1710 at
791 1653 863 1711 linea
886 1654 1050 1724 composita,
1080 1660 1178 1724 potens
1202 1655 1269 1713 illud

349 1731 510 1803 mum
555 1733 595 1788 Sit
615 1733 808 1804 binomen‘tp,
832 1733 891 1803 eJus
915 1733 1074 1805 quadratum
1101 1755 1146 1802 so,
1177 1733 1213 1790 sit
1243 1741 1271 1792 et

349 1818 466 1881 apotome
483 1819 534 1880 lo,
557 1812 616 1884 ejus
632 1813 765 1883 qnsdmm
782 1820 828 1880 oa,
845 1820 873 1869 et
890 1814 944 1868 sint
960 1819 1005 1877 oa,
1022 1835 1054 1869 ao
1076 1813 1172 1882 juncta
1189 1813 1270 1870 simul

349 1891 466 1960 eminis,
486 1893 523 1949 sit
534 1898 562 1949 et
575 1893 758 1962 rectangulum
771 1907 805 1947 ex
817 1896 862 1962 θλ,
880 1897 915 1956 lp
931 1889 1047 1960 effabile,
1064 1891 1159 1947 talium
1177 1899 1267 1947 autem

350 1971 397 2028 duo
413 1997 454 2046 ιμ,
477 1975 506 2034 ιε
523 1972 658 2041 complent
676 1970 835 2041 quadratum
852 1969 935 2026 totius
947 1975 987 2035 tin
1005 1971 1176 2040 compositae,
1195 1973 1268 2042 quod
1298 1992 1308 2071 ξ

348 2053 500 2127 quadratum
516 2057 560 2107 est
576 2057 621 2107 oo.
1264 2061 1269 2072 ·

425 2143 469 2197 De
493 2139 674 2196 abstractione
695 2135 826 2207 probatur
845 2135 964 2192 inbono
990 2134 1107 2191 modum.
1143 2135 1172 2192 Si
1197 2137 1266 2194 enim
1285 2127 1440 2212 ‘composita
1457 2157 1491 2198 ex
1508 2147 1559 2213 θλ,
1582 2144 1629 2213 pl,
1652 2143 1681 2199 id

349 2228 386 2278 eet
401 2228 453 2292 op,
473 2226 517 2276 est
534 2218 661 2288 effabilis,
684 2219 735 2274 erit
752 2222 779 2273 et
796 2215 905 2273 dimidia
921 2219 962 2269 3ae
979 2214 1106 2286 effebum,
1129 2221 1258 2287 tanquam
1275 2219 1363 2289 majus
1381 2233 1477 2276 nomeu
1495 2226 1523 2276 et
1540 2227 1574 2274 nt
1591 2221 1680 2279 minus

350 2316 452 2370 nornen,
480 2300 612 2356 etaltera
629 2297 740 2353 dimidia
755 2313 809 2366 xp3
836 2295 914 2351 auier
935 2293 970 2349 ab
987 2310 1020 2351 ea
1042 2313 1075 2360 pc
1092 2296 1232 2366 aequalem
1250 2298 1303 2368 ipsi
1320 2305 1372 2369 ot,
1399 2300 1451 2354 erit
1478 2305 1506 2355 et
1523 2301 1630 2357 residua
1647 2317 1681 2356 uo

349 2377 465 2449 effabilis,
483 2385 513 2434 et
527 2385 586 2434 tota
603 2379 640 2446 ta,
659 2391 696 2432 sc
714 2375 799 2444 dupla
814 2374 901 2444 ipsius
917 2389 959 2429 ao.
993 2375 1030 2428 At
1047 2389 1081 2429 aas
1097 2381 1141 2430 est
1157 2377 1266 2433 residua
1283 2385 1346 2448 post
1362 2377 1526 2434 ablationem
1543 2385 1681 2449 apotomes

348 2478 378 2524 po
392 2474 408 2513 a
423 2457 560 2512 binomine
577 2463 618 2525 la,
636 2454 773 2510 residuum
789 2469 853 2520 ergo
869 2451 902 2508 tt
919 2451 1034 2508 effabile.

426 2532 533 2592 XXV.
554 2531 752 2591 Definitio.
795 2529 889 2606 Igitur
910 2544 947 2588 er
975 2526 1102 2590 monada
1124 2528 1194 2605 biga
1224 2531 1300 2591 sexti
1333 2530 1440 2609 gradus
1462 2549 1540 2594 num.
1563 2532 1680 2595 XVIII»

348 2623 506 2697 praemisso
528 2619 671 2680 linemum
690 2618 764 2676 inter
786 2633 818 2676 se
839 2615 927 2692 plane
952 2615 1303 2693 incommensurabilium,
1333 2619 1439 2697 quibus
1466 2637 1580 2684 summa
1607 2639 1682 2698 qua-

351 2708 494 2771 dratorum
516 2715 562 2770 est
582 2703 721 2778 effabilis,
750 2702 949 2780 reotaogolum
972 2720 1087 2778 meson,
1110 2706 1323 2783 compositione
1343 2709 1473 2768 nascitur
1494 2710 1606 2782 minen,
1629 2726 1682 2769 seu

349 2795 435 2872 major
465 2794 560 2871 dicta,
593 2793 790 2855 abstractione
830 2789 947 2852 elmson
973 2808 1025 2852 seu
1051 2791 1155 2853 minor.
1199 2792 1244 2852 En
1267 2795 1367 2868 tertia,
1398 2794 1449 2853 obi
1470 2812 1583 2856 suntme
1607 2813 1682 2871 que-

350 2883 493 2944 dsatorum
515 2889 561 2945 est
582 2897 692 2954 meson,
714 2877 913 2956 reetaugulum
936 2877 1067 2954 effoblle,
1080 2897 1167 2957 ,quae
1189 2880 1389 2958 componendo
1412 2884 1553 2957 nascitur,
1576 2899 1681 2942 nomen

348 2970 433 3032 babet
452 2977 561 3048 potens
580 2968 699 3029 eliabils
721 2976 752 3028 et
771 2983 881 3039 meson,
900 2983 980 3044 ,quae
1002 2966 1207 3041 abstrahendo,
1230 2967 1339 3030 iaciens
1363 2986 1427 3028 eum
1451 2970 1559 3029 effabili
1581 2986 1682 3030 meson
1735 3005 1740 3023 .

349 3066 446 3119 totuua
491 3058 627 3133 Denique
649 3072 686 3116 ex
709 3060 813 3133 quarta
834 3055 904 3132 biga
924 3055 1040 3131 septimi
1062 3055 1183 3132 gratim,
1212 3071 1290 3116 uum.
1313 3055 1404 3118 XIX.
1427 3058 1600 3133 praemissa,
1630 3057 1681 3117 ubi

347 3154 465 3223 nosque
487 3146 607 3205 eiiecm
627 3143 661 3202 lit
682 3158 799 3217 meson,
831 3141 1031 3220 componendo
1059 3142 1093 3202 fit
1117 3149 1223 3220 potens
1249 3143 1319 3204 bina
1346 3143 1456 3219 media,
1486 3143 1680 3206 abstrahendo

346 3233 450 3296 aciem
473 3248 540 3294 curn
561 3248 642 3292 meso
663 3246 765 3291 meson
786 3235 889 3290 totum.
955 3291 959 3302 ,

426 3317 467 3380 Et
497 3336 565 3381 eece
594 3319 734 3396 originem
766 3315 919 3379 duodecim
953 3317 1114 3394 specierum
1145 3316 1350 3380 Euclidoarum
1383 3335 1541 3397 eamusque
1568 3315 1683 3380 numeri

348 3425 459 3470 umas.
504 3407 581 3468 Nam
602 3405 642 3468 ad
663 3406 847 3480 remotiores,
869 3421 947 3481 uuae
968 3403 1017 3465 ael
1038 3420 1182 3480 sommam
1204 3405 1427 3483 quadratorum,
1457 3405 1507 3467 vel
1529 3413 1684 3482 reetaugu-

346 3493 404 3554 lusn
424 3511 592 3568 commune,
613 3492 663 3554 sel
685 3499 840 3569 umque
858 3492 1008 3570 proterunt
1029 3491 1112 3553 ultra
1127 3484 1258 3564 ellabilia'
1275 3500 1305 3554 et
1336 3511 1417 3572 mesa
1445 3495 1475 3553 in
1497 3493 1684 3571 ignobrliores

346 3584 466 3660 speciae
488 3599 550 3642 non
572 3580 684 3642 censuit
705 3579 841 3643 Euclides
862 3580 920 3640 sibi
940 3578 1182 3658 progrediendum
1204 3597 1277 3642 esse.
1622 3587 1625 3594 '

425 3669 548 3730 xxvt
579 3666 766 3730 Definitio
801 3675 838 3728 et
877 3667 1133 3746 Comparatio.
1178 3665 1315 3730 Sufficere
1345 3669 1403 3728 ista
1433 3673 1567 3744 poterant
1595 3669 1685 3728 etiam

345 3758 426 3818 nobis
448 3758 489 3818 ad
503 3754 724 3820 consituendos
737 3753 846 3832 gradus
862 3753 1158 3828 demonstrationum,¹
1170 3757 1275 3832 qulbus
1296 3755 1391 3818 latera
1413 3755 1578 3834 figurarum,
1600 3757 1685 3818 nobis

346 3844 385 3903 nd
404 3846 576 3908 barmoniae
595 3844 832 3916 necessariarum,
855 3840 1081 3921 distinguuntur:
1104 3843 1160 3901 uisi
1182 3843 1357 3920 quibasdam
1379 3861 1416 3904 ex
1429 3845 1578 3904 recensitis
1600 3860 1685 3904 acce·

345 3931 443 3995 darem
466 3932 544 3993 aliae
565 3933 682 4008 insuper
703 3932 910 4008 proprietates,
942 3932 1000 3992 imo
1023 3932 1079 3990 nisi
1100 3933 1340 4007 praevenirentur,
1360 3932 1502 3992 haetenus
1525 3932 1684 3994 recensitae

344 4023 535 4099 proprietates
554 4018 749 4082 nobilioribus
771 4017 847 4092 aliis,
870 4018 976 4094 quibus
998 4016 1182 4080 cumulantur
1196 4018 1303 4095 gradus
1325 4019 1548 4082 scientifiearum
1563 4019 1684 4082 demon-

343 4112 524 4171 strationum.
786 4159 790 4171 ,
1503 4129 1505 4136 ’

433 4196 564 4258 Ventum
586 4199 634 4254 est
653 4190 693 4253 ad
714 4193 954 4270 compositionem
976 4199 1006 4254 et
1027 4192 1267 4270 abstractionem,
1289 4196 1341 4256 ubi
1362 4193 1456 4254 lineas
1470 4191 1685 4271 componendas

343 4284 389 4342 sel
410 4281 623 4346 absumendas
643 4279 711 4341 lane
733 4282 896 4357 sumsimus,
920 4278 1001 4341 nulla
1022 4282 1058 4340 iis
1079 4281 1216 4358 imposito
1237 4289 1333 4344 certae
1356 4283 1528 4360 quantitatis
1551 4279 1682 4340 necessi-

342 4377 410 4430 tate.
457 4369 571 4446 Quodsi
589 4373 651 4438 tam
673 4367 887 4445 adstringamur
909 4367 1004 4446 leges,
1030 4369 1169 4447 imposita
1191 4375 1270 4430 certa
1290 4371 1478 4448 proportione
1500 4368 1594 4443 bigis,
1624 4383 1682 4444 uon

343 4450 459 4535 guidem
482 4460 525 4518 sic
547 4456 634 4529 datis,
656 4462 691 4515 ut
709 4454 779 4516 illae
798 4455 918 4532 junctae
939 4473 1028 4517 uuam
1050 4454 1203 4517 duodecim
1217 4458 1539 4534 specierum-fecerant,
1562 4453 1614 4514 sed
1635 4454 1682 4513 bi-

341 4548 384 4622 gis
406 4545 495 4606 aliter
517 4545 604 4617 datis,
627 4544 678 4623 uni
700 4543 813 4603 scilicet
831 4550 930 4604 rectae
951 4542 1039 4615 datae
1061 4549 1091 4606 et
1114 4545 1178 4623 ejus
1199 4547 1277 4623 parti
1298 4545 1402 4623 majora·
1425 4539 1627 4616 inveniendae,
1651 4547 1684 4601 ut

341 4636 378 4693 rit
398 4635 538 4692 nimirum
560 4631 609 4692 sel
632 4631 726 4691 minor
746 4647 814 4708 pars
836 4631 875 4691 ad
897 4631 1037 4708 maiorem
1058 4639 1092 4691 ut
1112 4633 1207 4709 moj0r
1228 4632 1268 4692 ad
1290 4628 1520 4708 componendam
1542 4644 1578 4687 ex
1600 4635 1683 4691 utra·

343 4737 405 4798 que,
428 4718 481 4781 vel
504 4721 634 4779 vicissim
655 4719 749 4795 major
769 4717 807 4779 ad
829 4720 968 4779 mineram
990 4726 1024 4779 ut
1044 4721 1138 4780 minor
1159 4719 1198 4779 ad
1219 4718 1381 4782 residuam:
1405 4715 1483 4792 quod
1505 4720 1605 4776 manet
1626 4716 1683 4777 ab·

342 4811 500 4868 amamiorm
524 4807 646 4868 duarum
667 4806 759 4880 iacta,
782 4823 839 4866 non
862 4824 976 4884 semper
997 4806 1046 4868 liet
1067 4806 1176 4883 gradm
1199 4807 1306 4884 aliquis
1329 4806 1479 4879 remotior,
1503 4801 1554 4866 sod
1577 4821 1629 4882 pro
1652 4821 1682 4864 re

341 4903 410 4956 nata
432 4894 596 4956 recidemus
618 4895 648 4953 iu
670 4911 758 4954 anam
780 4893 989 4970 explicatorum
1011 4896 1170 4973 specierum
1192 4893 1221 4955 ab
1242 4909 1380 4972 nagream
1406 4890 1498 4968 laeto,
1530 4909 1682 4968 compara-

341 4983 436 5044 bimus
458 4981 569 5044 llueam
590 4984 790 5057 constitutam,
821 4983 897 5062 quae
918 4999 971 5060 per
990 4998 1024 5043 so
1047 4988 1092 5042 est
1114 4983 1212 5042 octavi
1233 4980 1355 5060 padus,
1388 4996 1453 5041 eum
1479 4980 1565 5042 lineis
1587 4979 1683 5055 quarti

408 5089 456 5132 us.
492 5129 497 5134 .

341 5071 409 5154 Μ
430 5156 684 5236 Quemadmodum
701 5156 789 5217 ‘enim
815 5156 845 5215 in
868 5161 972 5236 quarto
1001 5156 1093 5237 mado
1115 5154 1192 5219 defin
1212 5154 1283 5218 XV.
1304 5145 1387 5220 ‘duae
1415 5162 1512 5220 reema
1539 5153 1683 5215 communi
