4467 6192
537 687 598 748 lut
853 672 858 679 ’
970 681 1012 736 De
1031 681 1254 750 Propertionihus
1272 682 1450 739 Harmonicis.

535 858 614 935 gulis
637 852 750 934 aliquot
781 874 839 917 uon
862 858 1018 917 admittant
1041 858 1201 935 deinceps?
1245 860 1437 947 Respondeo,
1465 878 1584 921 cansam
1606 858 1682 919 lianc
1704 874 1784 930 esee,
1806 855 1878 933 qnod

534 949 637 1006 tertiae
661 947 708 1005 rel
731 955 848 1017 sextae,
879 964 911 1005 se
934 955 1036 1005 mutuo
1059 944 1272 1023 consequentes
1295 948 1464 1021 altitudine,
1488 951 1546 1008 sint
1574 947 1746 1023 plerumque
1768 961 1799 1004 re
1817 960 1881 1003 vera

536 1033 680 1108 disemus,
704 1051 763 1092 una
784 1034 886 1107 major,
910 1033 1003 1091 altera
1025 1036 1135 1107 minor;
1158 1042 1188 1093 et
1211 1038 1347 1111 quamvis
1370 1036 1515 1097 interdum
1538 1035 1614 1093 duae
1637 1036 1741 1093 tertiae
1762 1034 1882 1089 miaores

537 1123 668 1199 proxime
691 1129 907 1196 cousequantur
929 1123 1072 1194 invicem,
1103 1132 1171 1203 sunt
1201 1132 1298 1182 tamen
1321 1126 1457 1183 minimae
1488 1124 1697 1187 consonantiae
1727 1128 1757 1179 et
1780 1122 1882 1195 imper-

537 1212 640 1268 fectae.
685 1208 781 1267 Cenat
804 1211 880 1265 enim
903 1210 1013 1283 primns
1042 1207 1088 1281 Ut,
1112 1208 1165 1282 lde,
1191 1208 1244 1284 tn,
1269 1210 1333 1284 Fa,
1364 1210 1508 1271 secuudus
1531 1210 1634 1269 iisdem
1658 1208 1795 1283 temporis
1817 1206 1884 1268 arti·

536 1297 609 1355 culis
633 1294 688 1368 Mi,
713 1292 772 1368 Fa,
797 1295 859 1365 Sol,
883 1295 940 1367 La,
964 1303 1091 1370 quatuor
1112 1313 1144 1354 se
1168 1308 1268 1355 mutuo
1291 1307 1508 1373 consequuntur
1522 1300 1633 1369 tertiae,
1656 1313 1778 1371 quarum
1795 1295 1884 1369 prims

542 1381 855 1469 Ut,d1iestmajor,
886 1384 1017 1441 secunda
1037 1383 1097 1456 rte,
1128 1379 1177 1443 Fu
1200 1393 1229 1443 ct
1252 1388 1337 1443 tertia
1359 1386 1420 1459 Mi,
1448 1386 1498 1445 Sol
1520 1394 1588 1444 sunt
1609 1385 1752 1457 minores,
1782 1388 1883 1457 quarta

537 1467 596 1544 Fa,
620 1469 668 1528 Lo
689 1487 802 1528 rursum
824 1477 869 1527 est
890 1470 992 1544 major.
1036 1470 1229 1529 Econtrario
1259 1481 1380 1547 quartae
1409 1490 1510 1533 omnes
1538 1473 1683 1531 habentur
1712 1469 1805 1544 vulgo
1833 1483 1884 1543 pro

537 1555 699 1617 intervallis
729 1555 937 1633 magnitudinis
966 1556 1113 1632 ejusdem,
1149 1564 1181 1627 pt
1208 1567 1237 1616 et
1265 1562 1384 1634 quintae
1414 1569 1443 1619 et
1470 1560 1563 1619 multo
1599 1562 1724 1619 maxime
1753 1565 1886 1615 octavae.

535 1644 640 1720 Itaque
677 1646 703 1702 si
732 1644 788 1703 hae
818 1646 963 1721 perfectae
992 1644 1217 1704 concordantiae
1251 1645 1349 1721 plures
1384 1646 1515 1723 ejusdem
1544 1648 1652 1722 speciei
1687 1643 1887 1703 ordinarentur

537 1731 684 1807 deinceps,
707 1730 861 1790 altitudine
884 1732 1058 1804 differentes,
1082 1739 1185 1791 cantus
1208 1736 1406 1792 consonantiis
1431 1738 1528 1793 varius
1552 1750 1610 1792 non
1633 1741 1722 1792 esset.

622 1817 681 1879 Sed
704 1820 765 1878 alia
784 1821 944 1894 praecipua
966 1836 1057 1899 causa
1080 1819 1216 1897 impedit,
1240 1824 1356 1896 quintas
1379 1822 1494 1897 aliquot
1516 1820 1673 1881 ordiuein
1696 1818 1791 1877 altum
1815 1817 1886 1885 cani,

538 1923 613 1981 quae
635 1922 693 1965 uou
718 1906 840 1982 impedit
868 1909 933 1963 cani
956 1914 1093 1981 octavam
1126 1906 1161 1966 de
1185 1924 1243 1983 quo
1273 1909 1470 1983 quaerendum
1493 1910 1549 1967 sibi
1578 1913 1695 1985 putavit
1716 1903 1889 1963 Aristotcles

538 1997 568 2050 in
586 1994 834 2069 problematibus:
868 2011 919 2052 cur
941 1992 1127 2052 modulentur
1149 2000 1272 2053 octavas
1295 1992 1392 2076 (verbi
1417 2014 1521 2069 eausa,
1550 2013 1644 2053 mares
1675 2011 1741 2053 cum
1764 1993 1889 2061 leminis,

536 2082 591 2138 riri
615 2098 680 2140 cum
702 2076 832 2162 pueris),
856 2083 972 2155 quintas
996 2090 1025 2140 et
1048 2094 1167 2156 quartae
1190 2099 1248 2141 uon
1271 2083 1478 2141 modulentur?
1524 2082 1621 2141 Causa
1643 2084 1730 2157 igitur
1745 2080 1823 2139 haec
1838 2086 1890 2151 est,

537 2167 616 2244 quod
639 2184 705 2225 cum
728 2166 803 2227 duae
827 2170 930 2227 tertiae
960 2169 1069 2227 iaciant
1097 2171 1320 2233 consonantiam
1343 2171 1495 2247 diapente,
1527 2169 1603 2229 duae
1633 2178 1758 2229 octavae
1782 2182 1890 2225 conso·

537 2257 673 2328 nantium,
689 2254 893 2329 disdiapason,
924 2265 1024 2315 contra
1047 2255 1123 2315 duae
1147 2258 1266 2331 quintae
1290 2260 1400 2317 iaciunt
1421 2246 1542 2331 nonam,
1574 2257 1649 2317 dnae
1672 2262 1797 2331 quartae
1822 2270 1890 2328 sep-

536 2345 645 2413 u'mam,
669 2342 824 2400 intervalla
848 2342 976 2401 dissona.
1022 2342 1087 2401 Vox
1111 2360 1180 2418 ergo
1204 2344 1263 2407 illic
1284 2362 1337 2420 per
1359 2348 1566 2405 consonantias
1590 2352 1710 2405 octavas
1733 2349 1763 2401 et
1788 2344 1891 2399 tertias

536 2427 690 2491 decurrens
725 2428 887 2504 aequaliter
915 2439 1014 2489 manet
1046 2432 1074 2487 in
1107 2440 1177 2489 tono
1205 2449 1258 2490 seu
1286 2431 1393 2503 modo,
1421 2434 1583 2493 observans
1613 2430 1736 2490 eandem
1758 2428 1892 2504 speciem

537 2523 674 2590 octavae3
702 2516 750 2575 hic
776 2519 801 2575 si
824 2534 876 2592 per
897 2518 1033 2593 aequalia
1062 2517 1212 2590 decurrat,
1246 2519 1365 2578 modum
1393 2520 1441 2579 vel
1471 2530 1574 2578 tonum
1602 2527 1695 2577 mutat
1726 2516 1892 2593 insiguiter,

536 2603 615 2681 quod
638 2612 684 2662 cst
705 2611 807 2661 contra
825 2598 1034 2663 'definitionem
1355 2600 1358 2607 ’
1461 2660 1463 2665 .

623 2690 675 2748 VI.
700 2690 784 2749 Circe
807 2689 950 2749 delectum
979 2693 1250 2751 concordantiarum
1282 2693 1383 2768 aliqua
1411 2696 1500 2751 etiam
1526 2701 1593 2751 sunl
1617 2690 1763 2765 notanda3
1798 2691 1893 2765 primo

482 2825 486 2833 .
536 2777 613 2853 quod
637 2779 666 2834 in
689 2794 795 2853 genere
817 2794 926 2852 magna
947 2779 1102 2838 intervalla
1125 2798 1247 2854 magnos
1278 2783 1367 2837 arriani
1396 2790 1492 2839 motus
1519 2781 1682 2857 exprimant
1705 2774 1754 2858 (ut
1778 2779 1810 2833 in
1836 2776 1892 2833 illis

536 2863 718 2924 Orlaudlcis:
753 2857 810 2923 dmi
831 2873 873 2922 est
895 2866 966 2924 Abel
988 2876 1031 2925 et:
1065 2866 1170 2925 Triuia
1192 2874 1233 2924 est
1256 2872 1364 2925 aalma
1386 2864 1486 2949 mea),
1513 2886 1606 2943 parva
1634 2874 1663 2925 et
1691 2866 1765 2937 alta,
1800 2864 1891 2936 lacta,

537 2952 659 3012 humilia
681 2960 711 3011 et
732 2969 839 3028 parve,
863 2955 966 3011 tristia.

560 3099 565 3109 ,
623 3039 737 3099 Deinde
760 3058 826 3099 cum
849 3048 952 3099 mutus
973 3041 1161 3099 harmonicus
1182 3040 1354 3117 plerumque
1377 3040 1492 3101 desinat
1514 3043 1542 3099 in
1559 3040 1838 3111 identisoaaniiam,
1862 3043 1894 3095 ut

537 3129 626 3204 igitur
648 3144 786 3203 magnum
811 3123 880 3207 (pro
903 3128 1059 3205 hypothesi
1083 3124 1195 3210 textus)
1220 3128 1405 3187 intervallum
1421 3131 1450 3185 in
1466 3128 1522 3187 fine
1538 3127 1776 3203 complectamur,
1804 3141 1895 3201 opor·

537 3222 580 3273 tet
610 3231 667 3273 non
696 3215 814 3274 bassum
844 3222 957 3275 tantum
985 3215 1177 3289 descendere,
1212 3215 1264 3277 sed
1295 3218 1381 3275 etiarn
1412 3215 1590 3287 discentum,
1627 3222 1728 3273 contra
1756 3208 1896 3271 araturam

536 3300 656 3360 liniendi
678 3309 806 3380 cantum,
829 3302 995 3376 ascendere,
1018 3304 1180 3364 imitatione
1203 3302 1364 3361 fistularum
1389 3312 1418 3362 et
1441 3302 1614 3361 chordarum
1635 3300 1799 3377 pandurae.
1839 3301 1897 3357 At·

537 3406 594 3464 que
623 3396 692 3447 tuuc
720 3390 768 3448 vel
791 3391 917 3448 maxime
947 3392 1082 3449 enitescit
1110 3392 1156 3447 vis
1185 3391 1347 3463 semitonii,
1377 3392 1467 3465 priori
1497 3393 1592 3465 capite
1621 3389 1783 3464 explicata,
1816 3384 1897 3463 quod

536 3475 679 3535 naturalis
703 3484 732 3534 et
754 3476 916 3535 ordinarius
938 3477 1003 3535 fissis
1027 3479 1172 3536 cautionis
1194 3495 1246 3552 per
1261 3494 1415 3535 ascensum
1437 3486 1518 3537 amat
1532 3480 1560 3535 in
1577 3477 1633 3536 dne
1649 3491 1787 3553 superare
1805 3476 1897 3532 semi-

537 3564 659 3630 tonium,
682 3564 711 3621 iu
735 3565 770 3621 iis
793 3563 911 3638 quidem
935 3568 1028 3639 tonis,
1053 3568 1103 3640 qui
1127 3581 1183 3622 non
1208 3566 1319 3625 habeut
1341 3567 1528 3627 semitonium
1552 3564 1682 3642 proxime
1703 3579 1796 3639 supra
1815 3560 1897 3621 radi-

537 3667 599 3709 cem
622 3667 693 3708 suae
717 3658 848 3709 octavae.

628 3736 727 3797 Tertio
756 3740 928 3812 quaestione
960 3738 1080 3815 dignum
1104 3741 1219 3798 censuit
1251 3737 1419 3812 Galilaeae,
1458 3756 1508 3798 cur
1531 3738 1668 3816 diapente
1700 3736 1897 3815 epidiapason

537 3824 697 3900 iucundius
729 3835 831 3900 sonet,
862 3844 950 3901 quam
979 3827 1116 3902 diapente
1146 3820 1297 3905 simplex,
1319 3834 1348 3884 et
1378 3828 1420 3885 sic
1444 3834 1654 3901 consequenter
1690 3841 1808 3901 semper
1838 3840 1898 3881 uua

541 3911 694 3971 harmonia
715 3913 754 3969 sit
771 3912 930 3987 jucundior
953 3913 1032 3972 alia?
1079 3912 1205 3987 Causas,
1230 3931 1303 3989 quas
1326 3915 1389 3989 ipse
1412 3913 1519 3987 attulit,
1543 3929 1601 3971 non
1624 3921 1669 3972 est
1691 3928 1800 3987 operae
1825 3929 1899 3970 exa-

539 4000 660 4070 minare,
684 4016 750 4057 cum
766 3999 915 4069 obscurae
938 4010 968 4059 et
990 4003 1117 4060 incertae
1141 4002 1221 4071 sint]
1253 4002 1296 4060 Ex
1320 4002 1394 4059 meis
1414 4017 1485 4059 vero
1505 4002 1657 4077 principiis
1673 3998 1899 4077 causae-hujus

539 4088 581 4145 rei
603 4094 745 4163 apparent
767 4085 957 4147 clarissimae.
1002 4088 1077 4147 Nam
1101 4091 1171 4165 quia
1193 4105 1246 4165 per
1268 4091 1385 4148 axioma
1400 4090 1429 4147 2.
1453 4089 1558 4163 capitis
1572 4090 1657 4165 primi
1672 4084 1780 4163 gradus
1797 4087 1899 4145 scien·

540 4174 608 4246 tiae,
633 4174 739 4249 quibus
764 4173 899 4233 differunt
921 4176 996 4234 inter
1018 4193 1050 4234 se
1073 4177 1167 4234 latera
1189 4175 1355 4249 figurarum,
1379 4174 1628 4252 transplantantur
1647 4176 1737 4233 etiam
1760 4174 1790 4229 in
1817 4177 1900 4249 ipsas

539 4264 752 4339 proportiones,
776 4259 935 4336 figurarum
957 4263 1090 4337 soboles,
1114 4271 1342 4323 consentaneum
1357 4261 1496 4337 equidem
1520 4270 1630 4337 estut
1646 4264 1733 4321 ellam
1758 4259 1802 4317 illi
1828 4277 1900 4337 gra-

541 4347 605 4421 dus,
629 4349 737 4423 quihus
761 4346 871 4407 distant
894 4358 923 4408 et
944 4352 1036 4425 partis
1059 4351 1158 4409 circuli
1183 4357 1212 4408 et
1234 4350 1341 4409 residui
1366 4348 1582 4423 demonstratio,
1607 4348 1807 4410 discriminent
1825 4364 1900 4406 sua—

541 4438 663 4497 uitatem
691 4442 721 4495 et
748 4438 839 4511 partis
869 4444 898 4495 et
926 4437 1044 4495 residui.
1091 4437 1167 4512 Ergo
1193 4454 1274 4512 ¹quae
1303 4437 1471 4497 harmoniae
1503 4438 1631 4495 existunt
1653 4433 1824 4495 immediate
1849 4451 1901 4513 per

541 4525 634 4601 ipsam
658 4524 817 4583 sectionem
841 4522 951 4600 circuli,
974 4541 1049 4599 quac
1071 4541 1112 4583 sc.
1137 4531 1205 4583 sunt
1227 4527 1302 4583 inter
1324 4532 1418 4583 totum
1441 4533 1471 4583 et
1493 4532 1605 4599 partem
1627 4524 1798 4607 rescissem,
1828 4540 1901 4599 per·

541 4611 676 4684 lectiores
708 4618 738 4669 et
756 4610 948 4686 jucundiores
974 4618 1044 4669 sum
1071 4613 1124 4683 iis,
1157 4626 1233 4684 quae
1261 4619 1330 4669 surrrt
1357 4614 1431 4669 inter
1453 4611 1600 4671 residuum
1624 4618 1652 4669 et
1674 4616 1785 4682 totum,
1818 4626 1899 4685 quaa

543 4696 659 4755 demum
682 4698 850 4757 derivantur
872 4717 906 4756 ex
930 4698 1075 4773 prioribus
1104 4716 1156 4774 per
1178 4697 1387 4759 admixtionem
1410 4698 1701 4763 identisouantiarum
1733 4714 1770 4756 cx
1795 4697 1898 4756 hisce-

541 4786 622 4846 tione
644 4784 693 4844 vel
715 4784 912 4861 duplicatione
928 4784 1116 4861 chordarum.
1163 4784 1212 4843 Sic
1240 4780 1273 4865 's³
1295 4788 1404 4861 primas
1433 4794 1527 4859 tenet,
1559 4798 1604 4845 cst
1628 4786 1714 4861 igitur
1734 4782 1901 4860 jucundior

542 4887 631 4946 quam
655 4867 708 4951 ηδ,
740 4882 769 4929 et
796 4867 831 4953 ¹}ss
854 4890 943 4948 quam
966 4867 1023 4955 Ἲς,
1054 4882 1082 4933 et
1109 4867 1148 4953 ¹l5
1171 4890 1259 4948 quam
1285 4868 1336 4953 75,
1370 4882 1400 4932 et
1426 4866 1462 4955 ΙΙ,
1485 4891 1572 4950 quam
1597 4868 1649 4954 Ἃ,
1680 4879 1710 4933 et
1739 4868 1783 4955 ²),
1807 4888 1899 4947 quam

543 4953 596 5039 Ἃ,
619 4965 649 5017 et
673 4955 715 5035 il,
738 4974 826 5032 quam
849 4956 906 5041 iss„
942 4959 1028 5019 Prius
1051 4962 1128 5019 euim
1150 4977 1218 5035 pars
1240 4959 1273 5021 fit
1291 4950 1424 5031 ,consona
1446 4978 1497 5037 per
1511 4977 1544 5019 se
1568 4962 1672 5035 ipsam,
1694 4975 1753 5017 non
1776 4968 1900 5038 propter

544 5045 711 5118 residuum,
734 5046 880 5120 posterius
903 5053 933 5106 et
955 5050 998 5106 sic
1019 5048 1215 5125 imperfectius
1236 5046 1385 5107 residuum
1409 5047 1622 5109 demonstratur
1641 5063 1706 5107 esse
1719 5062 1898 5117 consonum,

541 5132 654 5193 scillcet
673 5139 791 5209 propter
812 5142 926 5209 partem
947 5137 1058 5194 ecclam
1081 5135 1129 5194 rel
1151 5134 1286 5195 alienam.
