4467 6192
533 678 596 740 336
1013 660 1162 719 Ptolemaei
1180 661 1402 717 Harmonicorum

532 848 579 903 illo
599 861 649 902 suo
666 841 790 910 subjecto
809 838 970 907 definiatur,
997 852 1087 906 neque
1114 836 1268 904 subjectum
1295 836 1329 890 ab
1357 834 1498 888 harmonia
1516 833 1698 889 essentialiter
1715 835 1880 906 informetur,

533 928 582 982 sed
600 932 705 980 tautum
723 918 933 977 accidentaliter.
968 917 1029 986 Ego
1047 916 1131 984 igitur
1147 914 1237 992 capite
1255 915 1278 966 l.
1296 912 1358 967 lihri
1376 912 1429 967 mei
1446 913 1492 966 IV.
1511 912 1626 981 ostendi,
1653 913 1810 969 humaniue
1826 931 1880 971 esse

534 1002 731 1074 proportiones,
750 999 940 1069 proportiones
958 1011 1021 1050 vero
1040 992 1218 1050 casamentis
1237 991 1460 1060 comparationes,
1480 997 1508 1046 et
1526 992 1564 1046 sic
1583 991 1779 1048 cassationis:
1798 993 1881 1064 itaque

533 1083 686 1139 harmonias
712 1087 743 1135 ut
759 1077 916 1132 harmoniae
934 1077 961 1130 iu
980 1075 1069 1128 anima
1087 1080 1261 1142 comparante
1280 1071 1383 1138 inesse,
1408 1071 1446 1126 sic
1465 1077 1495 1126 nt
1514 1071 1604 1126 anima
1622 1070 1731 1126 sublata
1748 1073 1883 1128 harmonia

533 1169 635 1233 pereat.
671 1158 784 1213 Ostendi
802 1156 929 1226 amplius,
958 1171 1020 1210 carm
1038 1152 1179 1222 proportio
1198 1151 1233 1205 sit
1252 1151 1279 1203 in
1303 1150 1521 1218 praedicamento
1540 1149 1691 1220 relationis,
1721 1150 1792 1206 duos
1809 1153 1883 1221 igitur

533 1238 633 1307 requiri
651 1238 778 1292 terminos
794 1237 829 1294 ad
848 1235 994 1306 quamlibet
1012 1233 1189 1297 harmoniam,
1208 1230 1253 1299 qui
1272 1229 1314 1282 vel
1333 1237 1397 1284 sunt
1414 1247 1457 1285 res
1477 1230 1599 1298 sensiles,
1618 1231 1717 1299 quibus
1737 1232 1884 1288 continetur

534 1315 675 1372 harmonia
694 1316 810 1387 sensilis,
828 1314 871 1369 rel
889 1311 1028 1380 mentales,
1057 1311 1156 1380 quibus
1175 1307 1366 1362 intellectualis
1386 1314 1413 1361 ct
1431 1309 1605 1378 archetypica
1623 1309 1765 1363 harmonia
1784 1327 1884 1380 reprae-

535 1405 668 1451 sentatur.
705 1394 801 1462 Capite
819 1393 842 1447 2.
861 1392 971 1461 respexi
989 1391 1074 1457 magis
1094 1388 1127 1443 ad
1147 1403 1227 1442 uoces
1246 1387 1294 1440 vis
1313 1403 1362 1440 sen
1389 1387 1561 1445 facultas.
1589 1403 1730 1456 enarrans,
1759 1405 1885 1458 quaenam

536 1483 563 1528 et
582 1482 648 1542 quot
667 1473 721 1527 sint
739 1472 884 1528 facultates
903 1471 1009 1525 animae
1027 1468 1126 1539 agendi
1144 1467 1186 1521 rel
1204 1465 1326 1536 patiendi
1344 1466 1492 1520 secundum
1511 1465 1673 1520 harmonias.
1703 1467 1831 1534 Denique
1847 1484 1885 1522 ca-

535 1555 591 1623 pite
610 1555 634 1607 3.
654 1550 788 1620 quaesivi,
815 1550 914 1621 quihus
941 1550 969 1604 in
986 1548 1067 1603 rebus
1087 1559 1232 1616 expressae
1250 1543 1306 1598 sint
1323 1543 1407 1598 totins
1425 1544 1544 1598 universi
1561 1544 1721 1599 harmoniae
1740 1560 1790 1601 sen
1809 1562 1886 1616 quan·

534 1633 627 1688 titates
646 1638 725 1700 aptae
743 1629 778 1684 ad
796 1626 1002 1684 constituendos
1020 1623 1150 1680 terminos
1169 1623 1386 1692 propositionum
1405 1623 1629 1680 harmonicarum.

623 1725 771 1794 Postquam
798 1725 881 1794 igitur
906 1725 975 1785 libro
1003 1738 1063 1778 meo
1081 1722 1127 1776 lv.
1146 1720 1173 1774 in
1201 1719 1275 1775 hrrnc
1302 1719 1413 1776 modurn
1430 1719 1465 1775 ad
1492 1721 1678 1791 quaestionem
1697 1737 1713 1773 a
1731 1721 1886 1776 Ptolemaeo

536 1806 703 1875 propositam
723 1819 756 1856 cx
774 1803 885 1872 propria
902 1803 954 1857 mei
973 1801 1053 1858 animi
1072 1800 1207 1856 sententia
1223 1801 1369 1869 respondi,
1398 1801 1522 1854 nimirum
1550 1799 1662 1868 etquid
1685 1800 1722 1853 sit
1740 1807 1887 1868 utrumque,

536 1891 592 1937 tam
610 1883 749 1952 proportio
768 1881 936 1943 harmonica,
964 1897 1044 1949 quam
1062 1878 1179 1934 facultas
1198 1879 1367 1948 harmonica,
1391 1887 1419 1933 et
1436 1895 1570 1947 quaenam
1587 1893 1632 1932 res
1650 1891 1712 1932 esse
1730 1878 1839 1947 possint
1855 1879 1888 1932 al·

537 1962 667 2017 terntrius
685 1960 846 2030 participes:
870 1959 927 2028 jam
944 1959 1026 2013 etiam
1042 1955 1193 2012 Ptolemaei
1220 1956 1403 2011 resolutiones
1432 1957 1604 2019 examinabo,
1630 1956 1658 2009 iu
1681 1955 1783 2024 quihus
1802 1956 1887 2024 aliqua

537 2042 710 2097 inveniuntur
728 2039 794 2096 meis
813 2039 1034 2108 responsionibus
1059 2042 1254 2103 consentanea,
1273 2051 1327 2090 non
1346 2051 1434 2104 pauca
1451 2036 1484 2092 ah
1502 2036 1536 2091 iis
1555 2035 1675 2102 ffircrsa,
1693 2049 1767 2102 qnae
1785 2034 1829 2089 rel
1847 2051 1888 2090 ex·

474 2140 478 2148 ·
539 2121 685 2191 plicatione
703 2117 746 2171 uel
764 2117 932 2172 correctione
949 2117 1079 2185 indigent,
1098 2114 1143 2169 rel
1161 2115 1250 2181 etiam,
1269 2122 1299 2168 nt
1317 2115 1423 2168 veritati
1436 2114 1616 2181 adversantia,
1635 2113 1765 2182 redargui
1784 2114 1888 2168 debent.

623 2216 697 2270 Nota
714 2214 748 2268 ll.
784 2212 863 2280 Quod
881 2213 933 2265 vim
952 2214 1049 2268 attinet
1067 2210 1274 2278 vocabulorum,
1294 2226 1347 2264 uox
1364 2218 1488 2265 natura
1505 2210 1703 2274 harmonica
1722 2225 1774 2265 scu
1792 2207 1889 2264 facul·

539 2287 593 2349 t'as
616 2291 827 2348 harmonica
844 2291 931 2361 magis
947 2290 1062 2345 inclinat
1079 2287 1113 2360 ad
1133 2287 1297 2342 efficientem
1324 2288 1539 2360 harmoniarum,
1567 2299 1595 2345 et
1611 2307 1664 2344 vox
1680 2312 1711 2344 so
1729 2290 1891 2360 ἢρμοσμετοι

538 2372 625 2442 magis
643 2370 678 2425 ad
696 2369 848 2439 subjectum
866 2369 1029 2424 harmonicis
1047 2366 1268 2446 proportionibus
1287 2377 1452 2422 exornatum.
1471 2368 1593 2438 Utraque
1612 2385 1684 2438 uero,
1702 2375 1759 2423 tam
1780 2366 1892 2421 facultas

538 2448 695 2505 harmonica
723 2463 803 2515 quarn
831 2447 984 2517 subjectum
1014 2445 1304 2515 aliquod‘barmonice
1323 2453 1572 2516 contemperatum,
1600 2447 1681 2516 plura
1697 2444 1892 2514 complectitur,

541 2546 622 2600 quam
639 2543 727 2582 meras
745 2527 914 2596 harmonias,
934 2525 1039 2583 scilicet
1056 2525 1136 2579 etiam
1156 2523 1209 2578 alia
1226 2524 1370 2578 intervalla
1387 2525 1421 2579 ab
1440 2525 1589 2580 harmoniis
1608 2524 1808 2594 dependentia,
1828 2537 1892 2592 quac

540 2604 699 2679 generaliori
718 2621 782 2660 voce
801 2608 968 2663 concinna
985 2605 1121 2661 dicuntur.
1146 2605 1206 2658 Hoc
1223 2603 1305 2671 igitur
1323 2603 1389 2658 dicit
1406 2603 1591 2666 Ptolemaeus,
1609 2605 1700 2657 omnia
1718 2619 1773 2656 non
1793 2608 1893 2655 tanturn

541 2703 669 2756 consona,
687 2679 736 2741 sed
754 2686 836 2739 ctiam
854 2684 994 2752 concinna,
1014 2683 1113 2755 quibus
1132 2675 1239 2738 constat
1257 2682 1377 2737 musicus
1394 2685 1500 2752 cantus,
1520 2681 1622 2737 habere
1641 2698 1705 2737 suas
1725 2689 1818 2736 certas
1835 2697 1893 2751 pro·

542 2766 694 2838 portiones:
722 2771 805 2832 atque
823 2762 851 2818 id
867 2778 924 2817 non
941 2770 1048 2818 tantum
1065 2772 1160 2832 patere
1178 2777 1213 2816 ex
1232 2760 1462 2817 demonstratione
1482 2761 1599 2818 deducta
1626 2775 1660 2814 ex
1678 2758 1893 2830 praesuppositis

541 2845 735 2918 probahilibus,
753 2841 802 2899 sed
820 2843 901 2897 etiam
920 2859 953 2897 ex
971 2842 1092 2897 sectione
1104 2841 1234 2898 canonica
1247 2856 1295 2896 sen
1312 2841 1432 2911 regulari
1449 2839 1625 2896 monochordi
1643 2839 1729 2895 etsie
1747 2855 1783 2894 ex
1796 2837 1895 2894 auditu

542 2929 570 2984 Si
590 2929 662 2983 enhn
679 2925 782 2982 chorda
799 2923 881 2979 inerit
898 2931 974 2979 secta
991 2924 1062 2980 sicut
1079 2923 1138 2979 uult
1157 2903 1367 2990 demonstra'tio,
1395 2928 1460 2977 tunc
1477 2926 1569 2990 partes
1588 2917 1706 2974 chordae
1725 2924 1820 2973 sectae
1837 2931 1895 2972 con·

542 3021 648 3074 sonare,
662 3002 755 3074 judice
774 3002 878 3059 auditu.
1666 3017 1669 3026 ·

630 3101 705 3156 Nota
722 3101 771 3155 Ill.
807 3098 1011 3154 Probabilis
1037 3097 1218 3168 supposita
1244 3095 1310 3152 dicit
1332 3090 1396 3160 ulla,
1423 3095 1496 3164 quod
1514 3098 1644 3154 assumsit
1659 3097 1688 3152 in
1712 3096 1802 3166 primo
1820 3093 1894 3156 libro,

542 3182 605 3237 ilias
623 3178 741 3235 chordas
760 3194 917 3248 consonare,
937 3193 1007 3246 quae
1019 3178 1231 3233 determinentur
1242 3175 1369 3242 numeris,
1391 3184 1418 3229 ct
1429 3175 1522 3244 primis
1535 3177 1678 3246 speciebus
1692 3175 1895 3245 proportionum

543 3257 739 3323 numeralium,
758 3256 862 3312 scilicet
878 3257 1039 3326 multiplici,
1058 3255 1300 3326 superparticulari
1318 3262 1346 3310 et
1364 3257 1588 3323 superpartiente.
1624 3256 1661 3310 At
1680 3268 1731 3321 ego
1748 3252 1820 3306 haec
1838 3267 1896 3320 sup·

543 3339 634 3409 posita
650 3337 767 3393 refutari
784 3335 853 3392 libro
871 3336 925 3389 mei
942 3336 1032 3404 operis
1051 3334 1142 3401 tertio,
1160 3343 1188 3389 et
1207 3339 1302 3389 contra
1319 3334 1420 3403 protuli
1439 3334 1492 3387 alia
1510 3317 1659 3403 suppositi
1669 3330 1831 3400 probabilia
1849 3329 1895 3384 sci·

544 3417 609 3471 licet
624 3415 686 3470 illas
704 3413 833 3485 chordas,
860 3429 930 3482 quae
949 3429 979 3467 se
998 3412 1100 3467 habent
1116 3421 1148 3467 nt
1165 3419 1258 3482 partes
1276 3412 1384 3480 circuli,
1402 3427 1451 3481 per
1468 3411 1582 3482 figuram
1601 3408 1844 3466 demonstrabilem
1863 3407 1898 3462 di·

544 3494 602 3550 risi.
638 3493 714 3563 Quae
732 3494 814 3562 igitur
839 3494 883 3548 bic
901 3493 1074 3549 Ptolemaeus
1092 3492 1127 3547 de
1154 3490 1318 3548 sectionibus
1345 3492 1401 3546 suis
1429 3492 1566 3546 canonicis
1594 3488 1749 3562 semiplenis
1775 3487 1899 3552 affirmat,

546 3571 641 3626 eadem
670 3587 720 3640 ego
739 3578 767 3627 et
784 3569 869 3627 multo
887 3573 988 3626 rectius
1006 3570 1040 3626 dc
1058 3584 1119 3625 mea
1137 3569 1282 3640 septuplici
1301 3571 1422 3626 sectione
1444 3581 1556 3639 possum
1575 3569 1725 3636 affirmare,
1753 3567 1819 3634 qnia
1836 3563 1897 3619 milri

545 3648 675 3705 instando
692 3649 769 3704 nulla
785 3655 877 3720 potest
893 3648 994 3706 afferri.

634 3759 823 3836 Consequens
847 3769 1020 3835 astantem,
1044 3769 1077 3820 ut
1095 3722 1203 3836 siquis
1226 3761 1282 3819 ista
1305 3758 1533 3820 corrsideraverit
1555 3765 1676 3833 attente,
1701 3760 1801 3819 statim
1825 3755 1898 3814 isin

439 3886 448 3905 .
550 3846 772 3908 admirationem
794 3848 881 3909 fuerit
902 3858 1018 3928 raptus,
1052 3851 1077 3908 si
1101 3849 1275 3925 cujusquam
1299 3865 1334 3906 ex
1356 3849 1444 3906 rebus
1467 3847 1684 3923 pulcherrimis,
1717 3853 1794 3912 cene
1817 3861 1898 3903 cunr·

550 3938 651 4012 primis
674 3938 763 3996 etiam
785 3936 873 4012 hujus
895 3937 1081 3996 harmonicae
1103 3935 1266 3996 facultatis:
1291 3936 1400 4012 quippe
1415 3952 1504 4010 qoam
1528 3933 1718 4011 deprehendit
1741 3934 1829 4007 longe
1852 3947 1898 3989 ra·

547 4022 770 4083 tionalisaimam
793 4021 855 4104 ¹V),
889 4026 1086 4084 invenientem
1115 4033 1144 4083 et
1167 4025 1392 4083 constituentem
1425 4024 1586 4098 specierum
1608 4023 1791 4100 propriarum
1816 4017 1897 4076 dide-

547 4115 658 4171 rentiaa
690 4129 780 4188 qnam
813 4112 1032 4172 accuratissime
1045 4109 1091 4191 v):
1125 4127 1183 4186 quo
1207 4106 1372 4183 intellecto,
1402 4107 1494 4168 ueluti
1526 4108 1619 4167 diuini
1643 4111 1779 4168 incensus
1802 4119 1898 4165 amore

548 4202 728 4277 concupiscit
748 4201 855 4260 intueri
878 4206 908 4259 et
925 4198 1053 4259 lustrare
1074 4213 1168 4274 genas
1190 4197 1389 4270 illud'rernm,
1412 4197 1467 4254 sub
1498 4196 1575 4272 qood
1598 4196 1723 4254 facultas
1746 4197 1803 4253 ista
1825 4193 1898 4250 reie-

548 4297 636 4360 ratur,
660 4293 690 4347 et
710 4304 781 4346 num
797 4304 857 4364 qua
871 4289 931 4346 sint
951 4286 1012 4346 alia
1032 4288 1063 4346 in
1086 4287 1142 4345 hoc
1158 4287 1356 4346 universitatis
1373 4283 1484 4344 ambitu
1506 4286 1664 4360 cognitioni
1688 4291 1804 4343 nostras
1828 4280 1897 4339 snb-

545 4375 642 4450 jecta‚
665 4374 773 4450 quibus
795 4374 849 4434 ills
869 4391 1002 4434 connexa
1024 4375 1063 4433 alt
1085 4383 1174 4449 atquc
1198 4381 1323 4451 cognata
1346 4369 1399 4452 VI).

635 4493 708 4548 licta
725 4493 773 4546 lv.
809 4493 1027 4548 Facultatem
1052 4491 1290 4548 harmonicam
1308 4491 1346 4545 ait
1372 4487 1696 4545 rationalissimam.
1740 4483 1792 4540 Hic
1818 4477 1897 4536 mani·

549 4570 619 4626 feste
637 4570 761 4640 disputat
778 4570 813 4626 de
830 4570 961 4626 facultate
979 4569 1142 4640 animae,.ut
1161 4569 1205 4626 cni
1216 4570 1357 4640 radonem,
1376 4568 1557 4623 inventionem
1576 4563 1835 4634 dispositionemque
1852 4573 1897 4612 sen

549 4645 769 4706 constitutionem
787 4649 890 4705 tribuit.
926 4652 973 4706 Sic
988 4659 1079 4706 tamen
1097 4666 1128 4704 se
1146 4655 1301 4719 comparat,
1328 4665 1359 4703 ac
1378 4649 1401 4703 si
1419 4647 1577 4716 loqueretur
1594 4644 1627 4698 de
1645 4659 1676 4698 re
1694 4643 1784 4712 aliqua
1800 4655 1851 4709 per
1868 4652 1896 4690 sc

550 4729 724 4798 subsistente,
742 4730 857 4788 rationis
868 4737 1000 4801 compote,
1018 4745 1153 4799 suspensa
1167 4730 1224 4798 jam
1236 4727 1283 4782 illa
1295 4727 1462 4795 quaestione,
1481 4723 1553 4777 sitne
1564 4722 1611 4777 illa
1628 4720 1700 4776 idem
1713 4719 1785 4790 quod
1801 4717 1896 4782 anima,

549 4823 586 4863 an
605 4807 679 4863 aliud
696 4807 799 4877 aliquid
816 4815 925 4877 praeter
942 4810 1058 4864 mimam
1085 4815 1114 4863 et
1131 4808 1236 4862 ratione
1253 4821 1310 4860 rem
1329 4807 1363 4861 ab
1383 4820 1415 4858 ea
1433 4801 1595 4858 distinctam.
1632 4799 1671 4855 Et
1687 4815 1738 4854 nas
1756 4813 1811 4866 cap.
1830 4796 1854 4849 2.
1871 4798 1897 4846 et

550 4887 577 4943 7.
594 4885 659 4946 libri
676 4887 722 4941 lv.
741 4892 770 4942 et
786 4885 815 4942 in
841 4887 949 4956 epilogo
966 4887 1028 4942 libri
1045 4887 1078 4942 V.
1095 4886 1230 4953 diximus,
1257 4884 1330 4937 illam
1350 4898 1410 4938 esse
1439 4887 1467 4936 et
1484 4879 1559 4949 ipsas
1577 4877 1681 4933 animas
1698 4878 1846 4940 mmmm,
1871 4877 1897 4924 ct

550 4966 669 5022 amram
683 4963 764 5020 niam
780 4973 890 5033 praeter
906 4965 1055 5035 humanas,
1082 4964 1223 5021 sublunari
1239 4961 1339 5018 mundo
1366 4960 1534 5031 praefectam
1551 4963 1580 5011 et
1597 4955 1714 5012 animam
1729 4955 1782 5009 toti
1797 4949 1895 5006 munds

550 5045 725 5116 praefectam,
743 5044 822 5115 cuias
838 5045 869 5102 in
886 5045 949 5102 Sole
965 5047 1055 5116 sedes,
1072 5049 1103 5102 ut
1122 5049 1164 5100 est
1180 5043 1314 5098 humanae
1333 5042 1437 5098 animas
1455 5040 1482 5096 in
1499 5037 1591 5107 corde,
1609 5043 1638 5093 et
1655 5033 1771 5104 deniqne
1787 5031 1895 5086 Deum

551 5123 684 5212 ipanus.
785 5161 791 5169 ·
