4467 6192
396 720 399 725 ·
527 706 591 765 260
942 698 984 752 De
1002 696 1265 766 configurationibus
1283 702 1461 761 Harmonicis.

526 883 692 965 prudentae
722 886 810 940 auat„
842 877 890 936 De
917 877 1047 955 principe
1070 877 1187 953 quidem
1214 882 1329 940 animae
1358 880 1511 957 facultate,
1532 900 1622 961 ,quae
1652 900 1733 943 mens
1763 882 1876 957 dieitur,

526 979 641 1052 praeter
664 968 724 1042 illa,
747 982 824 1043 quae
846 981 937 1041 supra
960 980 1022 1040 cap.
1044 966 1131 1023 Lex
1152 965 1258 1028 Proclo
1281 968 1380 1041 attuli,
1404 968 1477 1027 nihil
1500 969 1637 1029 admonet
1658 973 1810 1047 negotium
1830 989 1878 1030 ra-

526 1060 700 1131 diationum,
723 1053 802 1131 quod
825 1050 921 1111 dicam
943 1050 1080 1126 amplius.
1124 1050 1179 1111 Eat
1202 1054 1254 1114 illa
1275 1064 1423 1133 punctum,
1448 1064 1480 1115 ut
1501 1074 1597 1133 mens;
1621 1065 1666 1117 eat
1685 1059 1824 1132 circulus,
1845 1068 1879 1117 ut

525 1147 726 1219 ιιιιιοοιιιιιιίοι
759 1150 804 1202 eat
825 1142 938 1215 imago,
962 1137 1062 1199 vultus
1084 1138 1193 1215 divini,
1224 1152 1269 1201 eat
1291 1143 1457 1217 harmonia,
1482 1144 1579 1221 quaed
1602 1149 1749 1223 energiam
1772 1160 1877 1221 unam;

524 1244 596 1295 aunt
616 1236 646 1291 ia
668 1250 706 1292 aa
727 1230 812 1289 ideae
833 1236 863 1288 et
884 1228 999 1305 species
1022 1226 1256 1302 mathematicae,
1280 1246 1332 1307 per
1355 1231 1509 1307 circulam3
1540 1233 1590 1292 dat
1619 1232 1670 1292 illa
1699 1233 1797 1304 hisee,
1831 1233 1880 1292 dat

525 1332 556 1383 et
577 1321 736 1383 barmomia
765 1332 931 1375 masuam
953 1312 1160 1375 intellectuale.
1205 1315 1288 1377 Haec
1318 1321 1416 1379 omnia
1438 1320 1565 1395 requirat
1592 1320 1741 1380 lemures
1764 1323 1879 1397 superi·

525 1412 646 1485 oribus,
677 1407 726 1467 bic
746 1403 879 1482 pluribus
902 1418 960 1460 nou
983 1410 1028 1461 est
1050 1418 1134 1476 opua
1180 1401 1278 1465 Unum
1301 1405 1357 1464 boc
1380 1422 1485 1467 moneo
1509 1406 1544 1467 de
1567 1407 1665 1469 Procli
1688 1415 1877 1485 argumenta-

523 1501 622 1558 tione:
654 1511 713 1555 aou
736 1491 830 1553 rideri
852 1489 936 1548 illam
958 1490 1015 1547 uiti
1037 1488 1122 1549 bonis
1143 1492 1295 1572 exemplis,
1317 1493 1385 1552 dum
1408 1493 1542 1567 inculcat,
1565 1494 1633 1555 ideo
1647 1496 1749 1570 lineus,
1774 1508 1878 1573 super·

524 1586 604 1648 ficies
628 1591 658 1643 et
678 1588 788 1659 puncta
809 1580 839 1636 in
862 1578 961 1639 anima
981 1576 1155 1651 statuenda,
1180 1582 1250 1655 quia
1272 1584 1301 1639 iu
1324 1582 1481 1642 sensilibus
1503 1581 1601 1650 nullae
1623 1598 1713 1659 purae
1737 1590 1767 1643 et
1788 1600 1878 1661 sepa·

522 1684 606 1733 ratae
628 1669 804 1749 superficies,
828 1666 924 1725 lineas
946 1663 994 1723 rel
1018 1674 1127 1740 puncta
1147 1668 1214 1724 sint
1261 1668 1352 1744 Atqui
1375 1686 1428 1729 aee
1450 1672 1479 1728 in
1502 1670 1600 1729 anima
1622 1678 1668 1743 est
1690 1670 1769 1731 linea
1792 1687 1876 1747 pura,

523 1778 556 1820 ae
578 1764 644 1837 ipsa
665 1759 837 1827 subsistens,
858 1751 911 1812 sed
934 1753 1063 1811 inexistit
1078 1754 1108 1810 iu
1123 1753 1275 1830 superficie
1291 1757 1420 1827 mentali,
1444 1756 1528 1831 eujus
1552 1766 1596 1816 eat
1618 1761 1797 1837 extremitas,
1821 1772 1877 1816 non

523 1851 619 1907 minua
646 1862 736 1921 quam
763 1846 794 1900 in
822 1840 980 1900 sensilibus
1008 1840 1222 1914 quantitatibus
1263 1847 1409 1920 corporeis
1437 1846 1514 1905 inest
1549 1844 1716 1923 superficies
1744 1862 1828 1903 mera
1849 1847 1876 1901 in

524 1937 707 1996 extremitate
730 1931 868 2007 eorporis,
891 1926 971 1985 linea
990 1943 1072 1986 mera
1095 1928 1123 1983 iu
1148 1932 1328 1990 extremitate
1350 1931 1528 2010 superficiei,
1549 1942 1690 2008 puuctum
1712 1948 1826 1991 merum
1850 1934 1877 1988 in

524 2032 654 2085 extremo
676 2020 786 2079 lineae:
820 2016 1054 2093 imperiectarum
1073 2017 1165 2074 enim
1189 2020 1384 2092 quantitatum
1406 2036 1465 2079 aeae
1487 2028 1532 2078 est
1553 2023 1647 2079 inesse
1675 2022 1705 2077 in
1728 2021 1876 2096 perfectis.

405 2156 409 2162 ,
523 2112 643 2171 Scilicet
669 2122 777 2186 genera
798 2100 1146 2181 quidem-mathematica
1167 2120 1226 2181 non
1249 2114 1317 2164 suut
1339 2105 1425 2165 aliter
1447 2108 1611 2179 inanima,
1643 2124 1731 2183 quam
1755 2109 1875 2165 uuiver-

522 2198 598 2258 aalta
620 2205 718 2259 setara
739 2199 955 2270 conceptusque
979 2190 1061 2262 rarii,
1085 2190 1224 2251 abatrami
1241 2212 1259 2250 a
1274 2194 1451 2273 sensilibus,
1473 2190 1505 2253 a't
1520 2197 1687 2271 'specierum
1709 2193 1877 2254 matbema-

521 2289 647 2357 ιιιιιιιιιιιιΙ
667 2281 730 2353 illa,
754 2296 832 2356 quae
853 2276 979 2337 ursulus
995 2274 1107 2350 dieitm,
1132 2277 1219 2355 longe
1235 2268 1294 2339 alia
1316 2282 1428 2344 ratione
1451 2284 1528 2341 inest
1542 2283 1665 2359 animae,
1688 2297 1746 2340 non
1763 2288 1876 2341 tantam

521 2372 645 2433 at‘idaa
666 2384 761 2429 rarum
783 2375 976 2436 exurumum,
1000 2363 1053 2423 aad
1075 2365 1165 2425 etiam
1188 2367 1336 2425 ut.lorma
1353 2367 1502 2445 quaedam
1524 2370 1617 2445 ipsius
1640 2371 1767 2443 animae,
1792 2368 1877 2429 dani·

522 2476 580 2536 qua
613 2466 646 2518 ut
673 2457 885 2533 promtuarium
917 2454 1033 2511 numum
1069 2455 1164 2512 omnis
1195 2457 1392 2530 geometricae
1431 2463 1459 2515 et
1491 2455 1691 2516 arithmeticae
1724 2458 1875 2526 scientiae,

521 2542 741 2624 quorum-illud
763 2545 793 2600 iu
816 2540 946 2600 doctriua
969 2541 1102 2612 sinuum,
1132 2539 1189 2599 hoo
1218 2544 1248 2599 in
1270 2542 1397 2603 mirabili
1427 2543 1667 2619 legaritbmorum
1688 2546 1810 2619 negotio
1835 2552 1877 2602 eat

522 2633 788 2700 eridmuaaimam,
818 2637 851 2687 ut
873 2630 904 2685 in
925 2626 1032 2701 quibua
1064 2642 1101 2684 ax
1123 2628 1233 2687 cuculo
1264 2632 1334 2688 ortis
1365 2630 1475 2690 abacus
1499 2630 1617 2707 quidam
1648 2633 1724 2690 ineat
1747 2634 1878 2689 omnium

520 2720 800 2797 multiplicationum
823 2724 853 2777 et
875 2714 1069 2784 divisionum,
1101 2730 1178 2788 quae
1202 2732 1330 2791 unquam
1352 2715 1414 2778 fieri
1437 2725 1574 2796 possunt,
1603 2718 1697 2777 ueluti
1717 2718 1782 2793 jam
1806 2734 1877 2777 con-

522 2809 671 2872 tentarum.
695 2803 754 2865 Sed
768 2804 840 2863 seua
857 2802 894 2863 de
916 2801 1048 2879 principa
1069 2803 1188 2861 animae
1208 2803 1363 2879 laeultate;
1389 2808 1541 2865 veniamus
1564 2822 1641 2865 nuuc
1663 2804 1701 2865 ad
1716 2806 1877 2865 inferiores

573 2933 580 2949 ,
608 2892 747 2954 Facultas
769 2894 870 2966 itaqua
893 2885 993 2948 vitalia
1018 2890 1047 2945 iu
1062 2887 1181 2949 bomine
1203 2908 1262 2951 nou
1277 2890 1572 2951 harmonias-tantum
1587 2893 1676 2951 radiis
1699 2890 1807 2951 lucidis
1832 2895 1878 2949 in·

522 2982 643 3044 volutas
665 2997 764 3040 aecum
785 2978 885 3049 babet,
906 2971 958 3035 sed
980 2976 1070 3033 etiam
1093 2973 1271 3049 barmoniae,
1294 2992 1432 3039 sonorum
1453 2981 1606 3055 speciebus
1629 2982 1818 3041 incrustatua.
1841 2979 1879 3037 Et
1971 3054 1972 3059 ἵ

520 3087 609 3130 sonos
631 3067 750 3145 quidem
772 3066 893 3126 auribus
915 3064 1012 3123 bausit
1034 3072 1068 3121 ut
1091 3063 1239 3138 objectum
1261 3068 1419 3144 proprium,
1452 3065 1548 3126 radios
1570 3084 1641 3129 vero
1664 3066 1795 3126 siderum
1817 3082 1877 3125 aon

520 3166 555 3217 ιιι
576 3158 669 3217 caulis
693 3172 758 3228 eos,
789 3152 843 3213 sed
864 3158 898 3211 ut
920 3150 972 3209 illo
1000 3151 1064 3226 ipso
1087 3155 1283 3228 perceptionis
1312 3152 1400 3230 paulo
1422 3154 1741 3232 aupariua'explieatae
1766 3150 1878 3213 obson-

520 3243 699 3329 rioriraodo
720 3241 864 3313 admittit,
893 3238 930 3297 ad
957 3236 1129 3297 harmonias
1160 3247 1300 3298 cannatas
1323 3240 1405 3299 ideae
1427 3243 1583 3301 examinat.
1627 3240 1704 3307 Nam
1726 3257 1772 3313 ea,
1798 3256 1875 3318 quae

497 3332 655 3391 ·ridenurr
668 3329 780 3402 ,oculta
803 3327 934 3389 serviunt
957 3324 1110 3398 discursui,
1134 3324 1351 3386 harmoniarum
1374 3330 1485 3404 agnitio
1505 3330 1571 3387 aine
1594 3328 1725 3387 discursu
1749 3336 1805 3389 est.
1829 3326 1879 3387 Sic

521 3421 653 3477 innatam
673 3434 738 3476 ease
759 3414 842 3491 pullo
863 3413 1028 3491 gallinaceo
1052 3412 1149 3474 ideam
1171 3413 1270 3487 milvi,
1305 3416 1404 3473 sciscit
1431 3412 1462 3476 J.
1486 3414 1519 3475 0.
1543 3414 1690 3491 Scaliger3
1718 3432 1778 3475 non
1812 3432 1878 3475 eam

520 3506 640 3582 quidem
661 3502 833 3579 simplicem,
856 3500 909 3561 sed
931 3515 999 3559 cum
1019 3511 1091 3559 nota
1111 3500 1269 3578 fugiendae
1284 3502 1430 3577 pamioiei.
1474 3502 1552 3571 Hinc
1569 3504 1663 3579 igilur
1680 3503 1797 3563 babent
1821 3503 1879 3562 bec

521 3591 819 3662 animaa'huxaanae,
851 3587 939 3666 quad¹
953 3586 1008 3647 sub
1031 3596 1147 3664 tempus
1170 3598 1341 3667 aspectuum
1364 3587 1534 3649 coelestium
1557 3592 1732 3667 praecipuos
1757 3593 1881 3669 capiunt

520 3682 646 3757 impetat
669 3679 708 3737 ad
729 3678 863 3755 negotia,
896 3692 976 3753 quae
1001 3674 1059 3734 sub
1086 3676 1224 3737 manibus
1245 3676 1370 3749 babent,
1398 3677 1573 3755 peragenda.
1619 3676 1707 3751 Quod
1733 3680 1813 3737 enim
1836 3683 1881 3738 eat

522 3768 593 3828 bovi
612 3766 763 3838 stimulus,
796 3780 879 3841 equo
897 3763 1067 3823 talearum
1090 3763 1265 3837 celatismua,
1288 3764 1375 3822 militi
1397 3772 1566 3843 tympanum
1582 3772 1611 3824 et
1634 3764 1800 3839 classicum,
1824 3784 1880 3826 au-

522 3855 664 3914 ditoribus
687 3854 782 3912 oratio
806 3854 962 3924 incentiva,
986 3850 1088 3910 turbae
1111 3853 1285 3911 rusticorum
1307 3851 1469 3912 modulatio
1492 3850 1709 3931 pernumium,
1735 3852 1877 3913 utriculos

522 3950 554 4002 et
573 3941 750 4021 pandoram,
784 3939 842 3998 boo
864 3948 909 3997 eat
930 3939 1091 4012 universis,
1126 3942 1282 4017 praecipue
1306 3956 1375 3999 vero
1398 3942 1427 3997 in
1450 3954 1540 3998 unum
1565 3940 1768 4017 congregatis,
1804 3958 1878 4001 can-

521 4030 658 4105 liguratio
680 4028 814 4091 coelestia
836 4025 1007 4087 idoneorum
1029 4026 1229 4102 planetarum
1261 4035 1294 4086 ut
1316 4034 1345 4087 et
1366 4024 1473 4102 singuli
1501 4029 1530 4085 in
1553 4030 1614 4085 suis
1630 4026 1876 4087 meditationibus

522 4120 676 4195 operisque
699 4118 862 4188 incitentur,
885 4122 915 4173 at
936 4116 1064 4173 uurrersi
1086 4114 1125 4173 ad
1148 4114 1373 4190 conspirandum
1384 4112 1601 4191 sociandaaqus
1623 4112 1760 4174 dexterea
1775 4132 1878 4191 prom-

522 4204 713 4264 tiores-liant
759 4203 863 4279 ltaque
885 4203 915 4259 in
937 4201 1047 4261 militia
1065 4202 1166 4261 rideas
1188 4200 1359 4278 plerumque
1381 4200 1508 4279 proelia,
1538 4218 1668 4277 pugnas,
1692 4202 1874 4275 invasiones,

521 4283 666 4365 multus,
700 4291 949 4367 expugnationes,
976 4286 1136 4361 tumultus,
1163 4290 1287 4367 panicus
1316 4298 1438 4355 terrores
1467 4289 1523 4348 sub
1545 4296 1677 4367 tempera
1698 4298 1875 4367 aspectuum
1954 4326 1956 4367 j

467 4370 472 4379 ’
521 4378 626 4439 itartia
648 4386 678 4439 et
698 4377 853 4449 Mercurii,
883 4374 972 4435 Joria
995 4384 1025 4434 et
1046 4373 1168 4449 Martia,
1197 4375 1275 4436 Solia
1297 4385 1329 4436 et
1349 4375 1469 4450 Mar-tis,
1499 4376 1617 4435 Saturni
1638 4372 1669 4435 et
1690 4376 1797 4436 llartis
1821 4388 1876 4437 eta
1953 4394 1955 4419 ι

432 4508 440 4517 ,
520 4470 663 4541 existere,
694 4468 725 4525 ln
747 4464 917 4544 epidemicis
941 4464 1049 4524 morbis
1079 4462 1178 4537 plures
1206 4471 1337 4540 tempore
1360 4462 1525 4537 validorum
1552 4472 1723 4541 aspectuum
1748 4462 1873 4524 decum-

522 4554 607 4626 bere,
637 4556 756 4631 gravius
778 4553 923 4628 torqueri,
954 4552 1125 4611 autetiam
1156 4552 1244 4623 mori,
1275 4561 1381 4611 nature
1407 4566 1448 4610 ac.
1472 4544 1622 4619 deficiente
1651 4552 1680 4607 ln
1704 4551 1786 4611 lucta
1808 4570 1878 4613 oum

521 4642 638 4714 morbo,
660 4642 708 4700 ,ad
730 4658 819 4717 quam
840 4639 950 4697 luctam
979 4635 1048 4715 (non
1072 4654 1145 4697 vero
1164 4637 1203 4697 ad
1224 4635 1362 4721 mortam)
1391 4640 1539 4698 incitatur.
1555 4639 1593 4697 ab
1616 4645 1745 4714 aspectu.
1790 4638 1878 4713 Quae

522 4729 621 4787 emnia
642 4742 701 4786 uon
724 4728 837 4787 coelum
859 4729 954 4803 ipsun
976 4726 1046 4785 iacit
1068 4726 1131 4785 sine
1154 4723 1268 4798 medio,
1296 4726 1349 4787 aed
1378 4728 1493 4787 animae
1522 4724 1647 4784 facultas
1669 4726 1783 4798 vitalia,
1809 4744 1877 4786 eum

523 4814 699 4877 coelestibus
721 4814 884 4878 harmoniis
902 4830 996 4889 opera.
1013 4830 1069 4875 sua
1090 4814 1277 4880 consocians,
1308 4816 1501 4891 principatum
1530 4820 1609 4871 tenet
1631 4814 1660 4869 iu
1683 4812 1753 4887 boc,
1783 4814 1877 4891 uulgo

523 4904 566 4961 aio
588 4901 677 4973 dicto,
698 4900 811 4961 influxu
833 4899 918 4961 coeli.
941 4899 1060 4965 Scilicet
1081 4901 1157 4961 baec
1180 4917 1238 4960 vox
1261 4899 1386 4960 influxus
1408 4901 1564 4961 fascinavit
1583 4899 1775 4977 philosophas
1799 4918 1877 4961 non·

522 4988 638 5062 nullos,
670 4994 704 5046 ut
724 5004 790 5049 cum
811 4988 971 5064 ineptiante
993 4988 1085 5063 vulgo
1106 4988 1163 5063 ipsi
1187 4989 1325 5061 insanire,
1363 5004 1451 5065 quam
1480 5004 1595 5047 meeum
1615 5004 1719 5063 sapere
1741 4987 1875 5049 mallent

524 5075 655 5151 Quorum
672 5092 744 5137 asna
766 5091 854 5150 quam
877 5074 989 5134 infirma
1011 5083 1056 5135 eat
1076 5084 1199 5135 camna:
1231 5084 1309 5135 astra
1336 5093 1423 5154 agera
1446 5077 1474 5133 in
1498 5078 1610 5148 adrem,
1643 5074 1721 5135 bunc
1743 5077 1773 5133 in
1797 5084 1875 5136 ιειιι-

395 5205 399 5213 ·
522 5169 724 5241 paramentum
745 5164 891 5241 eorporis,
913 5160 970 5225 laec
987 5162 1054 5260 jam¹
1075 5164 1106 5219 in
1126 5163 1262 5223 animam.
1306 5163 1378 5224 Esto
1400 5163 1457 5224 boc
1478 5160 1724 5249 inquibusdam,
1745 5170 1777 5222 at
1801 5163 1875 5241 quid
