4467 6192
539 618 602 682 884
948 611 989 666 De
1010 608 1275 681 configurationibus
1296 610 1475 667 Harmonicis.
1568 577 1577 591 ι

538 789 805 867 accommodatius,
825 791 972 869 jactatum
992 790 1088 871 lehnli
1109 806 1304 870 paroxysmo,
1336 792 1472 866 quamvis
1494 790 1621 866 incultu
1643 793 1758 853 aumas
1781 790 1885 863 vimis,

539 887 640 942 auctor
658 878 910 953 inflammationis,
931 898 951 938 s
972 885 1078 941 conatu
1100 895 1156 938 suo
1178 880 1320 949 remittet,
1350 881 1458 955 quippe
1481 877 1622 941 defuncta
1642 896 1696 941 suo
1718 896 1837 949 munere
1860 887 1887 939 et

538 968 661 1029 materia
681 965 776 1027 febrili
798 965 847 1025 vel
870 964 1030 1043 colliquata
1062 964 1110 1025 vel
1132 966 1229 1041 ejecta
1259 984 1296 1027 ex
1319 967 1430 1029 intimis
1460 964 1580 1025 sedibus
1611 984 1712 1027 versus
1735 969 1887 1039 exteriora,

539 1070 599 1115 non
621 1060 718 1115 tamen
741 1055 839 1113 statim
863 1056 942 1113 omni
965 1052 1062 1113 calore
1085 1051 1240 1135 liberatur;
1271 1053 1371 1113 haeret
1400 1056 1477 1117 enirn
1507 1056 1532 1112 is
1555 1055 1583 1115 in
1606 1056 1728 1115 materia
1749 1057 1887 1131 corporis,

540 1159 641 1213 earne,
666 1142 797 1214 ossibus,
820 1144 918 1201 nervis
940 1140 1007 1215 diu,
1031 1140 1130 1217 quoad
1152 1142 1215 1217 ipse
1238 1157 1356 1218 quoquo
1380 1148 1474 1201 tractu
1496 1143 1793 1219 temporiaexspiret.

625 1228 702 1289 Sunt
723 1230 811 1306 igitur
834 1228 1082 1299 haeharmoniae
1111 1245 1147 1289 ex
1165 1245 1270 1289 earum
1293 1244 1429 1302 numero,
1459 1240 1539 1305 quun=
1558 1247 1648 1305 snpra
1671 1246 1733 1311 cap.
1756 1233 1788 1291 θ.
1812 1228 1889 1289 dixi·

538 1333 605 1379 mua
627 1334 685 1375 non
707 1316 860 1393 subjacere
876 1316 1084 1394 ,providentiae
1106 1316 1233 1387 liberas,
1261 1314 1314 1377 sed
1335 1318 1510 1378 necessitate
1532 1325 1663 1389 motuum
1685 1318 1800 1379 misceri
1824 1334 1888 1377 curn

538 1403 659 1465 infinitis
680 1406 728 1463 sui
747 1407 863 1479 generis
886 1404 1062 1479 incongruis,
1086 1404 1192 1480 quibus
1215 1403 1300 1463 Deus
1321 1411 1432 1466 mentes
1456 1402 1609 1479 ordinarit,
1622 1424 1707 1481 onae
1724 1404 1801 1478 illas,
1824 1422 1890 1465 carra

539 1490 681 1565 incidunt,
701 1499 905 1567 agnoscerent,
950 1492 1043 1569 Atqui
1065 1490 1153 1566 louge
1175 1488 1285 1551 felicior
1307 1500 1352 1551 est
1373 1501 1478 1551 natura
1492 1491 1658 1553 sublunaris
1679 1492 1778 1566 inhia,
1801 1510 1889 1569 quem

540 1596 626 1639 aures
655 1581 683 1636 in
712 1587 814 1653 centu,
843 1577 1058 1655 dignoscendis.
1105 1576 1231 1636 Auditus
1260 1578 1336 1636 enim
1358 1595 1417 1637 non
1441 1577 1527 1639 valde
1556 1579 1717 1650 delectatur
1738 1578 1890 1645 harmonia

539 1667 674 1734 binarum
697 1683 820 1740 vocum,
851 1668 878 1725 si
901 1669 1030 1744 quinque
1053 1666 1130 1727 alise
1160 1665 1344 1727 dissonantes
1374 1666 1561 1743 obstrepant,
1588 1676 1691 1731 natura
1712 1667 1888 1741 sublimaris,

539 1762 659 1814 maneta
681 1755 830 1832 perpetuis
852 1755 1019 1830 incongruis
1042 1753 1330 1830 configurationibus,
1355 1770 1405 1813 sss
1428 1771 1480 1830 pro
1497 1753 1586 1815 nullis
1607 1756 1702 1827 habet,
1727 1758 1799 1831 quia
1820 1760 1889 1815 nori

539 1842 611 1905 nihil
632 1841 848 1915 animadvertit,
872 1842 900 1899 in
923 1841 1125 1909 harmonicum
1148 1859 1216 1903 raro
1239 1838 1378 1916 angulum
1401 1841 1444 1901 sic
1459 1850 1504 1901 eat
1520 1844 1642 1916 intenta,
1664 1858 1698 1903 ac
1719 1845 1745 1901 si
1765 1846 1794 1903 ia
1808 1843 1889 1903 solus

540 1937 628 1993 mast.
670 1928 722 1991 Sic
744 1946 811 1991 cum
832 1931 1051 2007 prognosticum
1074 1928 1195 2005 aliquod
1218 1927 1323 1991 millies
1346 1934 1439 2003 errat,
1463 1929 1621 2006 negligitur
1642 1937 1736 1993 tamen
1762 1930 1836 2005 hoe,
1860 1939 1890 1991 et

537 2008 566 2079 si
584 2017 677 2080 semsl
699 2034 822 2094 scopum
842 2018 970 2094 attingit,
994 2016 1051 2077 hoc
1073 2019 1214 2077 memoria
1236 2015 1357 2092 dignum
1379 2023 1527 2091 eruetur,
1551 2016 1608 2080 hoc
1628 2020 1890 2080 onmiumsernrn·

538 2105 625 2168 nibus
647 2103 819 2168 celebratur.
1648 2154 1651 2163 .

624 2192 669 2253 Ex
691 2192 738 2254 his
759 2194 847 2269 igitur
868 2190 993 2267 intelligi
1016 2190 1118 2265 detur,
1142 2189 1314 2252 harmonias·
1332 2192 1361 2249 in
1385 2190 1509 2251 vocibus
1532 2190 1650 2267 quidem
1677 2192 1796 2255 arbitrio
1819 2210 1892 2253 con-

539 2280 621 2356 stitui
643 2279 994 2363 cornilinquecauentis,
1025 2280 1056 2337 in
1076 2278 1193 2354 angulis
1217 2296 1287 2341 vero
1318 2278 1443 2341 radiosis
1474 2278 1556 2339 nullo
1579 2288 1700 2341 naturae
1723 2280 1892 2341 sublunaris

539 2366 677 2441 oonsilio,
700 2367 857 2429 eadmero
878 2369 1053 2438 necessitate
1075 2368 1253 2445 gnomonica
1274 2374 1408 2429 motuum
1429 2368 1593 2443 provenire.
1637 2368 1711 2427 Nam
1736 2370 1812 2443 quis
1834 2369 1891 2427 duo

539 2454 677 2533 planctae
697 2456 829 2531 separari
851 2452 958 2524 dehent
979 2471 1031 2531 per
1053 2456 1145 2517 totius
1159 2452 1333 2515 semicirculi
1356 2470 1409 2513 seu
1424 2452 1568 2529 mutinum
1587 2454 1648 2515 180
1669 2454 1891 2531 longitudinem,

539 2540 572 2615 tit
594 2544 777 2616 necessario,
806 2550 839 2601 nt
860 2543 921 2601 suis
944 2544 1031 2601 certia
1054 2542 1208 2602 momentis
1232 2544 1319 2603 etiam
1343 2541 1494 2619 particulis
1516 2541 1581 2618 ejus
1602 2540 1793 2615 harmonicis,
1826 2544 1890 2603 scil.

541 2631 591 2704 30,
617 2631 667 2703 60,
690 2631 750 2709 90,
774 2630 835 2691 lto
858 2635 913 2707 etc.
934 2628 1079 2705 graduum
1102 2628 1220 2689 distent.
1264 2628 1369 2705 ltaque
1390 2628 1561 2689 harmonice
1584 2640 1685 2689 cantus
1713 2638 1893 2706 quaeruntur

539 2719 618 2777 intus
640 2735 661 2778 a
682 2724 821 2791 meanto,
843 2716 1013 2777 harmoniae
1035 2716 1182 2777 radiorum
1205 2722 1411 2794 exspectantur
1433 2714 1542 2777 delens
1562 2735 1581 2776 a
1604 2725 1706 2801 cature
1729 2718 1891 2789 sublunari,

540 2805 733 2869 observantur
755 2821 820 2865 cum
841 2803 981 2878 incidunt,
1006 2804 1217 2882 dignoscuntur
1238 2822 1258 2865 a
1279 2821 1337 2863 non
1351 2794 1528 2865 harmonicis
1550 2800 1598 2886 (et
1613 2806 1657 2865 sie
1678 2806 1717 2869 ah
1732 2804 1786 2867 illa
1807 2824 1892 2867 annm

538 2894 781 2970 mancipiant)
804 2894 1045 2970 excipiunturque
1068 2899 1099 2953 et
1121 2890 1314 2969 applicantur.
1349 2891 1508 2967 xBreviter:
1538 2892 1782 2969 configurationes
1806 2910 1892 2972 prae-

540 2981 657 3054 cinant,
680 2988 787 3058 natura
807 2980 975 3050 sublunaris
996 2979 1087 3042 saltat
1107 2979 1147 3039 ad
1169 2978 1251 3057 leges
1273 2978 1361 3056 hujus
1385 2978 1558 3042 cantilenae.

627 3067 664 3127 V.
686 3066 1005 3143 Quintumdiscrimen
1028 3074 1073 3127 ost
1094 3066 1312 3143 quodammodo
1341 3065 1556 3129 accedendum
1578 3069 1683 3143 prime.
1724 3068 1790 3131 Nec
1811 3071 1892 3129 enirn

538 3154 694 3221 latitudine
716 3162 830 3218 tantum
852 3154 989 3215 differunt
1008 3153 1178 3218 hannomae
1208 3154 1298 3230 htrjraa
1327 3162 1357 3216 et
1378 3153 1580 3232 praecedentis
1605 3154 1687 3225 libri,
1717 3154 1771 3217 sed
1804 3160 1892 3217 etism

541 3243 642 3305 ordine
664 3250 850 3321 respectuum
873 3242 1067 3316 diversorum,
1102 3241 1209 3318 quihus
1239 3242 1350 3326 figurae
1370 3243 1566 3318 geometricas
1592 3244 1715 3317 g'rgnnnt
1738 3250 1893 3321 utnumeue

540 3348 634 3407 penus
655 3329 888 3394 harmonicorum
911 3333 1144 3406 proportionum,
1173 3331 1258 3389 tertio
1282 3347 1409 3406 namque
1432 3330 1507 3390 libro
1537 3331 1633 3407 potior
1658 3330 1714 3390 luit
1742 3342 1892 3408 nespeetna

538 3418 716 3492 scibilitatia,
737 3424 842 3494 quarto
865 3419 922 3477 isto
944 3418 1041 3495 potior
1062 3420 1119 3479 erit
1140 3418 1356 3494 congruentiae.
1401 3416 1461 3479 Sed
1482 3416 1518 3485 do
1541 3416 1596 3485 hoc
1611 3419 1713 3494 quinto
1728 3418 1893 3482 discrimina

537 3504 601 3582 jam
623 3523 689 3582 cap.
712 3507 742 3567 5.
766 3522 804 3566 ex
823 3505 956 3581 professo
978 3521 1116 3581 agemus,
1139 3506 1170 3563 in
1192 3504 1388 3583 explicatione
1409 3505 1601 3567 automatum.

1114 3734 1256 3809 CAPUT
1283 3736 1320 3809 V.

415 3899 420 3909 ¹
540 3881 590 3936 Da
612 3882 725 3938 causis
749 3845 954 3937 efficacium
980 3880 1313 3952 conlignrstlon=m‚
1347 3892 1532 3953 earumque
1558 3897 1694 3937 numero
1711 3890 1747 3937 et
1774 3884 1894 3938 ordine

1134 3970 1303 4037 graduum.
1360 3994 1364 4003 ·
1428 4002 1430 4009 =

627 4114 821 4176 Definitio
843 4114 869 4175 1.
914 4113 1162 4190 configurationis
1178 4132 1237 4175 vox
1252 4118 1375 4178 munitur
1397 4134 1450 4194 pro
1465 4118 1599 4179 hinorum
1613 4114 1767 4189 radiomm,
1792 4117 1893 4193 cnius-

541 4220 600 4279 qne
619 4220 640 4263 a
658 4202 780 4278 planeta
800 4220 856 4262 suo
878 4200 1098 4275 daaeendentis,
1128 4202 1237 4278 angulo
1260 4204 1329 4277 illo,
1360 4222 1420 4280 quo
1442 4205 1551 4281 angulo
1574 4202 1649 4264 radii
1671 4202 1717 4261 hic
1747 4206 1777 4263 in
1801 4203 1894 4263 'lena

541 4286 637 4371 (quas
659 4294 760 4367 puncti
781 4293 926 4363 rationem
945 4290 1051 4363 habet)
1074 4294 1195 4364 codunt3
1219 4290 1266 4350 vel
1290 4290 1369 4368 quod
1392 4292 1496 4354 eodem
1510 4292 1594 4364 redit,
1617 4292 1740 4351 sumitur
1756 4308 1892 4368 proarcu

541 4376 642 4439 ciculi
663 4381 779 4454 magni,
808 4379 839 4438 in
861 4377 983 4439 reduco
1006 4376 1160 4454 descripti,
1192 4379 1243 4453 qui
1270 4396 1354 4442 urens
1377 4397 1514 4443 mensure
1534 4383 1572 4441 sit
1601 4377 1672 4439 dicti
1693 4379 1809 4455 munli,
1840 4394 1892 4441 aaa

542 4482 629 4541 quem
652 4482 751 4546 arcum
774 4466 836 4528 bini
856 4464 992 4543 planetae
1015 4482 1170 4541 corporum
1191 4482 1318 4525 suornm.
1334 4467 1460 4543 objectu.
1476 4470 1637 4535 terminare
1652 4473 1681 4527 et
1696 4470 1784 4542 quasi
1806 4484 1891 4545 prae·

543 4551 640 4616 cidare
661 4554 748 4614 nobis
771 4553 915 4626 turicella
936 4552 1081 4613 ridentur.
1644 4570 1646 4575 ’

628 4686 784 4743 Notandmn
801 4686 890 4757 primo
909 4686 1082 4742 de‘nomlne:
1104 4686 1280 4742 Ptolemaeus
1305 4688 1333 4742 in
1352 4688 1564 4759 quadripartito,
1587 4690 1614 4745 in
1634 4690 1720 4759 Opere
1738 4704 1837 4757 mapno
1855 4688 1891 4743 in.

541 4780 597 4836 qno
608 4765 781 4823 Harmonlcis
793 4780 984 4835 ηᾳματιομους
1000 4765 1135 4834 appellnt,
1160 4764 1232 4833 quod
1245 4764 1349 4820 Arabes
1368 4774 1496 4837 aspectus
1514 4774 1664 4835 vertemnt3
1688 4767 1767 4836 quasi
1784 4766 1891 4821 schema

542 4843 579 4898 ait
594 4842 667 4897 iden
683 4843 758 4912 qnod
775 4845 874 4914 saltus,
893 4844 992 4913 latiam
1015 4844 1089 4914 qnod
1107 4844 1190 4899 mam
1207 4848 1302 4897 noster
1319 4842 1512 4901 Teutonismns
1529 4845 1627 4912 habet,
1645 4846 1691 4913 qni
1708 4845 1807 4899 faelem
1825 4844 1890 4899 solet

542 4930 682 4987 nominare
698 4928 751 4987 hat
768 4926 915 5005 unm,
930 4937 1071 5001 aspectum
1086 4938 1116 4986 ot
1127 4934 1335 5000 pertenentem
1347 4932 1498 5001 schemata,
1516 4932 1597 4989 faciel
1609 4932 1729 4997 obtenta,
1749 4924 1888 5001 Utuntur,

542 5023 614 5079 qnae
631 5008 694 5065 Itali
711 5010 860 5069 Mauras.
895 5011 1035 5067 inventur
1049 5018 1144 5066 tames
1161 5020 1188 5067 ct
1206 5026 1259 5071 vox
1277 5018 1465 5080 reponsum,
1493 5024 1562 5079 quas
1577 5024 1638 5072 non
1650 5017 1757 5065 tantam
1775 5024 1810 5064 ex
1827 5010 1887 5063 tra·

541 5088 610 5148 ateis
626 5095 758 5159 sanaem
772 5090 917 5160 satiant,
933 5090 984 5151 aad
1002 5090 1084 5152 eh‘sn
1100 5090 1167 5150 onai
1181 5096 1309 5151 meteres
1327 5091 1410 5155 latias
1426 5088 1540 5149 intuitus
1562 5096 1592 5145 st
1609 5086 1837 5157 ripas-inmensis
1850 5084 1888 5139 ἃ
