4467 6192
880 699 964 757 biber
980 701 1013 757 V.
1042 701 1132 773 eaput
1148 701 1195 759 IX.
1649 705 1712 768 tlt

359 881 502 956 Vneris,
531 884 575 944 sic
590 887 631 941 nt
661 882 781 959 propris
801 879 949 942 Morenrli'
961 879 1043 944 deret
1064 881 1194 958 perlecta
1215 877 1285 966 ‘tv
1317 890 1347 942 et
1369 884 1413 942 sio
1435 878 1462 966 Q
1485 890 1609 960 utroque
1630 889 1712 942 motu

359 987 425 1030 erm
448 973 538 1031 maleo
559 968 701 1048 mribelio
725 969 849 1032 Veneria
869 967 1067 1030 concordaret
1136 1009 1138 1016 ,

446 1079 519 1134 Nam
544 1076 608 1147 quia
626 1076 736 1132 Saturni
762 1075 888 1146 aphelius
915 1093 977 1132 cnm
1002 1075 1112 1146 ephebo
1132 1075 1248 1132 Telluris
1267 1077 1431 1134 concordare
1450 1077 1559 1150 debuit,
1586 1075 1713 1150 planetae

357 1154 458 1212 exn-i
474 1155 579 1225 upum
604 1170 671 1212 suso
688 1155 886 1228 &sumpti
902 1163 931 1210 et
956 1155 1082 1214 otmunt
1100 1173 1162 1212 cunr
1180 1153 1314 1228 Telluris,
1342 1171 1412 1228 quae
1438 1157 1584 1226 figurarum
1601 1161 1713 1218 ‘classes

358 1233 671 1304 Madnssnit'sltissimo:
690 1235 815 1304 sequitur
831 1235 937 1306 legibus
955 1237 1153 1306 oppositorum,
1171 1241 1203 1292 ut
1213 1234 1342 1309 Mercurii
1355 1236 1505 1305 peribolins
1522 1239 1713 1308 crudelioris

357 1313 492 1384 permelio
510 1314 659 1386 conspiret,
678 1313 926 1386 qnippoplnnetse
943 1315 1030 1372 intimi
1044 1316 1151 1393 ἐμω
1170 1327 1236 1373 snae
1254 1315 1377 1386 inrorlpti
1396 1323 1424 1372 et
1441 1315 1713 1388 humillimi-solique

358 1392 526 1462 rimuissimi,
545 1410 606 1452 cnm
618 1392 745 1462 Telluris,
763 1395 838 1464 sepis
849 1393 924 1450 illius
933 1399 1093 1464 communis,
1111 1403 1187 1453 motu
1200 1393 1365 1453 humillimo!
1384 1395 1424 1452 iili
1434 1394 1588 1466 quidemad
1608 1395 1713 1464 tuno,

358 1471 388 1526 bi
404 1469 442 1524 sd
460 1469 542 1525 molle
560 1470 761 1528 harmoniarum
779 1489 866 1544 genus
884 1472 1089 1542 designandum,
1107 1490 1158 1544 per
1174 1492 1253 1548 prop.
1274 1476 1307 1531 33
1325 1482 1353 1530 et
1371 1475 1412 1534 et
1440 1474 1495 1532 Sed
1512 1475 1626 1532 Veneris
1643 1476 1714 1546 peri·

289 1541 296 1555 ⁸
359 1549 451 1604 helius
470 1566 531 1604 cum
548 1548 667 1606 Telluris
684 1551 817 1620 peribolio
835 1549 1001 1621 concordare
1020 1552 1115 1611 debuit
1131 1555 1159 1610 iu
1178 1549 1319 1610 harmonia
1338 1549 1386 1624 li„
1410 1551 1621 1626 perpremit,
1649 1570 1713 1623 ergo

360 1629 443 1682 etiam
462 1627 609 1696 peribolins
628 1629 755 1684 Mercurii
774 1647 834 1685 cum
852 1631 984 1700 perihelio
997 1630 1110 1688 Veneris
1130 1631 1158 1688 in
1177 1649 1259 1689 unam
1276 1634 1377 1692 scalem
1396 1633 1490 1704 debuit
1508 1633 1712 1704 contemperari.

359 1707 430 1762 Erat
448 1721 515 1762 rero
531 1705 609 1778 pro‘p.
627 1709 672 1764 12.
691 1724 725 1764 ex
750 1710 886 1780 prioribus
913 1709 967 1766 illis
994 1703 1145 1768 rationibus
1173 1713 1285 1770 definita
1301 1713 1416 1768 Veneris
1436 1721 1464 1769 et
1481 1708 1609 1767 Mercurii
1628 1712 1713 1767 direr-

358 1788 485 1856 'gentium
502 1781 642 1842 bermonis'
663 1788 707 1858 ¹i„
726 1788 773 1843 ills
792 1804 856 1858 erpo
871 1790 928 1858 jem
946 1806 997 1859 per
1012 1792 1063 1846 bas
1081 1790 1247 1861 posteriores
1265 1791 1385 1848 ratlories
1397 1789 1448 1848 fuit
1466 1787 1652 1846 fermentanda
1670 1806 1713 1846 ac·

358 1868 486 1922 memore
503 1868 589 1922 tou'm
606 1867 741 1922 intervelli
758 1869 878 1924 Veneria
915 1869 977 1924 Mon
1002 1869 1088 1938 lpitsr
1109 1869 1226 1938 amplius
1254 1869 1288 1924 ab
1312 1869 1437 1940 aphelio,
1465 1870 1514 1925 sed
1539 1883 1556 1924 a
1582 1867 1713 1938 peribello

359 1945 479 2000 Veneris
495 1944 531 1999 sd
547 1947 708 2015 perihelinm
725 1948 856 2003 Mercurii
872 1954 915 2004 est
927 1947 1057 2017 perlecta
1073 1947 1256 2018 disdiapason.
1291 1949 1375 2018 Atqui
1393 1950 1475 2005 etiem
1494 1948 1712 2017 consurgentium

360 2024 505 2082 hermonis
524 2025 557 2094 ³i,
576 2026 700 2096 perfecta
717 2035 768 2095 est,
786 2042 836 2096 per
852 2041 929 2095 prop.
948 2029 991 2083 1⁵.
1028 2029 1071 2084 Ea
1087 2029 1172 2098 igitru
1190 2026 1330 2084 subtracta
1347 2027 1381 2084 ab
1405 2030 1449 2097 li„
1466 2033 1553 2084 restat
1572 2027 1622 2082 soli
1640 2027 1711 2090 Mer·

359 2103 439 2160 curio
455 2105 567 2174 propria
584 2105 630 2176 li„
647 2107 729 2162 uiam
746 2107 876 2176 perfecta
894 2121 948 2161 uon
967 2122 1033 2162 sero
1050 2107 1167 2176 amplius
1185 2109 1226 2175 (nt
1242 2123 1321 2176 prop.
1334 2107 1376 2164 16.
1395 2117 1445 2176 per
1461 2105 1566 2177 priores
1583 2105 1712 2172 rstioncri

361 2179 497 2240 ᾱὶιιιὶιιιιιιι
513 2184 690 2254 proportione
708 2184 821 2246 Veneris
838 2185 956 2254 propria.
1018 2200 1023 2211 ·

447 2279 512 2336 Alia
527 2280 605 2338 rado.
635 2279 711 2337 Sicca
729 2282 875 2338 Saturnum
892 2279 1031 2336 ctionem
1048 2279 1124 2347 solos
1141 2279 1261 2336 exterius
1278 2280 1434 2338 nullatenus
1451 2281 1613 2360 contingunt
1630 2279 1713 2336 dode·

360 2359 482 2416 metron
498 2366 527 2414 et
543 2358 696 2416 icosiedron
713 2359 890 2428 conjuratae,
907 2357 949 2413 sic
965 2357 1077 2425 eaedem
1094 2359 1260 2424 Mercurium
1279 2358 1366 2418 solum
1383 2359 1498 2416 interius
1516 2375 1570 2414 non
1589 2366 1712 2428 ungunt,

359 2445 479 2506 tnnpnnt
495 2455 522 2492 n.
540 2439 670 2508 Martem,
688 2438 825 2499 Tellurem
842 2443 871 2492 et
888 2437 1029 2506 Venerem,
1047 2435 1123 2492 illum
1141 2436 1226 2507 intus,
1244 2437 1317 2495 banc
1335 2445 1428 2507 extra,
1446 2439 1562 2496 mediam
1580 2437 1714 2508 suisque.

360 2515 440 2570 Sicut
456 2516 540 2584 igitur
557 2517 584 2572 in
602 2516 727 2586 proprias
745 2508 936 2586 proportiones
954 2522 1075 2588 motuum
1094 2512 1204 2570 Saturni
1222 2523 1250 2570 et
1267 2515 1361 2584 Jovis,
1379 2517 1425 2585 qui
1443 2517 1513 2572 cubo
1531 2523 1560 2571 et
1576 2515 1714 2572 tetrabdre
1808 2549 1811 2564 ›

359 2594 425 2648 inlri
442 2602 515 2662 suut,
534 2595 698 2652 distributim
715 2596 836 2651 additum
855 2604 897 2650 est
915 2593 1017 2664 aliquid
1035 2593 1148 2664 aequale
1166 2593 1436 2666 propriaeveneris:
1457 2595 1496 2650 sic
1511 2594 1568 2666 jam
1586 2595 1714 2666 propriae

359 2673 493 2728 Mercurii
510 2673 632 2744 solitarii,
650 2676 696 2746 qui
715 2673 850 2740 octaedro,
870 2672 932 2730 cubi
951 2679 979 2727 et
995 2671 1125 2728 tetreedri
1144 2673 1218 2728 socia
1235 2673 1322 2742 ligura
1339 2677 1501 2746 continetur,
1521 2675 1651 2732 accedere
1670 2674 1715 2733 de·

358 2751 422 2806 buit
439 2754 613 2808 tantondem:
633 2755 734 2824 quippe
752 2755 822 2810 sicut
840 2752 995 2823 octaedron,
1014 2751 1102 2824 ligura
1121 2753 1201 2809 unica
1212 2753 1283 2808 inter
1296 2753 1477 2821 secundariae,
1496 2755 1580 2813 vicenr
1598 2753 1716 2811 sustinet

360 2829 487 2898 duarum,
505 2830 568 2886 cubi
578 2839 606 2885 et
614 2831 744 2888 tetrsedrl
762 2830 833 2886 iuter
850 2830 999 2901 primarias,
1018 2831 1052 2884 de
1071 2846 1125 2901 quo
1144 2831 1204 2887 ride
1223 2847 1282 2900 cap.
1302 2834 1327 2900 1,
1346 2831 1384 2888 sic
1404 2834 1485 2888 etiem
1503 2834 1575 2890 iuter
1591 2832 1715 2904 planetas

358 2908 504 2964 inferiores
521 2925 591 2965 unns
609 2910 761 2965 Mercurius
781 2916 823 2964 est
841 2905 901 2992 logo
920 2907 1035 2963 duorum
1053 2925 1087 2964 ex
1105 2909 1299 2980 superioribus,
1320 2911 1429 2968 Saturni
1446 2912 1550 2968 scilicet
1567 2918 1595 2966 et
1612 2910 1697 2966 Joris.

450 2995 557 3062 Tertio,
585 2998 656 3055 sicut
673 2997 808 3053 Saturnus
826 2995 973 3052 altissimus
998 3011 1048 3066 per
1067 2995 1171 3066 aliquot
1190 2995 1339 3066 diapason,
1365 2999 1418 3055 boc
1436 3006 1478 3056 est
1495 3000 1523 3055 in
1540 2987 1716 3069 proportione

363 3076 409 3144 ¹i„
429 3077 558 3132 condnue
577 3076 666 3148 dupla,
686 3075 851 3131 concordare
865 3074 960 3130 debuit
976 3073 1085 3142 spbelio
1104 3089 1153 3128 suo
1166 3081 1250 3142 motu,
1271 3091 1331 3130 cum
1345 3074 1467 3148 duorum,
1486 3078 1532 3150 qui
1551 3092 1636 3148 genna
1653 3073 1714 3132 bar·

361 3157 474 3212 monise
492 3164 610 3226 mutam,
621 3150 733 3211 'altioris
753 3156 858 3225 sibique
875 3155 1010 3227 propioris
1029 3163 1103 3208 motu
1124 3153 1203 3208 etiam
1224 3153 1346 3226 aphelio,
1370 3172 1419 3226 per
1437 3173 1515 3226 prop.
1534 3156 1581 3223 31,
1600 3153 1640 3209 sic
1657 3151 1715 3210 rice

359 3249 443 3289 versa
457 3233 611 3291 Mercurius
634 3235 800 3291 humillimus
826 3249 933 3290 rursum
959 3238 1009 3301 per
1035 3232 1139 3301 aliquot
1167 3231 1318 3302 diapason,
1349 3231 1464 3288 bein
1488 3229 1715 3306 proportione-i,
1797 3237 1806 3264 ’

359 3313 446 3368 etism
465 3313 592 3369 continue
611 3313 703 3383 dupla,
722 3313 887 3390 concordare
905 3310 999 3370 debuit
1015 3311 1148 3382 perihelio
1167 3327 1216 3366 suo
1235 3320 1310 3368 motu
1329 3328 1391 3369 cum
1410 3313 1538 3384 duorum,
1566 3311 1611 3382 qui
1630 3327 1715 3382 ponus

359 3393 522 3448 barmoniae
539 3401 663 3458 mutant,
691 3393 827 3449 inferioris
846 3392 953 3462 sibique
971 3392 1094 3447 similiter
1120 3390 1253 3462 propioris
1272 3400 1347 3448 motu
1373 3391 1513 3462 perihelio.
1551 3391 1653 3460 Quarto
1672 3407 1716 3448 su·

359 3472 501 3542 periurum
519 3472 601 3526 trium
619 3471 761 3542 Satmuns,
780 3471 896 3541 Jupiter,
915 3473 990 3530 Mars
1008 3469 1107 3539 singuli
1125 3477 1231 3528 tautum
1249 3469 1363 3526 extremi
1382 3470 1539 3540 conspirent
1556 3469 1591 3526 ed
1609 3469 1715 3526 harmo-

359 3552 423 3604 niae
441 3546 625 3620 universales,
651 3549 785 3608 inferioris
802 3551 886 3618 igitur
903 3558 931 3606 et
949 3549 1036 3608 unici.
1059 3549 1186 3606 Mercurii
1205 3565 1243 3606 sc.
1264 3550 1344 3605 ambo
1363 3551 1477 3604 extremi
1495 3550 1652 3622 conspirare
1670 3547 1716 3604 de·

359 3631 484 3685 buerunt
495 3628 530 3683 sd
542 3628 662 3683 easdem:
681 3645 741 3683 nem
755 3630 844 3699 medii,
863 3628 956 3685 Tellus
969 3636 996 3682 et
1009 3629 1109 3698 Venus,
1128 3643 1214 3697 genus
1227 3628 1427 3683 harmoniarum
1439 3635 1544 3684 mutare
1558 3628 1717 3694 debuerunt,

255 3764 256 3771 ,
358 3723 414 3780 per
431 3723 509 3777 prop.
526 3707 568 3775 33,
588 3707 629 3762 dl.
665 3707 790 3777 Denique
807 3708 836 3764 in
852 3709 924 3780 bigis
950 3708 1036 3763 tribus
1056 3708 1226 3780 superiorum
1253 3709 1377 3763 inventae
1401 3709 1466 3763 subt
1482 3709 1639 3766 barmoniae
1656 3725 1717 3780 per·

359 3787 454 3842 lectae
470 3786 541 3841 iuter
559 3794 751 3856 conserpentes
769 3795 877 3852 motus,
905 3786 1085 3842 fermentatae
1103 3801 1167 3842 sero
1193 3786 1264 3841 luter
1283 3786 1452 3855 diverpentes
1472 3796 1500 3842 et
1517 3787 1644 3858 propriae
1663 3787 1716 3844 siu-

359 3864 503 3936 guiorunr:
531 3863 559 3919 ln
577 3864 646 3936 bim‘s
664 3864 749 3935 igitur
765 3865 870 3921 duabus
887 3863 1045 3920 inferiorum
1061 3865 1119 3919 vice
1137 3879 1216 3920 versa
1233 3880 1289 3920 nou
1307 3866 1377 3920 inter
1396 3871 1590 3936 converguntes
1608 3865 1716 3938 potissi-

360 3959 455 4010 mum,
483 3957 534 3997 nec
552 3945 623 3998 inter
641 3943 826 4011 diverpentes,
853 3943 901 4000 sed
927 3945 999 4000 iuter
1025 3941 1147 4010 ejusdem
1175 3941 1272 4014 plagae
1290 3949 1381 3998 motus
1403 3943 1540 4013 perlectae
1559 3943 1717 4000 hermoniae

363 4020 483 4090 reperiri
509 4021 669 4078 debuerunt.
715 4025 753 4078 Et
779 4023 843 4093 qnia
865 4021 969 4078 Telluri
995 4027 1023 4076 et
1047 4020 1148 4076 Veneri
1171 4021 1241 4075 duae
1266 4022 1404 4090 perlectae
1430 4021 1609 4093 debebantur,
1633 4039 1717 4094 quare

359 4099 447 4154 etiam
466 4095 564 4156 Veneri
585 4109 613 4155 et
627 4101 764 4155 Mercurio
783 4102 854 4156 duae
880 4099 1051 4156 debebantur
1067 4100 1214 4170 perfectae.
1251 4100 1288 4154 Et
1305 4099 1345 4154 illi
1364 4096 1473 4170 quidem
1492 4100 1545 4157 duo
1573 4108 1629 4157 tarn
1647 4103 1717 4158 inter

360 4176 490 4246 aphelios
507 4180 656 4258 perlectam
674 4180 765 4235 sortiri
783 4179 952 4249 debuerunt,
980 4189 1062 4251 quam
1079 4180 1150 4235 inter
1176 4177 1339 4248 perihelios,
1368 4179 1432 4249 quia
1456 4196 1542 4249 genus
1560 4181 1717 4241 harmoniae

358 4263 472 4313 mutare
489 4255 653 4313 debuerunt:
680 4257 772 4314 Venus
789 4275 854 4316 vero
872 4266 900 4314 et
918 4257 1080 4327 Mercmius,
1098 4263 1195 4327 utpote
1213 4271 1299 4326 genus
1317 4255 1480 4315 'harmoniae
1498 4276 1553 4314 nou
1571 4265 1715 4328 mutantes,

358 4351 419 4390 non
438 4335 520 4389 edam
537 4335 713 4404 requirebant
729 4336 866 4407 periectas
884 4337 956 4391 inter
974 4344 1116 4404 utramque
1135 4335 1234 4406 bigam,
1253 4343 1307 4392 tam
1325 4336 1495 4412 apheliorum
1514 4355 1594 4407 quam
1611 4335 1716 4407 peribe

356 4413 463 4468 liorunr
480 4420 615 4481 motuum,
633 4412 681 4469 sed
700 4416 832 4471 successit
849 4431 898 4484 pro
918 4414 1059 4469 harmonia
1078 4413 1201 4485 perlecta
1218 4413 1399 4483 apheliorum,
1419 4421 1450 4469 ut
1468 4430 1539 4484 quae
1557 4409 1717 4471 fermentate

353 4493 418 4562 jam
435 4491 497 4560 init,
515 4490 655 4548 harmonia
672 4493 793 4564 perlecta
811 4492 1043 4562 converguntinm,
1070 4498 1102 4549 nt
1121 4493 1193 4549 sicut
1208 4491 1310 4562 Venus,
1330 4491 1485 4547 inferiorum
1504 4493 1635 4570 superior,
1654 4510 1716 4564 pro·

356 4572 451 4643 priam
469 4577 590 4626 motuum
607 4573 812 4642 proportionem
829 4571 912 4628 babet
927 4571 1064 4626 minimum
1083 4573 1218 4642 omnium,
1245 4585 1295 4642 per
1312 4587 1388 4641 prop.
1408 4572 1459 4641 28,
1486 4572 1655 4648 Meruprius,
1673 4570 1715 4627 iu·

356 4651 495 4706 seriorum
511 4648 630 4722 inferior,
649 4654 851 4723 proportionem
869 4651 1005 4723 propriam
1023 4651 1297 4707 maximam'omuinm
1317 4650 1429 4722 sortitus
1448 4655 1498 4716 est,
1515 4665 1565 4720 per
1576 4666 1654 4722 prop.
1668 4651 1714 4721 30,

335 4781 339 4787 ,
356 4731 401 4787 sie
424 4730 505 4784 mam
522 4731 632 4800 propris
648 4731 763 4787 Veneris
780 4733 899 4787 omnium
916 4730 1088 4802 propriarum
1105 4737 1180 4784 esset
1197 4726 1431 4798 imperfectissima
1448 4731 1496 4783 e‘eu
1515 4729 1549 4784 ab
1567 4729 1715 4800 harmoniis

329 4808 562 4878 „renodssima3
589 4812 700 4882 propria
727 4823 791 4866 vero
808 4809 938 4866 Mercurii
965 4809 1083 4865 omnium
1109 4799 1280 4879 propriarum
1308 4807 1521 4878 perfectissime,
1548 4807 1576 4863 id
1595 4815 1637 4864 cst
1653 4805 1715 4865 irar-

355 4885 457 4942 monia
474 4885 600 4943 absoluta
618 4887 677 4942 sine
695 4883 888 4956 ferment03'ct
906 4885 946 4941 sic
962 4885 1072 4940 taudem
1090 4885 1210 4954 undique
1227 4885 1346 4941 rationes
1365 4889 1458 4941 essent
1475 4887 1623 4966 oppositae.
1689 4889 1694 4900 ’

453 4987 505 5050 Sic
525 4993 607 5066 crum
629 4990 791 5067 mappalia
817 4990 985 5067 supientiae
1005 4977 1084 5065 suoc'
1102 4984 1256 5046 decorauit
1277 4988 1320 5061 ir,
1350 4989 1408 5063 qui,
1426 4994 1469 5048 ert
1490 4994 1564 5048 onte
1581 4987 1714 5061 occultes

356 5084 390 5137 ct
411 5092 511 5152 saproc
530 5079 566 5136 ira
586 5079 738 5140 recalva:
768 5077 846 5138 nibil
867 5073 1032 5148 rodenda,
1060 5073 1140 5143 nibil
1168 5073 1276 5151 delicit,
1306 5091 1361 5134 nce
1388 5075 1472 5137 non·
1501 5082 1543 5136 at
1571 5091 1715 5136 murac

358 5166 561 5241 *iimm-
618 5161 1714 5243 WMWWWWWWWMM
