4467 6192
533 662 593 723 tae
968 656 1011 712 De
1027 655 1253 725 Propontiouibua
1270 654 1447 713 Harmonicis.

529 837 594 896 sire
615 834 731 896 nobiles
754 837 820 909 siut,
844 836 907 895 sire
929 835 1084 913 ignobiles,
1107 838 1171 894 sire
1195 835 1310 909 diuites,
1336 836 1400 895 sivo
1424 850 1576 915 pauperes.
1622 833 1735 911 Quodsi
1757 845 1813 911 qua
1833 850 1873 893 res

416 943 418 946 ·
531 929 584 997 est,
608 940 685 1000 quae
709 940 767 982 uon
789 925 898 1000 patitur
921 920 1096 983 divisionem
1119 924 1196 982 inter
1217 923 1426 995 multos,·eam
1448 921 1584 999 populus.
1601 920 1664 981 vult
1685 924 1790 992 sortiri,
1812 924 1874 997 quia

529 1028 592 1070 sors
616 1027 705 1071 casca
727 1017 779 1084 est,
803 1026 862 1069 nou
885 1012 1084 1070 intumescens
1106 1010 1236 1070 nobilem
1262 1011 1300 1070 ab
1316 1010 1448 1085 ignobili,
1472 1010 1591 1068 divitem
1614 1026 1784 1085 apaupere,
1808 1010 1874 1068 bene

529 1100 664 1175 meritum
687 1099 726 1157 ab
750 1100 903 1170 immerito,
926 1099 1026 1156 virtuti
1051 1095 1181 1157 deditum
1205 1116 1223 1156 a
1246 1100 1363 1169 vitioso,
1387 1099 1570 1174 ingeniosum
1594 1116 1612 1155 a
1635 1097 1763 1174 stupido.
1807 1096 1874 1154 Τιιιιι

532 1184 649 1246 demum
670 1188 748 1245 enim
771 1186 878 1262 aliquis
902 1202 934 1244 se
957 1192 1042 1262 putat
1065 1187 1185 1261 aequari
1209 1186 1329 1258 aetatis,
1360 1187 1384 1242 sl
1409 1200 1474 1243 cum
1498 1186 1533 1243 lis
1556 1186 1674 1244 sortitur
1691 1201 1793 1261 super
1813 1183 1876 1241 tali-

529 1274 594 1349 bus,
617 1274 682 1333 sire
701 1273 765 1349 jam
788 1274 867 1334 bona
888 1275 952 1332 sire
975 1273 1053 1332 mala
1076 1283 1153 1333 sorte
1177 1272 1364 1349 adipiscatur.
1411 1270 1466 1331 Ubi
1489 1274 1576 1331 sortis
1592 1270 1657 1331 loco
1680 1278 1876 1347 possuntesse

534 1363 621 1420 stiam
645 1361 706 1420 alia
728 1360 897 1437 acquirendi
917 1360 1031 1432 media,
1053 1370 1086 1419 ut
1109 1363 1133 1418 si
1158 1360 1263 1420 electio
1284 1361 1469 1436 permittatur
1492 1362 1527 1431 ei,
1552 1360 1635 1436 cnjus
1658 1359 1731 1417 nihil
1754 1360 1877 1430 interest,

529 1455 581 1508 aut
602 1450 653 1526 qni
675 1461 816 1526 personas
837 1465 896 1508 non
918 1450 1062 1525 respicere
1085 1446 1219 1508 creditur.
1265 1448 1312 1505 lta
1333 1447 1444 1506 Romae
1467 1448 1637 1507 consulatus
1660 1458 1721 1506 erat
1752 1462 1878 1506 commu-

531 1538 575 1595 nis
598 1538 727 1597 omnium
750 1538 822 1595 certi
844 1536 954 1595 ordinis
977 1553 1102 1611 eumque
1126 1536 1234 1595 licebat
1257 1542 1356 1612 petere
1384 1552 1401 1593 a
1424 1535 1549 1611 populo,
1579 1544 1689 1594 utnon
1718 1532 1878 1610 largitioni-

530 1625 600 1697 bus,
631 1642 668 1683 ne
691 1631 922 1709 corrumperetur
944 1622 1070 1701 populus
1098 1630 1127 1682 et
1156 1623 1262 1683 divites
1284 1622 1498 1698 praeferrentur
1528 1622 1719 1685 tenuioribus.
1766 1622 1857 1681 Etsi
1851 1638 1876 1677 ιιι

530 1711 587 1770 hoc
609 1727 680 1771 casu
704 1713 794 1770 tacito
811 1723 963 1771 consensu
986 1711 1140 1787 respicitur
1163 1686 1265 1770 virtus'
1284 1710 1378 1786 deque
1402 1726 1437 1769 ca
1460 1717 1490 1769 et
1513 1709 1549 1769 de
1572 1710 1781 1771 benemeritis
1801 1708 1879 1786 jndi-

530 1800 608 1858 cium
629 1801 817 1875 permittittur
838 1796 957 1875 populo.

619 1886 643 1943 li
667 1888 829 1959 contrario,
852 1888 928 1945 sicut
950 1888 980 1942 in
1003 1887 1165 1961 geometria
1194 1901 1330 1944 excessus
1352 1900 1535 1943 nnurerorum
1558 1850 1756 1943 assimilantur
1778 1900 1880 1943 uume-

529 1975 568 2032 ris
590 1974 671 2051 ipsis,
693 1981 728 2033 ut
750 1960 873 2050 maguus
895 1990 1032 2032 numerus
1054 1987 1193 2047 magnum
1216 1972 1324 2032 habeat
1346 1988 1515 2046 urceorum,
1538 1988 1649 2049 parvus
1672 1988 1812 2050 parvum,
1841 1974 1879 2030 sic

529 2061 558 2118 in
581 2065 754 2138 optimatum
776 2078 836 2165 rep.
861 2060 1079 2150 distinguuntur
1106 2076 1263 2137 personae,
1296 2059 1514 2137 distinguuntur
1545 2068 1574 2119 et
1601 2072 1707 2133 unere,
1741 2061 1879 2137 praemia,

531 2150 729 2224 magistratus,
754 2148 867 2220 munia,
892 2157 921 2208 et
943 2135 1209 2226 praestantissima
1218 2155 1403 2207 reservantur
1425 2148 1632 2223 optimatibus,
1656 2146 1770 2224 reliqna
1793 2147 1881 2208 reliu-

529 2243 657 2312 quuutur
684 2236 805 2314 populo.
851 2233 908 2295 Ubi
939 2252 1060 2295 necesse
1090 2243 1151 2307 est,
1183 2238 1303 2293 seorsim
1332 2237 1405 2295 inter
1433 2236 1565 2311 singulas
1594 2235 1737 2296 lectiones
1767 2235 1881 2293 admitti

530 2324 619 2383 edam
641 2322 856 2384 arithmeticam
878 2325 1112 2403 prpportionem3
1144 2320 1355 2395 dariaeque,
1386 2341 1461 2401 qnae
1485 2331 1553 2383 stunt
1575 2322 1695 2400 populi,
1727 2325 1882 2383 sortientur

529 2427 639 2481 omues,
663 2412 713 2486 qui
736 2418 804 2469 sunt
827 2413 855 2468 in
878 2411 1006 2488 populo,
1038 2408 1073 2469 de
1096 2410 1146 2483 iis,
1171 2427 1247 2485 quae
1271 2412 1457 2485 optimatum,
1483 2428 1582 2468 ornnes
1607 2412 1774 2487 optimates.
1820 2410 1882 2469 Nisi

529 2500 607 2558 caim
628 2496 686 2578 hoc
707 2497 767 2571 fiat,
798 2500 931 2575 perpetui
955 2500 1038 2557 erunt
1067 2498 1155 2561 etiam
1179 2498 1207 2554 in
1231 2496 1341 2576 populo
1371 2498 1479 2574 gradus
1511 2500 1698 2575 optimatum,
1729 2496 1882 2573 usquead

528 2587 618 2644 imam
633 2584 741 2663 ‘populi
764 2584 891 2659 faecem,
921 2587 1052 2663 perpetui
1077 2587 1165 2645 stiam
1189 2586 1263 2645 inter
1287 2585 1457 2661 optimates,
1487 2603 1581 2662 nsque
1610 2585 1647 2645 ad
1676 2584 1748 2662 reip.
1774 2587 1883 2663 princi-

530 2690 611 2749 pem;
635 2691 694 2749 qua
716 2674 827 2733 ratione
851 2690 926 2749 resp,
951 2689 1008 2731 uon
1032 2674 1102 2747 erit,
1126 2673 1177 2732 aad
1200 2674 1311 2748 regium
1336 2674 1463 2738 civitatis
1487 2692 1588 2751 genus.
1649 2681 1653 2690 ‘

616 2758 727 2835 Regius
751 2778 819 2820 vero
842 2768 949 2833 status,
974 2761 1028 2820 etsi
1052 2759 1100 2821 sel
1124 2762 1249 2819 inarime
1271 2762 1451 2839 proportioni
1475 2761 1669 2835 geometricae
1697 2760 1885 2835 assimilatur,

509 2848 564 2907 'eo
586 2846 666 2923 quod
685 2850 793 2907 'omnia
816 2846 885 2925 jura
912 2847 1076 2925 majestatis
1106 2849 1167 2923 tegi
1198 2854 1398 2921 reservantur,
1431 2850 1592 2925 sicutipse
1627 2849 1673 2907 vel
1699 2846 1791 2905 nobili
1815 2864 1885 2924 pro-

528 2935 626 3012 sapia,
658 2934 704 2994 rel
727 2936 817 2995 aruris
844 2933 890 2995 vel
915 2936 1072 2995 virtutibus
1102 2942 1233 3011 praestat
1261 2936 1364 2995 ceteris
1394 2930 1545 3014 omnibns,
1574 2934 1756 3011 gubernandi
1787 2942 1884 2993 tannen

527 3024 602 3082 ratio
626 3021 656 3080 in
678 3022 735 3082 hoc
758 3030 837 3083 statu
859 3024 1020 3083 rectissime
1042 3029 1141 3099 potest
1165 3024 1318 3100 temperari
1333 3041 1377 3103 *cx
1401 3030 1523 3099 utreque
1551 3023 1746 3101 proportionis
1768 3040 1885 3099 genere.

529 3110 606 3172 Nam
628 3127 704 3169 uuus
727 3127 778 3171 rex
800 3111 909 3171 arbiter
931 3111 1062 3169 omnium
1084 3127 1142 3169 nou
1166 3126 1255 3169 coeco
1279 3110 1404 3187 impetu,
1439 3118 1470 3169 ut
1493 3127 1571 3181 sors,
1596 3108 1655 3182 sed,
1672 3111 1799 3183 virtutis,
1825 3127 1886 3169 me·

532 3198 662 3270 ritorum,
687 3196 796 3257 ordinis
818 3198 1023 3275 graduumque
1044 3198 1217 3269 rationibus,
1242 3215 1301 3273 qua
1324 3196 1403 3269 licet,
1428 3198 1525 3257 omnia
1552 3199 1625 3257 iuter
1647 3199 1807 3275 optimates
1830 3216 1886 3274 po-

529 3284 692 3363 pulumque
713 3284 873 3363 dispensat,
897 3303 997 3346 ornnes
1018 3283 1152 3361 justitiae
1177 3284 1381 3348 distributivae
1406 3292 1435 3343 ct
1458 3286 1685 3344 commutativae
1709 3292 1809 3363 partes
1834 3304 1886 3343 ex·
1965 3348 1966 3353 η

527 3374 676 3449 sequitur,
691 3390 776 3449 ¹quae
799 3375 951 3449 utriusque
973 3373 1170 3450 proportionis
1194 3372 1361 3449 conjunctio
1385 3371 1499 3431 Bodiuo
1526 3372 1632 3433 sufficit
1654 3372 1692 3432 ad
1715 3374 1887 3450 proportio-

529 3477 596 3520 nem
621 3458 818 3520 harmonicam
843 3458 1092 3536 constituendam;
1114 3465 1148 3517 at
1165 3459 1252 3535 justa
1276 3461 1373 3517 orrruia
1390 3460 1513 3521 consilia
1535 3478 1592 3520 non
1610 3468 1668 3519 tam
1689 3460 1727 3519 ad
1751 3459 1887 3537 singulos

529 3546 576 3609 rel
605 3544 721 3609 ordines
748 3546 797 3607 rel
826 3547 971 3621 homines,
1004 3564 1091 3623 quam
1123 3545 1160 3605 ad
1192 3553 1284 3606 totum
1307 3545 1436 3606 civitatis
1479 3565 1584 3627 corpus
1614 3549 1737 3625 eJusque
1759 3546 1887 3607 salutem

527 3640 717 3711 mutuamque
740 3634 912 3696 charitatem
935 3643 965 3695 et
987 3630 1171 3694 concordiam
1194 3634 1288 3707 relert,
1312 3653 1372 3693 uon
1394 3652 1479 3697 secus
1502 3654 1537 3696 aa
1559 3638 1584 3694 si
1609 3636 1637 3693 in
1661 3635 1794 3694 numeris
1816 3652 1887 3712 pro-

528 3722 678 3799 portiones
701 3722 738 3781 ab
762 3723 943 3798 aequalitate
966 3730 996 3781 et
1018 3739 1037 3781 a
1060 3720 1249 3781 similitudine
1274 3721 1408 3780 nonnihil
1432 3721 1578 3802 deflexae,
1608 3723 1650 3782 sic
1674 3730 1706 3780 ut
1738 3721 1808 3781 illae
1833 3721 1887 3781 de·

528 3817 689 3883 struantur,
720 3810 745 3868 si
776 3818 822 3871 eat
851 3827 940 3888 opus,
972 3807 1010 3868 ad
1041 3826 1223 3870 communem
1255 3812 1382 3868 omnium
1414 3809 1595 3870 harmoniam
1626 3808 1802 3869 referantur·
1827 3828 1886 3886 quo

528 3897 615 3969 modo
639 3897 712 3956 meis
734 3897 941 3958 medietatibus
964 3897 1140 3957 harmonicis
1164 3905 1268 3956 uitetur

615 3982 656 4045 ΙΙ.
679 3982 722 4043 Ex
746 3984 815 4062 cyri
838 3984 951 4062 paedia
967 3983 1131 4062 exemplum
1154 3984 1290 4063 proponit
1313 3984 1459 4057 Bodinus,
1489 4001 1546 4060 quo
1571 3984 1668 4053 omnia
1698 3985 1754 4041 tria
1776 4001 1888 4061 genera

529 4073 734 4149 proportionis.
755 4070 894 4150 explicari
923 4080 1055 4151 possunt.
1101 4072 1195 4150 Cyrus
1226 4089 1312 4148 puer,
1347 4088 1412 4130 cum
1443 4071 1591 4131 hominem
1621 4088 1771 4149 procerum
1803 4080 1886 4130 curta

529 4160 629 4219 tunica
660 4158 793 4219 indutum
816 4161 1002 4237 conspicatus
1032 4164 1138 4232 esset,'
1155 4158 1297 4235 pumilnm
1316 4159 1403 4234 junxta
1429 4161 1527 4218 tunica
1550 4158 1633 4233 lara,
1664 4160 1778 4218 carrsuit
1802 4176 1887 4219 com-

527 4243 683 4307 mutandas
706 4246 765 4305 iliis
788 4263 853 4307 csse
877 4248 1001 4321 tunicas,
1024 4253 1057 4304 ut
1079 4249 1186 4323 cuique
1210 4246 1287 4322 quod
1313 4242 1598 4307 commodum'sssct
1622 4246 1789 4319 obveniret3
1821 4266 1886 4307 ma-

527 4330 746 4411 gistercuique
770 4350 856 4393 suum
879 4332 1099 4411 relinquendum
1124 4333 1231 4408 edixit3
1258 4330 1364 4411 quodsi
1386 4350 1506 4410 procero
1530 4335 1635 4393 luisset
1652 4334 1830 4409 injunctum,
1856 4342 1888 4391 nt

525 4420 637 4499 pumilo
660 4417 772 4497 aliquid
793 4422 936 4497 pecuniae
959 4420 1088 4480 solveret
1110 4428 1140 4481 et
1163 4422 1205 4479 sic
1229 4420 1345 4481 demum
1363 4424 1543 4501 permutatio
1559 4421 1656 4493 fieret,
1681 4423 1792 4496 optime
1811 4440 1885 4480 corr-

530 4507 645 4569 ciliatns
672 4510 774 4569 inisset
802 4510 941 4584 magister
972 4505 1124 4583 discipulo.
1171 4507 1228 4565 Hic
1255 4506 1348 4585 Cyrus
1377 4510 1584 4583 geometricam
1613 4510 1685 4568 ursit
1714 4512 1885 4584 proportio-

527 4612 604 4669 nem,
628 4594 784 4657 admensus
807 4595 977 4673 corporibus
1001 4602 1107 4668 restes,
1132 4597 1270 4671 magister
1293 4594 1514 4669 arithmeticam,
1542 4597 1743 4673 possessiones
1768 4598 1885 4675 utrique

529 4701 599 4743 suas
622 4684 731 4759 tuitus3
754 4690 786 4743 at
808 4686 910 4745 tertius
932 4681 983 4743 ille
1005 4684 1179 4758 respexisset
1204 4690 1357 4757 utrumqne
1381 4683 1477 4756 simul,
1502 4691 1560 4743 tam
1576 4700 1729 4761 corporum
1747 4682 1884 4761 indigen—

528 4770 618 4842 tiam,
650 4787 738 4845 quam
761 4772 861 4849 copias
885 4772 991 4847 cuique
1023 4786 1093 4829 suas
1116 4768 1231 4843 salvas,
1262 4771 1361 4846 itaque
1385 4770 1581 4837 harmonicam
1610 4774 1752 4851 insensu
1777 4770 1884 4831 Bodiui

528 4856 700 4919 asseruisset
714 4860 940 4935 proportionem,
964 4861 1073 4936 qnippe
1096 4875 1131 4917 ex
1149 4867 1271 4932 utraque
1293 4858 1419 4934 priorum
1437 4860 1571 4935 mixtam3
1595 4858 1797 4919 harmonicam
1813 4876 1883 4918 vero

529 4947 617 5005 ctiam
640 4946 670 5002 in
692 4962 780 5004 seusu
803 4964 878 5021 meo,
902 4948 1053 5022 quianon
1077 4944 1239 5016 dubitaret,
1263 4944 1347 5005 alteri
1371 4945 1450 5049 quud
1474 4958 1550 5006 essct
1573 4946 1662 5024 pauni
1691 4946 1882 5023 superfluum,

529 5032 612 5092 alteri
636 5033 789 5109 pecuniam
813 5035 933 5113 eripere,
958 5040 991 5097 ut
1013 5035 1129 5110 utrique
1145 5032 1354 5107 consuleretur,
1381 5036 1450 5111 quia
1465 5051 1616 5093 commuue
1633 5036 1786 5111 utriusque
1802 5050 1882 5093 cour—

530 5118 648 5182 mudum
676 5126 860 5200 comparatur
889 5122 1032 5183 suavitati
1060 5128 1228 5183 concentus.
1276 5120 1413 5183 Accidere
1441 5128 1540 5183 auteur
1563 5120 1640 5197 dixi,
1673 5129 1705 5183 ut
1737 5121 1881 5183 interdum
