4467 6192
545 710 606 770 na
981 711 1023 766 lle
1039 709 1198 781 Figuratum
1218 712 1439 770 Hamouioaram

541 879 643 948 tricem
661 879 757 950 holca,
774 881 960 938 conclioideai
987 884 1051 955 lpse
1068 884 1176 954 quidem
1189 886 1349 956 campanus,
1361 888 1544 944 trmmdouem
1561 893 1678 959 tentans,
1694 905 1750 946 nou
1765 889 1885 946 ammad-

542 960 636 1024 vertit,
658 969 688 1018 se
706 975 812 1016 sumere
829 961 937 1018 tertiam
962 963 1053 1033 anguli
1071 973 1176 1035 partem
1194 965 1277 1021 veluti
1290 967 1348 1034 jam
1366 975 1480 1037 certam,
1507 983 1577 1038 quas
1594 975 1654 1027 erat
1677 967 1786 1024 demum
1803 985 1886 1041 ‹guae-

509 1115 513 1120 ‘
542 1034 632 1169 redu?
668 1037 866 1173 Εἷζὶηιῐξοηη
887 1040 915 1096 in
933 1057 994 1097 meo
1011 1041 1159 1113 exemplari
1183 1045 1218 1100 ad
1241 1047 1322 1101 linem
1347 1049 1436 1116 operis
1453 1047 1576 1104 Euclidsi
1593 1047 1642 1104 lol.
1660 1049 1721 1107 tes.
1745 1049 1886 1118 pertinens

542 1129 559 1168 a
613 1130 674 1169 nem
702 1132 753 1170 nra
811 1158 817 1173 .
1837 1119 1842 1138 '

627 1191 796 1252 londanus
812 1198 950 1254 Brunus
971 1199 1094 1257 Nolanus
1121 1203 1148 1258 in
1171 1202 1311 1272 sexanguli
1328 1203 1472 1259 ABODEF
1500 1205 1626 1275 opposita
1643 1203 1730 1262 latera
1753 1207 1813 1271 Bc,
1837 1207 1885 1262 mu

673 1326 699 1367 fl
736 1325 762 1367 ¹9
900 1278 1059 1334 continuata
1080 1281 1207 1350 utrinque
1230 1281 1304 1336 ducit
1328 1280 1566 1351 perpendiculares
1586 1283 1651 1352 illi,
1677 1284 1730 1352 Ill,
1753 1284 1886 1343 matun

700 1335 722 1376 ¹‘
763 1358 769 1371 ’
899 1358 927 1411 ίη
946 1357 978 1425 A,
997 1359 1020 1412 l)
1039 1360 1244 1436 contingentes3
1269 1359 1352 1416 ducta
1369 1361 1452 1430 igitur
1474 1361 1539 1418 lacti
1557 1363 1804 1432 parallelogrammi
1830 1361 1886 1420 dia·

567 1457 573 1473 ·
685 1440 705 1484 A
780 1496 786 1500 p
826 1484 830 1493 ,
895 1437 976 1505 gonio
994 1437 1048 1503 IH,
1066 1437 1197 1493 cuculum
1214 1440 1332 1508 patabat
1350 1438 1435 1495 secari
1456 1442 1510 1510 sic,
1537 1449 1569 1497 ut
1586 1443 1658 1498 inter
1675 1444 1717 1510 A,
1739 1443 1887 1513 Dpunets

582 1491 691 1613 V
704 1494 815 1613 W
896 1520 1069 1569 contaetuum
1092 1524 1119 1571 et
1142 1518 1276 1572 sectiones
1294 1519 1334 1589 N,
1360 1521 1389 1574 M
1421 1521 1540 1576 existant
1562 1537 1649 1577 nouae
1675 1528 1766 1592 partes
1791 1521 1887 1577 circuli

817 1591 830 1619 '²
895 1592 953 1661 Ali,
973 1591 1035 1648 um.
1065 1592 1150 1664 Atqui
1162 1594 1364 1653 demonstratur
1377 1614 1412 1652 ea
1425 1599 1628 1672 diagrammate,
1647 1600 1718 1671 quod
1731 1617 1793 1656 enm
1806 1603 1887 1658 semi·

896 1670 1015 1740 diagouii
1030 1671 1102 1726 illius
1120 1671 1171 1726 LH
1190 1672 1350 1744 quadratum
1369 1678 1405 1732 sit
1421 1677 1546 1749 effabile,
1568 1681 1625 1737 soil
1645 1681 1679 1754 ᾗ
1696 1680 1730 1736 de
1748 1681 1886 1752 quadrato

896 1746 1019 1804 diametri
1035 1752 1087 1819 (eat
1104 1751 1176 1804 euim
1194 1752 1267 1808 ΑΒΗ
1281 1754 1339 1821 60⁰,
1359 1771 1423 1826 ergo
1448 1757 1499 1814 ΒΗ
1518 1759 1639 1820 sanabala
1657 1759 1691 1816 de
1703 1760 1750 1822 AB
1767 1761 1812 1816 vel
1826 1761 1884 1829 AL,

897 1834 925 1882 et
945 1829 1004 1898 ejus
1026 1830 1150 1899 potentia
1172 1830 1253 1900 igitur
1271 1833 1407 1900 quadrans
1434 1835 1468 1896 de
1498 1841 1622 1908 potentia
1639 1841 1704 1908 AL,
1733 1841 1816 1909 igitur
1835 1841 1886 1896 All

587 1917 643 1970 w
895 1907 1017 1976 potentia
1037 1906 1154 1963 dodrans
1180 1909 1214 1963 de
1238 1911 1361 1979 potentia
1384 1912 1444 1988 AL.
1484 1915 1538 1972 Sed
1561 1918 1683 1987 potantia
1706 1919 1757 1974 LE
1784 1923 1888 1989 aequat

565 1919 830 2099 &A
894 1987 1030 2122 {aare
1045 1987 1543 2130 le.l⁸l.:le.s⁸llrlru
1560 1997 1684 2132 lta

538 2149 638 2219 tentia,
663 2149 769 2206 scilicet
784 2148 863 2204 radix
888 2147 922 2202 de
940 2147 972 2216 J,
993 2139 1117 2215 quadati
1142 2144 1271 2202 diametri.
1286 2179 1289 2186 ι
1307 2081 1762 2236 deissd’mimmddipsffiodad
1779 2093 1887 2211 Ang

539 2233 563 2283 A
574 2230 603 2283 in
614 2229 673 2297 LH,
691 2229 743 2284 erit
761 2227 832 2283 sicut
843 2227 895 2282 LH
911 2224 1041 2299 potentia,
1062 2224 1101 2296 ἦ,
1119 2223 1154 2278 ad
1167 2223 1217 2277 HA
1227 2229 1386 2297 potentiam,
1403 2228 1446 2300 st,
1466 2230 1504 2285 sic
1516 2231 1564 2310 LA
1578 2233 1709 2302 potentia,
1728 2232 1768 2306 ἦ,
1788 2234 1825 2290 ad
1838 2233 1887 2288 AO

558 1901 575 1944 L

432 2299 436 2307 ’
538 2307 694 2375 potentiam,
717 2306 801 2375 tide
820 2303 906 2377 ,ibid
925 2309 968 2359 ost
985 2301 1071 2372 Μ).
1107 2303 1150 2356 ita
1167 2302 1234 2357 haec
1251 2304 1443 2373 norlaugularis
1460 2310 1553 2379 auguli
1570 2311 1700 2373 snbwnsa
1714 2321 1791 2370 asset
1809 2313 1887 2370 nobi·

537 2384 590 2456 lior
607 2385 741 2456 aliquibus
760 2381 963 2455 praemissiset
979 2380 1180 2437 communicans
1197 2381 1243 2448 iis,
1268 2398 1329 2438 oum
1347 2391 1438 2441 amen
1455 2388 1492 2444 sit
1510 2405 1623 2446 numero
1647 2391 1761 2446 laterum
1778 2390 1888 2460 impari,

540 2463 643 2521 scilicet
659 2479 771 2519 numero
786 2462 888 2532 aliquo,
906 2461 985 2531 primi
1003 2462 1019 2516 3
1038 2459 1176 2531 quadrato,
1196 2460 1263 2516 nihil
1282 2465 1482 2524 communicans
1500 2485 1562 2528 cum
1573 2477 1717 2540 tetragono
1735 2471 1887 2540 etmigono
1913 2473 1922 2480 ‘

539 2558 590 2612 per
605 2542 780 2599 bisectionem
797 2548 917 2611 arcuum
936 2554 1049 2608 qumana
1066 2537 1213 2609 figurarum
1230 2542 1358 2610 proprius
1376 2550 1419 2600 est
1436 2546 1482 2604 laio
1498 2548 1647 2618 nobilitatis
1664 2545 1776 2618 gradusc

598 2645 601 2652 ’
625 2647 776 2731 xavm,
792 2649 1049 2713 Corollarlnm.
1094 2647 1232 2726 Sequitur¹
1254 2653 1349 2728 igitur,
1372 2656 1509 2731 notionis,
1532 2658 1680 2730 scientiae,
1704 2655 1884 2716 determina-

540 2739 640 2813 tionis,
671 2736 873 2817 descriptionis
896 2744 924 2798 et
946 2735 1201 2796 demonstrationis
1231 2746 1324 2799 metas
1353 2743 1429 2801 iutra
1458 2745 1742 2821 primosiigurarum
1765 2743 1886 2806 ordines

538 2827 710 2887 consistere:
733 2834 766 2886 ut
787 2827 846 2886 siut
869 2823 978 2884 classes
1000 2823 1157 2900 figurarum
1179 2823 1323 2886 scibilium
1351 2845 1410 2889 uou
1426 2829 1524 2908 plures
1553 2848 1641 2908 quam
1657 2838 1799 2908 quatuor:
1824 2839 1884 2892 tres

537 2916 669 2992 proprias
685 2911 944 2974 demonstrationes
960 2909 1138 2978 habentium,
1161 2913 1191 2970 iu
1207 2913 1313 2989 quibus
1329 2918 1426 2994 capita
1448 2925 1515 2978 sunt
1529 2919 1713 2994 familiarum,
1735 2919 1766 2978 in
1788 2921 1886 2995 prims

539 3009 724 3079 tetragonus,
757 3006 825 3078 post
847 2999 1017 3059 diametrum
1040 2997 1152 3073 circuli,
1185 3001 1267 3078 cujus
1298 3000 1447 3064 chuncter
1475 3022 1611 3068 uumerus
1635 3008 1670 3079 2,
1701 3009 1730 3066 ὶη
1753 3005 1884 3066 secunda

540 3091 680 3166 trigonus,
704 3088 787 3165 cujus
809 3085 956 3148 character
979 3088 1007 3160 3,
1031 3088 1060 3144 iu
1083 3088 1169 3146 tertia
1189 3094 1381 3164 pentagonus,
1404 3091 1572 3154 charactere
1594 3093 1628 3168 53
1651 3110 1710 3153 una
1731 3109 1801 3160 rero
1825 3095 1883 3162 im·‚

540 3177 721 3254 propriarum
748 3175 1042 3247 demonstrationum,
1071 3173 1155 3250 cujus
1187 3191 1323 3236 uumerus
1353 3185 1397 3238 est
1427 3178 1579 3256 multiplex
1611 3180 1734 3242 duorum
1757 3181 1775 3242 3
1800 3187 1830 3242 et
1854 3181 1882 3255 5,

540 3263 652 3324 scilicet
677 3265 730 3324 15:
752 3265 846 3340 prima
868 3264 945 3322 cuitu
966 3261 1031 3338 ejus
1054 3259 1156 3321 classis
1178 3260 1271 3338 ligura
1294 3271 1339 3324 eat
1359 3255 1683 3344 peutelraedeeagonus.

625 3374 740 3436 XLIX.
764 3375 988 3452 Propositio.
1016 3372 1108 3444 'Cum
1136 3369 1234 3434 autem
1265 3376 1386 3438 bisoctio
1416 3375 1492 3460 (qua
1519 3383 1635 3459 propria
1664 3381 1754 3442 utitur
1781 3379 1883 3442 classis

540 3459 648 3545 paura)
672 3465 832 3524 communis
854 3465 893 3524 sit
915 3471 976 3522 tatu
989 3461 1240 3539 secundaeqpam
1255 3465 1357 3529 tertiae
1380 3465 1475 3541 classi,
1505 3476 1594 3545 patet,
1618 3469 1677 3528 alio
1697 3469 1763 3545 juro
1778 3467 1883 3546 degere

541 3550 662 3612 classem
685 3554 816 3628 prium,
840 3550 899 3610 alio
922 3548 995 3608 duas
1017 3548 1158 3626 reliquas:
1182 3549 1224 3609 ita
1245 3558 1278 3610 ut
1296 3554 1393 3629 prima
1403 3554 1626 3628 familiaritatem
1641 3554 1810 3618 innatat
1833 3561 1881 3638 ute

540 3655 659 3715 tamque
681 3637 865 3715 reliquarum,
896 3628 927 3697 at
954 3637 1023 3697 illae
1050 3636 1274 3712 figurationibus
1302 3648 1403 3702 conca
1431 3659 1463 3702 se
1492 3641 1721 3724 distinguantur,
1748 3643 1823 3723 adeo
1852 3649 1884 3702 ut

541 3742 653 3799 mrum,
683 3742 759 3802 quas
780 3725 912 3802 proprias
935 3722 1197 3786 demonstrationes
1217 3724 1340 3802 habent,
1357 3725 1584 3817 *quodammodo
1607 3729 1666 3791 duo
1688 3729 1802 3791 mutum
1825 3733 1883 3792 alut

539 3829 655 3890 geum
1208 3891 1214 3902 Ι
1330 3879 1333 3886 Ι
1474 3835 1478 3842 ·

624 3913 695 3971 Nam
711 3918 868 3990 tetragonam
887 3917 915 3967 et
931 3917 1083 3982 octogonus
1101 3911 1191 3971 statim
1214 3927 1244 3967 se
1263 3913 1340 3984 quasi
1357 3919 1430 3970 totas
1447 3915 1595 3984 trigonicae
1617 3921 1708 3972 sectae
1734 3912 1881 3987 applicant,

539 3995 604 4066 quia
618 4009 686 4065 pars
700 3991 793 4049 cuculi
811 3998 890 4048 sexta
906 3999 934 4048 et
952 3990 1112 4048 duodecima
1125 3991 1237 4060 junctae
1255 3992 1358 4058 facium
1375 4001 1511 4064 quartam,
1533 4008 1597 4066 pars
1615 3994 1774 4054 duodecima
1799 4002 1827 4050 et
1844 3997 1882 4050 ri·

539 4073 639 4128 cesima
663 4077 759 4142 qmrta
781 4070 1070 4141 compositastaoinnt
1094 4079 1198 4143 partem
1224 4079 1354 4127 octavam.
1390 4073 1428 4127 Et
1446 4079 1606 4144 tetragonus
1633 4089 1663 4128 se
1685 4074 1882 4146 peutagouiose

538 4159 630 4217 sectae
647 4149 842 4220 quadamtenus
860 4149 1052 4218 accommodat,
1071 4150 1135 4218 quia
1156 4149 1251 4222 quinta
1268 4151 1361 4206 circuli
1378 4167 1450 4222 pars,
1469 4145 1722 4223 addita¹vicesimae,
1741 4149 1883 4221 coustituit

538 4237 643 4300 partem
660 4235 790 4300 quartem
826 4229 917 4285 causa
939 4236 993 4298 est,
1017 4230 1081 4301 quia
1097 4231 1201 4286 numeri
1219 4233 1234 4286 3
1252 4237 1281 4298 et
1299 4233 1314 4285 5
1333 4229 1414 4286 dividi
1431 4238 1547 4302 possunt
1568 4231 1596 4286 lu
1619 4246 1746 4287 numeros
1768 4245 1882 4302 propor-

537 4309 619 4364 tionls
637 4305 763 4364 continue
781 4305 891 4378 duplae:
909 4323 972 4363 narn
989 4315 1081 4377 partes
1098 4309 1183 4378 ipsius
1203 4309 1219 4364 ii
1237 4316 1300 4365 sunt
1320 4313 1343 4379 t,
1361 4310 1386 4380 2,
1404 4313 1496 4380 parte's
1514 4309 1601 4380 ipsius
1619 4310 1717 4367 i'sunt
1730 4309 1798 4390 l,‚l.
1830 4309 1883 4364 Τη-

473 4441 483 4455 ,
535 4386 571 4442 lis
589 4402 653 4442 vero
671 4386 821 4442 communio
839 4402 892 4458 uon
911 4394 953 4442 est
969 4387 1041 4441 iuter
1058 4387 1159 4443 classes
1177 4389 1321 4444 ternariam
1340 4395 1368 4442 et
1384 4389 1542 4458 quinariam.
1576 4388 1646 4444 Nam
1664 4387 1715 4444 etsi
1728 4394 1807 4442 sexta
1818 4403 1884 4457 para

538 4465 632 4521 circuli
649 4464 742 4521 addita
754 4465 910 4521 tricesimae
927 4465 1068 4525 constitnit
1084 4465 1216 4536 quintam,
1243 4471 1272 4520 at
1288 4465 1425 4537 uicesima
1442 4473 1485 4522 est
1502 4466 1597 4542 classis
1621 4465 1879 4538 penteksedeoagos

538 4545 623 4615 nium,
641 4559 712 4613 qnae
728 4559 784 4600 non
800 4543 883 4600 lrahet
899 4543 1036 4614 propriant
1049 4542 1316 4600 demonstratorem.
1352 4545 1457 4600 Eodem
1482 4544 1562 4601 modo
1584 4546 1688 4602 decima
1710 4543 1805 4604 urenti
1834 4543 1881 4601 ad·

538 4622 596 4678 dita
611 4623 796 4692 quindecimas
817 4627 893 4692 (eoos
916 4621 1109 4678 admixtionem
1136 4621 1378 4694 coaequans)
1404 4624 1507 4682 tamam
1524 4631 1636 4682 sextam.
1671 4625 1788 4694 Propter
1809 4623 1882 4680 hano

538 4700 696 4758 dualitatem
713 4718 841 4771 generum
858 4700 964 4757 numeri
979 4700 1197 4763 ehmacoeristioi
1209 4705 1285 4770 sunt,
1304 4703 1333 4756 in
1349 4701 1497 4774 primoli,
1521 4703 1551 4760 in
1569 4703 1738 4762 secundoli)
1759 4702 1804 4758 vel
1822 4701 1882 4772 ejus

539 4779 677 4836 dimidium
693 4781 736 4837 to.
770 4781 851 4837 ilaec
862 4781 945 4850 igitur
961 4779 1032 4835 inira
1048 4779 1108 4835 libr.
1128 4780 1176 4835 Ill.
1195 4777 1339 4836 reserenda
1356 4789 1388 4862 et
1401 4780 1579 4844 adseubenda
1596 4787 1661 4838 sunt
1679 4779 1714 4836 ad
1731 4779 1881 4836 duanam

539 4872 602 4914 nem
618 4871 746 4925 gemmam
761 4865 865 4915 cantus.
1134 4893 1135 4896 =

561 5005 566 5012 .
624 4956 659 5019 L.
682 4957 916 5037 Comparatio
936 4960 1137 5038 figurarum
1160 4949 1223 5021 seu
1245 4959 1466 5022 divisionum
1488 4959 1624 5022 circuli.
1662 4959 1775 5036 Primus
1798 4951 1881 5022 sends

539 5046 692 5122 dimeter,
720 5049 866 5106 ostentm
895 5047 1018 5109 effabilia
1046 5047 1237 5125 longitudine.
1281 5043 1454 5118 Secundum,
1479 5055 1523 5110 est
1550 5048 1631 5123 latus
1655 5047 1880 5126 hexagonionm,

539 5134 663 5212 aequale
683 5131 897 5196 semidiametro
918 5142 948 5195 et
968 5138 1011 5196 sto
1032 5135 1148 5214 stabile
1169 5135 1361 5214 longitudine.
1405 5135 1505 5198 lertio
1519 5136 1586 5202 loco
1607 5143 1687 5198 stant
1707 5141 1880 5214 augona
1928 5140 1931 5152 '
