4467 6192
542 756 601 813 190
1068 746 1110 801 De
1128 745 1349 815 Propertionibus

537 927 679 1002 superius,
704 925 846 985 excitatur
867 925 956 983 etiam
978 934 1007 984 et
1029 924 1162 984 elevatur
1184 926 1487 1005 cantus„praesertim
1509 926 1536 983 si
1559 924 1596 983 ad
1618 933 1755 985 octavam
1777 941 1878 985 ercur-

537 1023 597 1085 rat,
629 1012 723 1089 qualis
746 1012 835 1071 luisse
857 1011 971 1071 videtur
1001 1035 1086 1085 copon
1107 1010 1210 1090 ὄρθιος
1233 1020 1378 1087 veterum3
1408 1014 1432 1071 si
1456 1010 1582 1089 denique
1612 1016 1689 1073 circa
1710 1014 1829 1073 tertiatur
1850 1021 1878 1072 et

535 1110 662 1174 sextam,
696 1107 727 1158 nt
749 1098 928 1158 diatessaron
956 1098 1105 1159 redactum
1135 1104 1172 1160 sit
1194 1102 1223 1158 in
1245 1100 1388 1172 medium,
1417 1098 1496 1175 quod
1524 1103 1556 1157 in
1578 1103 1670 1177 primo
1698 1108 1728 1160 et
1750 1099 1879 1160 secundo

535 1188 712 1263 frequentius
734 1186 877 1263 iit-quam
898 1189 928 1245 in
941 1190 1067 1264 septimo
1083 1196 1113 1247 et
1128 1197 1251 1262 octavo,
1275 1186 1388 1247 medius
1403 1189 1492 1246 etiam
1509 1190 1728 1266 promovebitur
1748 1188 1878 1249 affectus.

536 1273 644 1334 Crebro
666 1282 765 1334 autem
786 1277 912 1333 interae
936 1277 1144 1351 permiscentur
1164 1274 1221 1335 hae
1244 1275 1374 1335 sceleton
1396 1275 1623 1349 articulationes,
1649 1283 1680 1335 ut
1704 1278 1734 1333 in
1757 1274 1883 1334 diversis

537 1364 669 1439 partibus
690 1370 792 1421 cautus
813 1364 871 1420 sint
893 1361 1025 1422 diversae
1048 1381 1099 1439 pro
1125 1365 1266 1422 varietate
1289 1371 1384 1423 textus
1408 1370 1437 1423 et
1459 1364 1575 1439 lngeuio
1598 1362 1735 1435 artificis,
1769 1370 1882 1422 textum

538 1459 624 1509 cantn
647 1452 802 1527 pingentis.
1531 1466 1533 1476 ¹
1762 1512 1765 1519 ,

621 1536 663 1595 X.
687 1535 799 1611 Quodsi
822 1552 923 1594 verum
944 1541 997 1606 est,
1021 1535 1100 1611 quod
1124 1535 1244 1612 quidam
1267 1538 1384 1616 imparis
1400 1538 1510 1595 numeri
1534 1544 1620 1596 tonos
1634 1536 1659 1609 I,
1681 1536 1737 1609 Ill,
1761 1535 1800 1609 V,
1825 1535 1884 1593 VII

535 1624 645 1683 iaciunt
666 1624 793 1696 altiores,
817 1625 896 1700 paris
917 1622 956 1695 ΙΙ,
980 1622 1033 1697 IV,
1056 1623 1108 1690 Vl.
1133 1622 1208 1682 VIII
1231 1624 1407 1698 humiliores,
1432 1627 1520 1684 etiam
1541 1632 1674 1701 respectu
1698 1624 1807 1689 radicis
1832 1640 1883 1681 oc-

537 1719 640 1781 tavae,
664 1720 740 1771 certe
763 1709 888 1770 altitudo
910 1710 1067 1787 respondet
1089 1713 1258 1771 excitationi
1280 1714 1378 1783 animi,
1403 1711 1584 1791 protundilas
1606 1710 1791 1771 demissioni:
1816 1718 1885 1769 tunc

536 1816 607 1858 sane
630 1800 798 1859 distribuere
820 1799 979 1876 poterimus
1002 1807 1129 1874 quatuor
1152 1799 1288 1857 classium
1311 1799 1432 1858 affectus
1455 1802 1484 1857 in
1507 1790 1616 1858 classes*
1634 1806 1700 1858 octo
1724 1797 1887 1858 secundum

539 1896 624 1946 tonos
648 1885 786 1962 totidem,
816 1894 849 1944 ut
877 1884 985 1944 habeat
1006 1889 1149 1963 septimus
1179 1888 1267 1960 iram,
1299 1886 1485 1961 violentiam,
1514 1885 1728 1959 tortitudinem,
1761 1895 1888 1945 octavus
1971 1888 1972 1891 ’

538 1973 730 2047 hilaritatem,
753 1975 944 2045 alacritatem,
968 1962 1150 2052 volirplatem
1171 1988 1303 2047 acutam,
1327 1976 1428 2033 tertius
1452 1974 1581 2034 dolorem
1603 1974 1739 2045 acutum,
1762 1972 1887 2033 deside·

534 2064 622 2136 r'rum,
653 2072 775 2138 quartus
796 2062 910 2131 fletum,
939 2078 1082 2135 amorem,
1106 2064 1215 2138 prImus
1238 2063 1444 2136 festivitatem,
1475 2064 1608 2140 nuptias,
1640 2064 1884 2133 comessationes,

536 2150 683 2211 ucundus
703 2150 865 2209 modestam
886 2148 1073 2221 hilaritatem,
1096 2148 1253 2224 colloquIa,
1277 2150 1477 2228 narrationes,
1498 2152 1617 2225 quintus
1632 2164 1808 2226 panegyres,
1834 2166 1887 2207 ex-

537 2237 740 2311 clamationes,
764 2236 917 2309 fiduciam,
939 2253 1036 2312 spem,
1059 2246 1159 2295 sextus
1183 2235 1387 2311 devotionem,
1412 2236 1541 2297 dolorem
1563 2254 1701 2313 maguum
1722 2244 1780 2295 etc.

622 2324 659 2382 Et
677 2325 740 2400 Jam
762 2332 877 2400 tempus
899 2330 956 2396 est,
988 2331 1021 2382 ut
1041 2322 1079 2382 ad
1102 2326 1275 2400 principIum
1297 2331 1459 2384 revertatur
1482 2326 1587 2383 oratio.
1631 2325 1707 2383 Nam
1729 2322 1888 2382 Illudad·

537 2412 697 2471 moneudus
720 2421 764 2472 eat
785 2412 877 2473 lector
898 2408 1100 2487 philosophus,
1125 2410 1204 2487 quod
1220 2413 1322 2471 musici
1337 2414 1428 2471 nostri
1454 2429 1554 2479 omnes
1576 2414 1741 2488 promiscue
1757 2410 1887 2470 affectus

538 2502 568 2557 in
595 2500 729 2558 omnibus
756 2502 834 2558 tonis
860 2500 1037 2573 exprimunt,
1066 2499 1096 2557 id
1125 2501 1205 2575 ipsos
1235 2500 1276 2557 ita
1304 2508 1333 2557 et
1353 2499 1462 2575 lacere,
1496 2502 1566 2575 quia
1597 2502 1690 2557 omnis
1713 2501 1887 2577 promiscue

538 2594 639 2645 cantus
666 2587 846 2665 voluptatem
873 2588 950 2662 parit
977 2585 1118 2660 auditori,
1151 2585 1332 2646 alacritatem
1359 2589 1480 2663 requirit
1511 2588 1542 2643 in
1568 2594 1703 2659 auctora,
1737 2594 1767 2645 et
1797 2602 1887 2662 posse

535 2674 648 2747 lacera,
669 2678 740 2751 quia
760 2678 952 2748 instrumenta
973 2672 1084 2735 dandis
1106 2673 1258 2733 affectibus
1280 2673 1364 2748 plura
1386 2684 1468 2747 sunt,
1491 2675 1597 2751 partim
1621 2676 1703 2732 initio
1725 2677 1887 2755 recensita,

537 2779 613 2837 quae
633 2765 745 2839 passi·
765 2780 816 2839 per
838 2778 939 2821 omues
960 2764 1124 2837 promiscue
1153 2769 1238 2822 tonos
1261 2760 1392 2820 adhiberi
1419 2770 1551 2839 possunt
1597 2760 1628 2820 Si
1651 2769 1749 2820 tamen
1780 2763 1887 2820 omnia

536 2849 682 2925 praesidia
702 2849 869 2909 studuerint
887 2847 1035 2922 adhibere,
1058 2847 1097 2907 ad
1119 2846 1361 2911 idemiintcntum
1381 2849 1530 2928 tacentia,
1552 2866 1609 2907 non
1631 2848 1715 2907 facile
1731 2848 1890 2925 negligent

535 2944 668 2996 tonorum
690 2937 820 2997 delectus
841 2936 879 2995 ad
902 2936 1059 2997 affectuum
1080 2935 1257 3013 hypothesin
1284 2936 1414 2996 idoneos.
1459 2936 1571 2996 Verum
1593 2938 1614 2993 ii
1632 2934 1757 2995 viderint
1780 2936 1822 2995 de
1839 2952 1886 3005 eo,

535 3024 615 3099 quod
631 3033 674 3085 est
688 3025 804 3086 illorum
819 3026 901 3101 praxi
916 3026 1106 3100 permIssum3
1128 3023 1356 3084 mihi-hactenus
1370 3023 1528 3085 theoretica
1550 3026 1727 3100 processisse
1744 3022 1888 3083 sufficiat

1084 3256 1225 3329 CAPUT
1253 3256 1334 3329 xil.

749 3404 837 3474 cuir
855 3407 903 3462 sit
921 3410 1044 3461 cantus
1062 3419 1122 3474 per
1138 3404 1362 3468 harmoniam,
1389 3401 1655 3471 configuratus.

560 3593 564 3599 -
620 3552 684 3610 Etsi
707 3570 765 3611 vox
787 3551 941 3610 harmonia
962 3550 1112 3609 veteribus
1135 3556 1291 3625 usurpatur
1313 3564 1366 3625 pro
1390 3548 1502 3620 cantu,¹
1525 3565 1583 3607 nan
1606 3553 1650 3607 est
1673 3553 1772 3607 tamen
1797 3549 1890 3608 intel-

534 3638 653 3716 fimdss
673 3640 729 3699 sub
750 3638 807 3697 hoc
828 3640 946 3698 nomine
969 3635 1131 3696 modulatio
1154 3635 1325 3712 perplures
1348 3652 1450 3707 voces,
1482 3634 1651 3695 harmonice
1674 3646 1887 3696 consonantes.

534 3724 686 3785 Novitinm
708 3729 786 3787 enim
807 3729 958 3786 inventum
981 3742 1045 3784 esse
1070 3724 1275 3800 veteribusque
1308 3722 1395 3799 plane
1423 3725 1601 3798 incognitum
1630 3730 1791 3783 concentus
1815 3724 1887 3800 plu-

534 3816 609 3872 rium
632 3827 737 3873 vocum
759 3817 789 3871 in
812 3823 953 3892 perpetua
974 3813 1191 3872 harmoniarum
1214 3810 1427 3881 uicissitudine,
1458 3810 1486 3873 id
1510 3810 1681 3887 probatione
1704 3810 1800 3871 multa
1826 3828 1886 3871 nou

535 3901 655 3978 indiget
700 3900 844 3962 Videatur
872 3901 928 3959 hac
957 3898 993 3959 de
1015 3918 1046 3959 re
1068 3900 1241 3959 Vincentius
1264 3896 1415 3958 Galliaaus
1446 3899 1475 3954 in
1498 3914 1586 3975 opere
1608 3896 1737 3957 Musicae
1764 3898 1886 3959 Italico.

533 3987 618 4048 Solet
644 3986 763 4063 uuldem
791 3986 879 4063 objici
909 3987 1050 4064 relegatio
1082 3998 1184 4047 cantus
1214 4004 1266 4062 per
1295 3985 1476 4045 harmoniam
1498 4004 1516 4044 a
1538 3984 1689 4061 republica
1711 3984 1886 4061 Platonica,

534 4078 620 4151 quasi
637 4076 701 4152 jam
721 4083 791 4134 tunc
813 4074 862 4134 ille
884 4076 987 4135 luisset
1008 4077 1038 4132 in
1061 4093 1132 4150 usu;
1155 4082 1186 4133 at
1207 4073 1377 4148 iutelligitur
1392 4072 1475 4132 locus
1491 4072 1527 4132 de
1549 4073 1673 4148 organis,
1697 4070 1734 4130 de
1748 4075 1886 4149 syringa,

534 4161 668 4238 utriculo,
692 4162 853 4235 testudine,
877 4180 943 4221 cnm
965 4179 1024 4221 una
1047 4178 1105 4221 vox
1128 4172 1180 4221 aut
1201 4168 1342 4238 perpetuo
1364 4162 1478 4219 intonat
1498 4169 1552 4220 aut
1574 4160 1753 4231 intermittit,
1783 4160 1886 4219 locum

534 4251 638 4311 cedens
660 4252 905 4327 appropinquanti
928 4250 1072 4309 dissonae.
1119 4248 1153 4309 Iu
1176 4248 1227 4308 illo
1250 4265 1330 4307 more
1352 4247 1465 4307 nullum
1488 4254 1550 4306 erat
1573 4245 1651 4325 apud
1673 4254 1792 4305 veteres
1818 4267 1886 4309 ma·

530 4338 580 4412 jus
601 4338 763 4412 artificium,
787 4355 875 4414 quam
896 4337 974 4414 apud
999 4345 1114 4396 nostros
1137 4334 1328 4395 utricularios.
1373 4335 1428 4393 His
1450 4332 1559 4394 ultimis
1574 4333 1680 4395 seculis
1703 4334 1780 4394 haec
1804 4338 1883 4396 ratio

535 4425 657 4486 mendi
679 4425 805 4502 figurata
831 4424 896 4484 ideo
926 4423 982 4484 dici
1005 4424 1116 4502 coepit,
1148 4424 1218 4499 quia
1247 4426 1334 4499 primi
1356 4434 1488 4481 auctores
1518 4421 1729 4498 diagrammata
1752 4438 1815 4480 non
1841 4426 1885 4483 ita

533 4514 677 4590 simplicia
704 4515 846 4583 iecerunt,
877 4521 910 4572 ut
939 4519 1008 4571 suut
1036 4514 1065 4568 in
1093 4510 1204 4570 chorali
1236 4519 1338 4583 cantu,
1368 4510 1419 4570 sed
1443 4511 1533 4569 variis
1563 4512 1608 4569 usi
1633 4517 1701 4568 snut
1721 4506 1830 4585 liguris
1853 4522 1884 4570 et

448 4624 453 4633 ¹
535 4600 681 4661 coloribus
702 4611 732 4662 et
753 4603 884 4677 punctis,
909 4616 1032 4675 quorum
1052 4600 1201 4674 elgnornm
1223 4597 1323 4674 aliqua
1345 4596 1505 4665 silentium,
1532 4597 1632 4673 aliqua
1653 4612 1758 4655 sonum
1782 4599 1884 4676 impe-

533 4696 610 4768 rant,
630 4688 774 4764 quaedam
796 4689 925 4765 longum,
947 4686 1007 4745 alia
1028 4687 1161 4759 brevem3
1185 4684 1285 4760 aliqua
1306 4684 1344 4743 ad
1367 4693 1462 4758 tonos,
1485 4683 1585 4761 aliqua
1609 4684 1646 4743 ad
1667 4682 1772 4743 modos
1796 4703 1885 4747 men-

533 4774 649 4836 sutalaa
669 4776 926 4847 disseminandos,
949 4773 986 4833 ad
1010 4775 1111 4849 fugas,
1135 4771 1173 4832 ad
1195 4774 1382 4848 repetitiones
1404 4780 1433 4831 et
1455 4771 1563 4830 similia
1587 4771 1727 4831 adhibita

619 4861 713 4921 Nobis
735 4865 822 4938 igitur
845 4871 1003 4923 concentus
1025 4860 1209 4922 harmonicus
1232 4861 1275 4918 sic
1298 4858 1468 4937 definiatur,
1499 4858 1580 4934 quod
1603 4861 1661 4917 sint
1683 4858 1780 4928 duae,
1811 4868 1881 4934 tres,

533 4957 660 5025 quatuor
682 4949 727 5008 vel
749 4949 848 5025 plnres
869 4968 958 5010 voces
979 4966 1032 5009 seu
1054 4948 1199 5009 melodiae
1223 4949 1382 5008 concinnae
1404 4955 1435 5006 et
1456 4954 1553 5022 aptae,
1576 4946 1680 5022 quales
1703 4948 1803 5021 capite
1832 4950 1881 5009 13.

532 5037 751 5112 demipsimus,
780 5052 880 5096 omnes
907 5036 1038 5113 ejusdem
1060 5039 1174 5113 generis
1204 5033 1394 5111 ejusdemque
1424 5040 1475 5092 aut
1497 5041 1686 5109 cognatorum
1709 5034 1881 5113 modorum,

524 5126 576 5183 sic
597 5124 684 5186 simul
706 5122 882 5197 incedentes,
904 5132 938 5183 ut
958 5123 1180 5184 concordantias
1202 5130 1253 5182 aut
1274 5139 1368 5182 meras
1390 5128 1445 5181 aut
1465 5121 1638 5181 brevissimo
1668 5124 1880 5183 continuarum

534 5209 779 5272 dhwnmtlarum
798 5212 986 5286 inceptum
1004 5212 1191 5271 fermentatas
1212 5210 1329 5283 faciam,
1353 5225 1410 5268 non
1434 5225 1484 5269 aas
1500 5216 1596 5269 tamen
1612 5216 1753 5285 perpetuo
1776 5220 1881 5273 terrore
