4467 6192
546 660 608 720 sao
1113 663 1117 672 ·
1146 657 1288 728 appendix

544 833 704 915 seeundum
727 836 857 912 aliquam
879 842 1095 917 proportionem
1116 823 1314 915 quantitatum
1328 837 1461 916 ejusdem
1476 839 1591 916 generis
1605 839 1690 910 sumi,
1712 851 1781 896 eum
1797 844 1888 898 101000

543 923 599 982 0101
623 925 653 980 10
675 928 872 999 quantitatum
896 928 1163 1003 comparationibus
1187 928 1357 986 harmoniae
1379 929 1476 987 inesse
1498 940 1556 986 non
1579 927 1702 1000 possint.

632 1009 719 1085 Quod
741 1028 811 1071 vero
835 1016 896 1072 toni
920 1013 1077 1074 musicales
1100 1022 1305 1090 comparantur
1324 1013 1480 1074 0110011000
1502 1021 1532 1073 01
1553 1012 1683 1071 moribus
1704 1011 1841 1090 puhlicis,
1863 1010 1891 1067 id

544 1098 659 1156 ostendi
681 1103 808 1158 maxime
830 1102 963 1161 naturale
986 1119 1050 1160 esse
1071 1110 1107 1161 et
1125 1102 1233 1162 habere
1256 1103 1374 1160 modum
1397 1113 1520 1178 causoe;
1545 1099 1596 1159 abi
1619 1102 1776 1158 000001000
1800 1105 1890 1158 textus

544 1185 716 1244 Ptolemaioi
746 1183 854 1246 adduxi
884 1187 1126 1265 philosophorum
1154 1184 1301 1248 rariorum
1324 1191 1434 1266 placitu
1463 1190 1501 1248 de
1523 1189 1698 1264 cognatione
1721 1188 1891 1258 animorum,

543 1287 729 1332 numeromm
752 1281 781 1332 er
803 1275 1017 1335 harmoniarum
1041 1280 1116 1336 inter
1139 1293 1180 1352 00,
1205 1279 1310 1353 quibus
1333 1283 1362 1337 et
1385 1275 1533 1354 epilogum
1555 1277 1612 1334 mei
1627 1274 1693 1333 libri
1708 1273 1746 1332 V.
1762 1273 1891 1348 adjunxi.

547 1359 588 1418 Et
609 1359 690 1436 quod
712 1366 884 1421 nominatim
908 1367 1013 1423 attinet
1036 1366 1156 1425 effectus
1179 1373 1313 1424 tonorum
1337 1367 1365 1422 in
1388 1365 1542 1425 movendis
1560 1363 1665 1422 animis
1688 1361 1892 1432 diversimode,

542 1445 623 1506 illam
652 1452 803 1508 materiam
821 1451 1089 1527 'ego-complexus
1117 1470 1183 1510 sum
1210 1449 1351 1528 peculiari
1380 1468 1443 1528 cap.
1477 1453 1526 1512 15.
1555 1450 1622 1510 libri
1649 1451 1712 1508 mei
1739 1445 1793 1506 iii.
1844 1448 1892 1506 Sic

542 1534 623 1611 quod
645 1538 749 1595 attinet
774 1537 920 1613 justitiam
943 1537 1184 1599 commutativam
1208 1540 1484 1615 distributivamque
1512 1547 1541 1598 01
1563 1538 1721 1596 amicitiam
1751 1545 1781 1594 et
1804 1549 1892 1595 0000-

542 1625 660 1681 000100
681 1632 770 1699 atque
791 1625 929 1701 politica,
960 1626 995 1685 de
1019 1628 1075 1686 hac
1098 1630 1235 1701 materia,
1268 1635 1413 1702 quatenus
1436 1630 1465 1684 in
1490 1627 1526 1684 iis
1547 1624 1668 1685 valeant
1690 1625 1892 1702 proportiones

542 1712 687 1788 musicae,
714 1711 768 1770 ieci
797 1713 1006 1788 digressionem
1039 1718 1068 1773 in
1097 1714 1155 1775 iin‘e
1181 1718 1239 1775 mai
1268 1714 1320 1774 lib.
1350 1713 1405 1774 iii.
1451 1714 1586 1789 Denique
1615 1714 1766 1770 materiam
1799 1713 1891 1788 ipsam

541 1800 695 1873 praemissi
722 1800 787 1875 jam
815 1803 919 1875 capitis
950 1803 978 1860 3.
1003 1804 1091 1875 014,
1124 1811 1154 1862 01
1176 1820 1252 1878 quae
1285 1801 1321 1862 de
1346 1803 1378 1876 5,
1413 1803 1447 1876 6,
1482 1803 1510 1860 i.
1540 1801 1570 1858 in
1598 1815 1705 1876 genere
1737 1813 1810 1858 vere
1837 1798 1891 1858 dici

540 1893 713 1961 potuerunt,
743 1886 914 1963 complexus
943 1905 999 1963 ego
1028 1906 1093 1947 snm
1124 1891 1217 1950 tribue
1246 1891 1346 1966 primis
1375 1896 1405 1949 et
1426 1901 1539 1948 rursum
1567 1889 1691 1964 septimo
1714 1891 1813 1962 capite
1836 1889 1890 1945 mei

542 1973 608 2030 libri
639 1972 698 2044 iv,
733 1975 784 2032 ubi
813 1975 959 2051 explicata
998 1980 1160 2036 animorum
1191 1985 1297 2036 natura
1328 1974 1459 2049 ostendi,
1498 1973 1738 2051 quandoquidem
1763 1974 1892 2033 circulus

540 2062 716 2136 geometrice
739 2070 835 2119 000100
858 2079 911 2139 per
932 2065 1149 2142 inscriptionem
1173 2064 1331 2141 figurarum
1346 2064 1510 2141 planarum,
1534 2061 1752 2140 comparatione
1766 2064 1893 2137 partium

540 2165 607 2205 oum
631 2156 712 2219 toto,
745 2149 865 2208 definiat
887 2167 955 2210 vere
978 2160 1007 2210 et
1028 2155 1144 2228 proprie
1166 2154 1369 2228 proportiones
1394 2153 1593 2224 harmonicas,
1622 2152 1652 2207 in
1675 2150 1782 2208 animis
1805 2151 1893 2224 igitur

541 2234 692 2294 essentiali
715 2235 843 2310 quadam
874 2241 986 2296 ratione
1010 2241 1104 2300 inesse
1130 2241 1269 2299 circulum
1296 2240 1456 2298 formaliter
1478 2247 1507 2296 et
1529 2238 1675 2298 abstracte
1704 2251 1762 2294 non
1787 2253 1806 2294 0
1829 2253 1893 2295 ma-

541 2325 614 2381 teria
637 2329 766 2396 tantum,
799 2323 964 2384 sedetiam
995 2327 1033 2385 ab
1057 2330 1121 2403 ipsu
1145 2322 1361 2404 quodammodo
1389 2323 1553 2402 quantitate
1583 2323 1772 2384 materialiter
1793 2327 1893 2382 consi-

541 2410 659 2485 derata,
692 2426 782 2486 quare
811 2429 877 2471 cum
907 2415 1015 2473 circulo
1038 2417 1134 2473 inesse
1166 2417 1324 2474 inanimis
1351 2421 1381 2473 et
1403 2415 1585 2486 harmonias,
1615 2421 1646 2472 et
1671 2411 1749 2471 hano
1772 2427 1893 2471 oausam

545 2512 625 2572 esse,
658 2513 709 2557 cur
738 2500 827 2557 animi
856 2510 1042 2560 moveantur
1056 2503 1230 2578 harmoniis,
1262 2501 1314 2560 sed
1342 2501 1416 2561 hacc
1446 2504 1544 2560 omnia
1572 2503 1602 2557 in
1631 2515 1738 2574 genere
1768 2506 1891 2571 tantum,

540 2584 623 2643 nulla
645 2595 843 2662 consequente
866 2589 1049 2649 causatione*
1059 2591 1274 2649 distributionis
1297 2591 1385 2649 animi
1413 2592 1442 2648 in
1465 2588 1620 2648 facultates
1644 2585 1798 2663 speoialss.
1844 2586 1893 2647 Sir

540 2673 628 2749 igitur
649 2672 741 2733 habet
762 2691 808 2734 res
830 2691 896 2733 cum
920 2678 1024 2736 animis
1047 2677 1193 2739 humanis.
1277 2683 1278 2688 ’
1877 2683 1881 2690 ’

627 2758 714 2835 Quod
733 2753 880 2822 motiones
908 2764 1050 2824 coelestes
1072 2768 1190 2836 attinet,
1221 2763 1407 2824 Ptolemaeus
1436 2762 1503 2822 libri
1526 2765 1570 2820 sui
1594 2760 1649 2819 llI.
1674 2777 1737 2838 cap.
1764 2762 1784 2819 8
1808 2775 1890 2820 com·

540 2854 625 2924 parat
646 2848 799 2908 zodiacum
821 2865 887 2909 cum
909 2859 1069 2927 systemate
1091 2869 1143 2911 seu
1167 2850 1246 2910 scala
1262 2853 1389 2926 musica;
1413 2852 1508 2928 capite
1532 2852 1560 2909 ii.
1583 2849 1793 2936 consonantias
1809 2851 1890 2926 ipsas

540 2952 605 2993 cnm
628 2939 797 3012 aspectibus
819 2937 1012 3015 planetarum.
1057 2939 1116 2998 Η10
1147 2938 1261 2998 ostendi
1284 2957 1355 3014 ego,
1385 2938 1491 3014 quibus
1514 2940 1542 2995 in
1565 2937 1697 3015 partibus
1720 2953 1827 2996 manca
1850 2939 1889 2996 011

541 3022 673 3082 doctriua
700 3023 736 3082 de
763 3026 930 3101 aspectibus
958 3026 1037 3102 apud
1060 3026 1280 3100 Ptolemaeum,
1311 3033 1340 3086 et
1368 3023 1515 3102 quomodo
1543 3026 1737 3100 integratione
1766 3027 1890 3095 numeri,

539 3109 607 3168 hinc
629 3119 816 3188 aspectuum,
849 3113 917 3172 inde
939 3117 1210 3186 consonantiarum,
1241 3121 1382 3191 appareat
1404 3113 1522 3172 tandem
1544 3111 1686 3171 naturalis
1709 3118 1739 3170 et
1761 3112 1891 3171 00000110

539 3197 642 3257 harum
665 3215 760 3258 rerum
776 3202 933 3261 connexio.
979 3203 1032 3260 Est
1053 3209 1152 3261 antem
1175 3202 1249 3262 haec
1271 3204 1399 3278 genuina
1421 3201 1543 3260 materia
1565 3201 1622 3259 mei
1643 3198 1711 3258 libri
1725 3199 1780 3260 IV.
1803 3215 1890 3276 prae·

539 3287 639 3344 sertim
661 3303 724 3364 cap.
750 3289 785 3359 4,
811 3289 843 3358 5,
869 3290 898 3347 6.

627 3373 730 3450 Capite
757 3376 805 3435 10.
829 3373 1017 3435 Ptolemaeos
1036 3395 1076 3437 ex
1097 3383 1180 3436 motu
1202 3373 1339 3451 planetae
1363 3374 1401 3433 ab
1417 3380 1482 3432 ortu
1504 3375 1685 3433 inscensum
1706 3373 1780 3433 10011
1795 3389 1892 3449 quan·

542 3457 610 3517 dam
632 3460 809 3530 melodiam,
837 3479 899 3538 cap.
926 3466 975 3522 11.
1008 3480 1044 3522 ex
1066 3472 1147 3523 motu
1170 3479 1241 3524 vero
1263 3463 1446 3540 planetarum
1469 3463 1504 3519 iu
1531 3461 1623 3519 altum
1654 3468 1683 3519 et
1713 3461 1891 3536 profundum

540 3547 613 3606 10011
632 3557 879 3624 genera-cantus,
904 3567 969 3628 cap.
996 3553 1105 3611 11.οκ
1127 3560 1208 3609 motu
1231 3553 1261 3608 in
1284 3549 1377 3609 latera
1399 3551 1567 3624 sequuturis
1595 3549 1665 3608 iacit
1690 3549 1891 3608 diversitatem

539 3642 676 3694 tonorum
697 3637 890 3710 musicalium,
915 3653 979 3715 cap.
1005 3640 1053 3696 13.
1077 3657 1112 3698 ex
1136 3639 1226 3698 variis
1248 3637 1526 3712 configurationibus
1541 3635 1724 3711 planetarum
1738 3651 1805 3694 eum
1823 3635 1892 3696 Sole

539 3722 611 3781 iacit
639 3725 722 3781 varis
752 3725 920 3800 systematis
942 3725 1137 3785 tetrachorda.
1182 3726 1218 3783 In
1240 3725 1285 3783 his
1308 3727 1328 3782 4
1352 3725 1497 3799 capitibus
1522 3723 1650 3794 ostendi,
1682 3722 1890 3783 Ptolemaeum

540 3810 688 3870 luxuriare
710 3814 846 3870 exercitio
870 3813 1057 3889 comparandi
1079 3813 1196 3891 poiitico
1219 3811 1266 3872 rel
1290 3814 1433 3884 oratorio,
1465 3827 1530 3869 cnm
1553 3827 1604 3882 00,
1627 3821 1703 3885 quae
1726 3819 1890 3887 comparat,

537 3914 599 3956 non
622 3900 681 3957 sint
704 3902 732 3956 in
756 3899 838 3978 coelo
859 3900 960 3973 realia,
985 3896 1112 3979 excepta*
1124 3899 1273 3976 particula
1296 3907 1359 3976 cap.
1387 3902 1441 3970 li,
1458 3913 1552 3973 quam
1575 3897 1612 3955 ad
1631 3898 1686 3956 tria
1711 3897 1816 3957 ultima
1839 3915 1891 3957 oa·

538 3987 603 4061 pita
624 3985 662 4043 ad
685 3988 887 4061 cognationem
910 3989 1049 4047 materiae
1071 3987 1141 4048 volo
1164 3987 1310 4062 rejectam.
1356 3983 1606 4059 ostendissem,
1639 3985 1686 4044 hic
1709 3989 1819 4060 partim
1843 3988 1892 4043 in-

540 4074 750 4149 comparabilia
773 4064 949 4152 comparare,
972 4075 1149 4135 reclamante
1172 4081 1404 4153 comparatorum
1424 4080 1538 4143 natura,
1562 4074 1676 4150 partim,
1699 4089 1778 4148 quae
1793 4076 1893 4132 omni·

539 4161 596 4219 bus
622 4162 759 4221 membris
788 4162 973 4240 respondent,
1002 4163 1197 4223 accidentaria
1227 4161 1347 4232 saltem,
1378 4157 1436 4218 non
1459 4175 1528 4220 vero
1556 4177 1592 4219 ax
1622 4159 1751 4236 alicuius
1782 4177 1892 4221 000000

460 4264 462 4273 ·
541 4251 717 4308 necessitate
740 4249 906 4310 cohaerere.
953 4249 1106 4310 Hactenus
1129 4253 1225 4326 igitur·
1239 4248 1312 4308 nihil
1333 4247 1381 4308 rel
1395 4263 1510 4327 parum,
1533 4247 1611 4324 quod
1635 4263 1701 4306 curn
1722 4251 1799 4308 meis
1822 4248 1895 4308 har·

540 4339 645 4396 moniis
669 4336 845 4396 coelestibus
868 4340 1033 4398 conveniat.

628 4424 669 4483 At
690 4441 760 4484 rero
784 4441 909 4500 sequens
932 4443 995 4502 cap.
1022 4425 1070 4482 14.
1093 4421 1258 4482 Ptolemaei
1279 4422 1418 4500 proponit
1439 4422 1592 4496 inquirere,
1614 4423 1709 4493 justo
1729 4431 1807 4497 qrsbs
1830 4439 1895 4480 nu·

539 4527 636 4571 0010000
662 4515 780 4586 primos
806 4517 984 4588 comparari
998 4515 1125 4588 'possim
1154 4517 1221 4569 soni
1248 4513 1415 4586 systematis
1451 4525 1504 4568 seu
1530 4509 1630 4567 000100
1658 4513 1794 4568 mosaicos
1823 4527 1894 4568 casn

540 4599 673 4674 sphaeris
701 4595 811 4674 primis
839 4603 874 4658 in
903 4607 1059 4675 0001000010
1082 4599 1268 4676 planetas-io.
1312 4596 1371 4655 Hic
1398 4611 1454 4672 ego
1482 4595 1609 4667 ostendi,
1639 4599 1895 4674 comparationem

541 4685 712 4746 Ptolomaeo
736 4695 765 4746 01
788 4686 994 4764 Pythagoricis
1016 4689 1046 4746 in
1068 4704 1124 4745 000
1146 4687 1256 4744 0011010
1270 4686 1450 4745 astronomia
1472 4682 1562 4742 luisse
1579 4683 1801 4760 impossibilem,
1825 4684 1898 4744 lieet

540 4776 714 4833 tentaverim
736 4773 849 4850 aliquid
871 4776 1020 4852 principiis
1042 4771 1231 4832 Ptolemaicis
1253 4779 1480 4831 consentaneum
1504 4767 1699 4842 comminisci,
1731 4777 1765 4829 01
1786 4773 1833 4831 ita
1855 4773 1896 4830 ti·

538 4862 603 4920 tulo
625 4859 705 4920 nudo
732 4878 803 4920 snos
826 4869 979 4922 contextus
1001 4860 1183 4922 subderetur.
1229 4857 1350 4919 Ostendi
1381 4861 1485 4931 etiam,
1515 4871 1581 4917 cnm
1602 4861 1715 4934 primae
1747 4857 1896 4936 sphaerae

540 4947 755 5024 quantitatibus
777 4951 838 5007 suis
861 4957 1003 5030 00001001,
1026 4963 1084 5007 000
1108 4950 1204 5006 minus
1220 4939 1307 5023 quani
1324 4943 1448 5006 chordae
1464 4948 1526 5004 suis
1540 4945 1782 5022 longitudinibus,
1800 4963 1896 5024 opor·

541 5038 632 5094 tuisse
664 5038 911 5111 comparationem
943 5035 1104 5097 secundnm
1137 5036 1315 5112 quantitates
1349 5035 1476 5106 institui,
1511 5049 1576 5093 cum
1609 5041 1708 5094 tumen
1738 5037 1894 5111 proportio

541 5121 729 5199 sphaerarum
744 5140 762 5182 0
776 5125 964 5200 proportione
978 5123 1152 5186 chordarum
1166 5121 1389 5185 consonantium
1404 5117 1561 5200 plurimum
1575 5121 1746 5183 abhorreat.¹
1780 5121 1895 5185 110000·
